2346 3724
388 144 482 188 392

304 227 322 245 ,ν
357 207 742 253 eo'mmotionequadam
754 206 874 241 animi.
902 218 1005 254 541.
1034 204 1200 242 ADiabo-

358 260 392 293 lo
405 261 502 302 porro
517 259 626 294 omnis
638 259 693 293 illa
706 258 826 291 inflicta
841 258 885 291 est
906 260 1051 292 caecitas.
1126 256 1199 290 ibid.

307 308 454 345 Haereses
467 309 694 354 praenuntiatae.
711 317 724 341 1
739 318 784 342 ιι
795 332 802 338 .
816 317 905 342 12-2-
928 317 1012 352 572.
1041 308 1200 342 Permiflae

304 391 306 393 ,
357 361 399 395 ad
426 361 634 395 excitandam
660 357 819 390 desidiam
842 357 984 390 nostram
1006 381 1017 398 ‚
1042 359 1074 392 ἀ
1101 357 1199 391 fidem

357 410 498 446 nostram
511 406 802 444 manifestandam.
1108 416 1150 455 13.
1171 418 1199 443 1.

314 461 555 502 Haereses,ficut
569 459 603 492 ὅ(
615 457 869 501 persecutiones,
879 457 1161 506 prodeffe.72.1.75
1170 468 1199 490 .1.

356 513 457 547 Varia
485 520 595 543 earum
620 507 769 541 utilitas.
798 508 912 554 1672.
937 508 1049 552 &seq.
1080 510 1201 542 Earum

308 589 312 594 .
356 559 450 597 tanto
461 560 556 594 debet
568 560 630 592 effe
644 557 753 591 minor
765 558 898 592 miratio
912 583 922 599 ‚
948 557 1074 602 quanto
1085 559 1202 593 clarior

304 634 308 637 -
355 609 539 656 praedifflo.
570 617 709 655 57.1.2.
736 607 800 642 Per
826 619 967 654 magnos
984 609 1069 644 viros
1094 610 1201 644 intro-

355 662 479 696 dustae.

304 709 529 748 Haerefiarchae
543 710 655 754 paffim
668 707 819 744 sublimes
833 710 868 743 in
885 709 1030 744 Ecclesia
1050 720 1198 743 montes.

352 764 410 810 58.
421 771 452 797 2
482 761 541 794 sub
565 758 703 804 pellibus
726 760 840 794 ovium
865 760 932 804 lupi
956 770 1103 803 rapaces.
1129 759 1202 792 ibid

354 813 510 846 Oderunt
531 810 739 857 fingulariter
762 809 971 845 orthodoxos
995 810 1200 854 Episcopos.

353 862 455 895 ibid.
547 890 567 895 ..
674 876 678 880 ·

302 910 528 949 Haerefiarchae
551 923 613 957 pax
636 923 703 946 non
715 912 760 946 est
786 911 964 957 speranda,
994 911 1053 945 nisi
1073 911 1147 946 suos
1161 911 1200 945 se·

355 963 472 998 ductos
500 964 607 996 secum
620 963 804 997 reduxerit.
833 959 911 1007 248.
927 973 960 999 2·
987 962 1204 1007 Berengarius

352 1014 390 1049 in
406 1023 512 1048 morte
524 1012 582 1047 fibi
596 1014 737 1059 graviter
751 1014 844 1048 timet
857 1022 987 1056 propter
1011 1023 1092 1051 εοε,
1119 1023 1202 1056 quos

354 1064 544 1098 seduxerat.
1073 1071 1154 1109 249.
1175 1074 1202 1098 1

304 1113 531 1150 Haerefiarchae
563 1113 632 1149 sola
660 1113 853 1150 conceditur
886 1113 969 1148 laica
987 1113 1197 1148 communio.

443 1177 471 1202 1

308 1172 471 1251 Ηέιεῗῐηητ
489 1215 662 1257 simulare,
689 1227 729 1250 an
746 1216 842 1250 liceat
863 1215 904 1250 ad
916 1205 1137 1259 detegendum
1151 1225 1202 1247 ve·

306 1293 319 1310 ·.
351 1277 478 1301 nenum
492 1264 738 1300 haereticorum
771 1265 847 1302 161.
857 1276 884 1300 1.
912 1266 1070 1312 Qaedam
1084 1265 1124 1298 de
1139 1262 1201 1297 hac

308 1335 310 1337 ·
352 1328 387 1350 re
398 1317 549 1358 exempla
571 1315 769 1350 admiranda
792 1315 927 1359 potius,
953 1315 1052 1359 quam
1072 1315 1200 1348 imitan-

353 1366 414 1400 da
1082 1364 1154 1397 ibid.
1166 1373 1198 1400 2..

303 1417 444 1452 Haerefis
464 1415 504 1449 ad
518 1412 604 1455 hoc,
631 1425 667 1449 ut
692 1414 773 1449 fides
786 1412 939 1449 habendo
955 1414 1201 1455 tentationem,

303 1495 306 1498 .
353 1465 849 1508 habeat&probationem.11
857 1477 884 1502 1.
915 1463 969 1499 Ad
993 1465 1094 1499 instar
1105 1464 1202 1500 febris

354 1515 578 1551 abominanda
601 1517 645 1549 est
661 1541 671 1556 ,
697 1527 764 1549 non
777 1515 925 1549 miranda
938 1540 945 1547 .
1103 1524 1156 1561 13.
1169 1526 1199 1551 2.

302 1567 466 1608 Haeresis,
493 1567 527 1600 &
553 1566 697 1600 Schisma
711 1567 883 1609 quomodo
894 1565 1064 1600 differant.
1099 1562 1197 1601 82.1

316 1630 319 1632 ’
355 1627 445 1666 922.
474 1617 609 1650 Hae'relis
630 1616 676 1651 est
700 1615 881 1650 Schismate
905 1616 1070 1650 deterior.
1098 1625 1153 1662 79.
1171 1627 1201 1651 2-

355 1674 446 1715 97.1.
474 1668 562 1701 Inter
585 1667 728 1701 carnalia
758 1666 896 1701 crimina
917 1666 1091 1709 deputatur
1110 1690 1118 1696 .
1144 1675 1200 1713 97.

353 1718 465 1762 Leprae
477 1729 663 1761 comparata
675 1742 684 1750 .

296 1768 443 1803 -Haerelis
457 1769 592 1802 nomine
603 1768 689 1812 apud
706 1767 906 1810 Apostolum
920 1767 954 1801 in
967 1766 1071 1810 prima
1084 1766 1124 1800 ad
1138 1765 1201 1799 Co·

286 1836 327 1853 »a
354 1816 497 1858 sinthios
512 1816 773 1858 Chrysostomus
799 1817 957 1858 intelligit
981 1817 1180 1850 discordiam
1193 1841 1200 1849 .

357 1865 448 1904 80-1-
479 1865 534 1898 Ad
553 1864 770 1907 dogmaticas
792 1863 924 1898 haereses
954 1864 1140 1899 extenditur
1159 1865 1201 1899 ab

310 1944 313 1949 ,
355 1917 429 1950 aliis
452 1912 621 1948 Patribus.
1126 1914 1201 1948 ibid.

303 1966 443 2004 Haerefis
471 1975 539 1998 non
552 1962 754 2007 permittitur
776 1960 794 1995 ὲ
810 1960 906 2001 Deo,
937 1960 994 1995 nifi
1006 1959 1052 1994 ob
1067 1959 1204 1994 demeri-

357 2027 426 2057 ta,
453 2015 487 2050 &
513 2013 691 2048 vindistam
716 2012 968 2056 praecedentium
990 2010 1201 2045 delictorum

446 2077 479 2102 1·

307 2079 479 2156 ngzlis
472 2116 554 2161 quid
579 2115 643 2151 fit?
672 2124 760 2164 952.
788 2113 960 2159 Significat
988 2112 1202 2157 elestionem.

360 2178 440 2206 100-
443 2180 473 2205 2
500 2167 715 2214 Qandoque
729 2165 972 2199 indifferentem
984 2154 1203 2208 significatio-

358 2230 438 2254 nem
450 2217 572 2251 habet.
600 2218 675 2251 ibid.
703 2217 798 2250 Hinc
811 2215 1024 2249 Medicorum
1037 2214 1202 2248 dictantes
1265 2212 1507 2247 Haereticorum
1521 2209 1642 2245 Clerici
1656 2210 1740 2255 vagi.

358 2268 511 2304 haereses.
538 2267 621 2301 ibid.
638 2267 771 2301 Haerelis
781 2264 981 2309 quaelibetin
994 2264 1132 2299 exordio
1153 2273 1204 2297 ru·

307 2348 314 2352 .
358 2320 411 2354 dis
437 2316 968 2361 &erroribuspatentibusplena.
995 2311 1074 2352 282
1086 2324 1117 2348 2.
1145 2313 1202 2347 Se-

360 2371 406 2405 let
430 2368 539 2413 postea
564 2368 730 2411 expoliri.

310 2421 430 2457 Haeres
435 2432 449 2454 s
461 2430 569 2453 veram
577 2417 758 2454 doctrinam
771 2417 884 2479 nequit
892 2415 1089 2451 antecedere.
1093 2423 1204 2459 2402.
1248 2418 1249 2421 ’

362 2472 398 2506 δε
414 2471 478 2514 seq
499 2469 641 2504 indubie
656 2468 805 2513 regnavit
815 2469 832 2501 ὲ
845 2465 1050 2511 temporibus
1063 2464 1206 2507 Aposto-

363 2522 490 2556 lorum.
520 2531 600 2567 259.
595 2530 634 2555 ..2
661 2517 876 2554 clandestine
887 2527 1019 2551 tamen
1071 2513 1149 2550 260.
1178 2523 1206 2548 1.

313 2570 452 2605 Haerefis
466 2581 540 2603 vera
557 2571 591 2604 in
605 2569 757 2603 humanis
770 2568 934 2602 mentibus
958 2566 1037 2601 facit
1059 2565 1208 2608 spiritua-

365 2621 411 2654 lia
423 2620 536 2654 idola·
562 2622 640 2667 314
648 2628 675 2654 1
696 2619 740 2653 .&
763 2620 828 2662 seq.
857 2617 912 2652 Ab
936 2615 1130 2651 Idololatria
1141 2625 1208 2648 non

365 2670 485 2715 distat.
983 2666 1056 2699 ibid.
1086 2675 1163 2712 370.
1179 2675 1210 2700 2.

317 2703 476 2756 Haeretici
489 2716 529 2752 ad
541 2716 799 2761 disputationem
812 2715 854 2750 de'
865 2714 1037 2759 Scripturis
1057 2726 1125 2748 non
1137 2715 1211 2750 sunt

367 2767 576 2806 admittendi.
594 2769 673 2804 162
675 2777 693 2803 1
718 2767 786 2810 Ξ64
796 2776 821 2800 Ξ
833 2765 943 2808 &seq.
968 2764 1097 2823 Excipe
1109 2775 1213 2807 quan-

368 2820 414 2854 do
423 2819 581 2853 damnum
594 2814 730 2861 aliquod
742 2824 784 2850 ex
792 2815 899 2849 nostra
913 2815 1138 2850 taciturnitate
1147 2826 1214 2849 me·

369 2871 511 2906 tuimus.
542 2868 634 2914 Ξ65..Ξ
663 2866 757 2900 Solus
770 2865 910 2909 probus,
923 2865 1090 2912 eruditus,
1099 2875 1137 2900 ac
1148 2865 1212 2900 ele>

370 2932 473 2965 quens
485 2917 570 2953 adid
582 2916 726 2952 muneris
736 2915 960 2950 admittendus
969 2915 1024 2949 est.
1047 2907 1120 2950 ibid.
1149 2915 1215 2949 Ex·

369 2971 526 3015 pediatne
550 2979 662 3003 coram
692 2966 797 3001 Laico
819 2965 927 3009 judice
952 2965 985 3000 id
1006 2966 1076 2999 fieri
1094 2966 1112 2997 ?
1137 2966 1211 3000 ibid.

321 3020 427 3069 Qod
442 3019 590 3058 Ecclefiae
610 3019 735 3052 sacrum
753 3016 928 3051 Canonem
948 3026 1015 3050 non
1028 3016 1188 3059 recipiant
1200 3040 1212 3056 ,

325 3095 328 3097 -
372 3071 415 3106 ad
436 3068 673 3115 disputandum
694 3079 736 3103 ex
757 3068 853 3102 Sacra
872 3066 1036 3111 Scriptura
1054 3077 1122 3100 non
1136 3067 1210 3101 sunt

373 3119 589 3156 admittendi.
1099 3116 1174 3153 166.
1186 3126 1207 3150 Ξ.

317 3171 480 3207 Haeretici
501 3170 542 3206 ad
551 3169 806 3214 disputationem
829 3167 866 3203 in
879 3165 1095 3204 Generalibus
1107 3167 1219 3210 Syno2

373 3222 424 3257 dis
436 3232 503 3256 non
517 3223 592 3255 sunt
605 3219 819 3254 admittendi.
844 3219 927 3265 165.
941 3227 974 3253 2·
1000 3216 1092 3251 Male
1111 3217 1210 3256 admi·

375 3274 411 3306 fit
423 3270 579 3315 Synodus
597 3270 795 3304 Bafileenfis.
826 3268 896 3305 166.
908 3277 928 3302 Ξ.
954 3266 1082 3302 Frustra
1093 3268 1210 3311 perfa-

374 3321 467 3355 bulas
479 3322 595 3356 nititur
615 3321 646 3354 se
659 3331 856 3365 expurgare.
1096 3334 1099 3337 ¹
1133 3316 1208 3350 ibid.

325 3368 484 3407 Haretici
496 3370 537 3407 ad
547 3369 910 3425 sacra-Christianorum
919 3378 990 3406 nou
999 3365 1144 3418 admisti,
1156 3378 1208 3404 ne-

1112 669 1202 706 75³⁰
1232 687 1237 691 .

1088 1725 1157 1762 105.
1171 1726 1201 1750 2.
1251 1722 1253 1724 ’

894 126 1169 172 INDEX
1239 124 1568 182 Renum,

1313 205 1462 250 quidem
1468 205 1509 240 ad
1523 204 1700 240 videndam
1722 205 1977 246 Eucharistiam.
2008 224 2083 262 332.
2112 226 2143 252 2.

1312 255 1393 291 Non
1405 256 1522 291 debent
1535 255 1600 290 hoc
1610 267 1756 300 tempore
1771 261 1911 300 permitti
1922 262 2026 298 adesse
2048 265 2148 300 Divi·

1314 307 1365 341 nis
1375 307 1510 348 officiis,
1540 306 1649 341 multo
1661 306 1772 341 minus
1783 307 1825 341 ad
1838 308 1904 353 ipsa
1914 312 2106 357 spectanda·
2097 327 2149 350 m.

1312 357 1425 392 vitari.
1865 358 1909 384 '⁶‘
2071 365 2145 399 ibid

1264 407 1420 442 Haetetici
1433 406 1615 442 Christiani
1627 409 1773 442 nominis
1785 408 2002 453 profeffieue
1995 426 2148 450 incautos

1314 458 1454 493 fallunt.
1480 459 1688 506 59.2.&seq.
1717 458 1810 494 Ante
1831 460 2042 500 Constantini
2067 476 2148 501 tem-

1267 546 1272 550 .
1314 518 1393 551 pora
1416 508 1478 543 fuit
1490 509 1556 542 haec
1577 507 1695 543 infelix
1707 508 1844 545 astutia.
1871 510 1944 544 ibid.
1970 513 2148 557 Humiles,

1313 558 1347 591 &
1358 557 1472 592 blandi
1484 582 1493 591 .

1267 609 1422 643 Haeretici
1434 610 1518 643 inter
1529 610 1560 644 se
1570 609 1683 645 divifi.
1712 620 1789 658 359
1783 622 1824 648 --2
1851 575 2150 652 D1v1fi0u133sgau²sa

1314 659 1460 703 superbia
1473 684 1481 692 .
2062 666 2149 701 ibid.

1265 710 1420 744 Haeretici
1446 709 1536 744 nulla
1559 712 1703 746 fecerunt
1733 722 1867 748 cruenta
1889 713 2067 757 Martyria
2073 726 2151 752 ante

1314 759 1517 794 Tertulliani
1532 771 1699 806 tempora.
2052 776 2105 814 72.
2121 778 2151 803 1·

1265 810 1418 845 Haeretici
1443 821 1591 851 omnes,
1623 810 1798 846 scientiam
1822 813 1857 848 ὅτ.
1882 814 2076 858 sapientiam
2109 816 2154 860 ja-

1313 863 1419 895 stant.
1433 871 1452 907 5
1459 872 1487 909 3
1495 872 1522 896 t.
1550 860 1737 905 Sepulchris
1747 862 1905 899 dealbatis
1915 865 2040 899 similes
2075 865 2152 913 64..1

1314 912 1469 954 Nequam
1484 912 1592 946 sensus
1603 912 1678 946 suos
1689 912 1895 949 abscondunt
1917 915 1976 950 sub
1995 914 2154 952 orthodo-

1313 962 1363 995 xis
1374 961 1526 996 vocibus.
1556 961 1647 999 61.1.
1659 963 1764 1008 &seq.
1795 964 1905 1000 Voces
1916 965 2085 1012 eaedernm
2096 978 2154 1002 ore

1313 1010 1539 1047 haereticorum
1552 1013 1698 1058 suspestae
1706 1036 1718 1054 ‚
1738 1025 1808 1049 non
1820 1015 1898 1050 item
1912 1015 1947 1051 in
1959 1026 2016 1051 ote
2030 1016 2156 1052 Catho-

1306 1061 1476 1096 licorum.
2075 1067 2150 1100 ibid.

1265 1112 1422 1146 Haeretici
1433 1112 1568 1146 Pseudo·
1573 1113 1765 1158 Prophetae,
1787 1115 1821 1149 &
1833 1115 1925 1150 Anti·
1929 1116 2063 1151 Christi.
2068 1117 2123 1165 67.
2127 1129 2151 1151 Ξ.

1313 1161 1801 1206 Praeeipueooetores.ab1d..2
1828 1165 1911 1199 Non
1933 1166 2008 1200 sunt
2032 1168 2155 1210 princi-

1313 1212 1394 1257 palis
1406 1212 1436 1252 A
1444 1212 1503 1246 nti-
1494 1211 1676 1248 Christus.
2080 1216 2154 1250 ibid.

1266 1262 1417 1297 Haeretici
1433 1263 1581 1307 quamvis
1595 1264 1680 1297 inter
1691 1263 1722 1297 se
1733 1261 1960 1308 discrepantes,
1971 1265 2030 1300 fibi
2041 1276 2153 1301 tamen

1314 1314 1456 1348 invicem
1468 1314 1742 1350 communicant.
1754 1311 1897 1363 338.1.2.
1924 1316 2013 1350 luter
2025 1318 2155 1351 secon-

1314 1374 1452 1398 veniunt
1462 1363 1502 1398 ad
1515 1364 1795 1410 expugnationem
1815 1367 1981 1400 veritatis.
2010 1377 2088 1415 339.
2120 1377 2154 1402 2·

1314 1416 1442 1449 Omnes
1459 1424 1605 1449 tument.
1633 1414 1706 1447 ibid.
1732 1415 1858 1450 Omnes
1871 1415 2040 1451 scientiam
2060 1411 2155 1461 polli-

1313 1475 1446 1499 centur.
2026 1476 2104 1516 340
2120 1477 2154 1503 2

1265 1516 1420 1550 Haeretici
1441 1514 1602 1558 symbolo
1615 1515 1812 1563 Apostolico
1824 1517 2153 1564 confutati-152-1-

1263 1566 1416 1601 Haeretici
1429 1577 1504 1600 vera
1523 1577 1590 1600 non
1603 1568 1728 1609 patrant
1740 1566 1916 1603 miracula.
1932 1565 2008 1615 380
2015 1577 2042 1603 1
2071 1567 2157 1601 Non

1310 1616 1438 1651 faciunt
1447 1626 1487 1649 ex
1499 1616 1639 1650 mortuis
1653 1617 1757 1657 vivos,
1772 1617 1825 1651 sed
1838 1629 1879 1652 ex
1891 1617 1975 1651 vivis
1988 1625 2156 1652 mortuos.

1312 1667 1385 1699 ibid.
1412 1668 1539 1701 Omnes
1550 1677 1669 1700 tamen
1666 1667 1913 1702 miraculorum
1934 1667 2158 1711 patrationem

1313 1716 1478 1751 affeetant.
1505 1715 1583 1763 256.
1587 1726 1617 1751 2
1647 1714 1751 1754 282..1
1781 1727 1888 1765 379..2.
1918 1717 2155 1752 Exaudiuntur

1314 1766 1450 1801 subinde
1465 1778 1533 1800 non
1556 1768 1598 1801 ad
1613 1766 1796 1810 faciendas,
1824 1764 1878 1802 sed
1891 1767 1931 1803 ad
1947 1767 2157 1811 accipiendas

1313 1818 1433 1861 gratias
1454 1816 1687 1851 curationum
2038 1813 2116 1865 381
2119 1826 2155 1851 2

1263 1867 1449 1905 Haeretici,
1477 1866 1589 1898 utrum
1608 1865 1804 1898 admittendi
1826 1866 1890 1900 fint
1913 1865 1955 1900 ad
1981 1865 2156 1918 publicum

1274 1915 1376 1950 Dei
1391 1913 1525 1948 verbum
1536 1912 1762 1946 audiendum?
1913 1925 1997 1962 321
1990 1924 2029 1952 -z-
2044 1916 2085 1950 δε
2092 1914 2158 1958 seq.

1262 1960 1419 1995 Haeretici
1441 1965 1578 1994 utuntur
1598 1957 1704 1991 verbis
1726 1957 1819 1992 fidei
1825 1962 1924 1994 more*
1936 1963 2156 2000 Medicorum

1313 2021 1372 2055 pro
1396 2008 1658 2048 commoditate,
1687 2007 1782 2041 aliter
1803 2008 1882 2043 sese:
1888 2008 1938 2043 ad
1946 2006 2158 2048 affectiva-:m

1311 2060 1488 2099 ratione-m,
1503 2059 1537 2093 δε
1547 2057 1737 2095 varietatem
1749 2059 2046 2094 accommodantes.
2062 2060 2161 2100 62.ss

1317 2110 1519 2155 Coguntur,
1545 2120 1615 2143 non
1629 2108 1759 2143 tantum
1772 2108 1867 2143 verba
1877 2133 1890 2151 ‚
1910 2109 1965 2145 sed
1977 2110 2078 2146 etiam
2092 2112 2160 2147 sen·

1315 2162 1385 2196 sum
1410 2159 1594 2194 verborum
1602 2159 1776 2203 profiteri.
2078 2162 2156 2197 ibid.

1993 2211 2122 2260 366
2125 2224 2160 2250 2

1265 2262 1505 2297 Haereticornm
1530 2270 1607 2295 cum
1619 2259 1753 2295 curiosis
1765 2259 1920 2296 omnibus
1938 2264 2154 2297 commercia.
2199 2283 2201 2285 -

1318 2315 1430 2360 367.1.
1458 2311 1492 2345 δε
1509 2312 1571 2354 seq.
1601 2311 1690 2345 Cum
1703 2310 1836 2356 Magis.
1998 2326 2000 2328 ·
2038 2311 2111 2346 ibid.
2125 2322 2158 2347 2.

1131 2363 1204 2398 ibid.
1269 2363 1507 2399 Haeretieorum
1534 2361 1692 2406 dogmata
1717 2361 1758 2396 ad
1786 2360 2076 2405 disputationem,
2084 2369 2161 2396 aut

1323 2411 1586 2448 Ecclefiasticum
1607 2421 1743 2446 examen
1759 2422 1827 2446 non
1839 2413 1913 2447 sunt
1932 2411 2156 2449 admittenda.

1325 2473 1379 2499 ιο.
2035 2481 2037 2483 ·

1272 2513 1512 2548 Haereticorum
1541 2512 1701 2548 librorum
1721 2512 1818 2548 1εᾶΞο
1830 2513 1955 2555 semper
1967 2489 2159 2547 interdiaa.

1322 2562 1378 2607 78-
1383 2577 1412 2601 2
1441 2563 1534 2598 Varii
1550 2575 1604 2608 per
1616 2560 1803 2607 hujusmodi
1813 2561 1971 2597 librorum
1987 2562 2161 2598 lectionem

1324 2614 1465 2649 seducti.
1510 2621 1512 2623 ’
1976 2624 1980 2630 ‘
2025 2624 2029 2641 ὲ
2086 2610 2164 2646 ibid

1273 2664 1516 2699 Haereticorum
1538 2662 1686 2707 nequitia
1707 2640 1833 2698 summa
1857 2662 2003 2698 Ecclefiae
2017 2663 2164 2706 persecu·

1325 2714 1396 2749 tio.
1423 2711 1513 2750 68.1.
1541 2714 1667 2747 Eorum
1681 2712 1905 2748 blandimenta
1920 2714 1995 2747 sunt
2007 2713 2074 2757 ipsa
2085 2723 2164 2757 per·-

1324 2764 1493 2799 secutione
1504 2763 1597 2799 Anti
1601 2762 1775 2798 christ1ana
1789 2763 2030 2807 periculosiora.
2056 2762 2114 2811 69·
2130 2772 2162 2800 1-

1274 2815 1514 2850 Haeretieorum
1524 2812 1691 2854 studium,
1720 2824 1790 2848 non
1800 2813 1950 2848 Gentiles
1971 2822 2164 2849 convertere

1323 2865 1377 2900 sed
1389 2863 1601 2899 Christianos
1608 2864 1818 2899 subvertere.
1845 2874 1921 2931 309
1915 2874 1955 2901 1·
1980 2863 2038 2900 Ad
2059 2863 2166 2907 dispu-

1323 2914 1464 2950 tandum
1497 2915 1663 2959 pruriunt.
2088 2913 2164 2947 ibid.

1275 2965 1512 3000 Haereticorum
1535 2964 1674 3000 vitanda
1695 2964 1853 3005 societas,
1875 2965 1913 3000 δε
1934 2962 2163 3000 communio&

1326 3023 1438 3052 200-l.
1467 3014 1590 3064 3361
1618 3016 1725 3059 &seq.
1752 3014 1954 3051 Orthodoxi
1964 3015 2078 3050 fideles
2097 3022 2161 3049 mu·

1324 3068 1455 3101 luerunt
1475 3065 1614 3100 exilium
1639 3090 1651 3107 ,
1683 3065 1754 3099 imo
1774 3074 1912 3100 mortem
1934 3064 2002 3110 pati
2026 3090 2037 3108 ,
2064 3065 2159 3110 quim

1324 3115 1483 3151 haereticis
1494 3116 1742 3150 communicare
1755 3111 2160 3160 Episcopis.200.2.it‹1ec

1325 3165 1528 3211 hospitalitas
1541 3166 1611 3209 ipsis
1624 3164 1827 3203 exhibenda.
1859 3175 1898 3214 33
1884 3164 1979 3208 361-
1993 3166 2065 3200 Nec
2076 3161 2161 3194 lttte

1326 3229 1366 3252 rae
1388 3217 1689 3251 communicatoriae
1713 3214 1752 3251 ad
1773 3217 1858 3260 ipsos
1872 3213 2054 3251 mittendae·
2079 3209 2158 3243 ibid.

1323 3267 1426 3303 Nec‘
1417 3279 1454 3302 Ξιι
1474 3266 1567 3301 civili
1578 3267 1714 3302 materia
1736 3278 1814 3301 cum
1833 3267 1904 3311 ipsis
1913 3260 2156 3298 communican-

1322 3317 1420 3352 dum.
1447 3327 1469 3364 3
1479 3315 1529 3365 36.
1533 3329 1564 3354 2-
1589 3316 1710 3363 Longe
1719 3317 1828 3355 minus
1841 3323 1917 3350 cum
1929 3312 2001 3357 ipfis
2012 3308 2159 3355 psallere,

1320 3377 1379 3404 aut
1400 3377 1492 3403 orare
1508 3366 1659 3403 licitum.
2083 3358 2164 3393 ibit&

2002 3409 2114 3445 Haere·
