2346 3724
690 167 731 211 C

161 248 221 298 pes'
237 250 354 288 auferri
374 246 530 294 supplicat
552 246 744 284 Ambrosius
756 274 767 291 ,
793 260 850 285 aut
867 248 1043 283 Clericatui

161 304 276 339 saltem
287 300 422 336 concedi
436 299 644 344 privilegium
664 311 792 335 armatae
804 300 930 334 militiae
940 323 951 340 ,
977 310 1047 343 quae

163 354 263 389 certis
281 351 368 396 gesta
379 350 500 384 annisa
513 350 613 384 Curia
627 350 783 384 liberabat
797 374 815 383 ..
833 350 960 384 Verum
978 359 1047 382 non

164 403 311 438 obtinuit
330 425 341 442 ,
366 400 425 434 nisi
452 400 558 434 levem
591 399 851 435 moderationem
872 425 879 432 .
910 398 1047 433 Plurimi

163 454 254 490 enim
276 450 465 496 posteriores
485 450 641 485 Canones
661 449 846 485 constanter
870 447 977 484 adhuc
997 460 1047 483 ve·

163 514 255 544 tant,
284 513 326 535 ne
347 501 418 545 quis
432 500 583 535 -Curialis
604 499 772 535 ordinetur
791 525 798 532 .
830 500 971 534 Ecclesia
992 500 1049 533 du-

801 182 829 209 A
899 181 922 208 1’
991 177 1007 207 I

164 553 244 588 dum
256 563 297 587 ex
310 551 428 596 Magni
452 551 665 585 Constantini
686 550 759 596 lege
775 550 942 585 ordinavit
963 549 1059 584 solos·

164 613 336 648 pauperes,
362 600 531 645 quibusad
554 601 663 635 Curiae
675 600 840 635 servitium
851 601 960 635 deerat
982 600 1050 634 ido-

163 665 226 688 nea
252 652 403 686 facultas.
432 652 475 685 Et
496 649 586 685 hunc
597 649 739 685 omnino*
750 651 881 695 scopum
893 652 977 685 dicta
996 651 1050 684 lex

164 704 325 747 respexit.
354 700 493 735 Avitum
516 701 667 735 Ecclefiae
690 711 814 736 morem
826 702 1049 736 confirmavits

164 752 272 788 Porro
293 750 468 792 Haeretici,
495 751 544 785 uti
567 751 699 785 Divinae
724 751 890 795 Majeflati
911 775 922 792 ‚
950 753 994 785 ita
1016 751 1050 784 &

164 804 225 837 suo
245 803 280 836 in
302 792 393 836 terris
418 800 564 845 Principi
607 801 720 845 paffim
740 801 898 835 rebellant
923 813 931 833 ε
959 801 1051 834 Hinc

164 853 254 897 quod
267 851 416 886 Curiales
425 851 614 886 ordinarent
623 873 633 890 ‚
656 862 753 896 atque
764 851 808 885 ita
821 852 964 895 ipsorum
976 861 1050 895 gen*

165 904 240 938 tiles
250 900 398 936 civitates
410 911 478 942 ,·ac
489 901 576 944 ipsos
587 901 760 935 Romanos
774 901 941 945 Principes
952 901 1051 934 offen-

165 952 280 987 derent
300 952 459 996 graviter,
488 952 570 985 &in
592 962 706 985 omnes
719 950 1051 986 Christianosincita·

164 1012 239 1036 rent
258 1024 270 1041 ,
295 1001 350 1035 hic
374 998 492 1036 merito
522 1002 669 1045 queritur
701 1001 880 1044 Septimius
899 1025 906 1032 .
929 996 1050 1047 -Qod

165 1051 256 1086 enlm
267 1052 417 1086 civitates
427 1051 613 1086 invitissimo
625 1050 794 1094 perderent
806 1050 880 1082 suos
892 1047 1051 1087 Curiales,

166 1102 199 1135 ἃ
221 1100 448 1134 ferventiffime
471 1109 651 1143 repeterent
671 1123 684 1141 ,
712 1098 796 1142 apud
821 1109 937 1133 omnes
961 1098 1052 1132 istius

166 1150 244 1195 juris
261 1157 318 1183 aut
339 1148 500 1183 servitutis
514 1148 646 1191 ,peritos
666 1148 711 1183 est
733 1148 940 1183 manifestum
965 1174 972 1181 .
999 1149 1053 1182 De
1075 1151 1080 1194 ᾗ

166 1199 307 1244 publicis
324 1199 469 1241 ipsorum
493 1198 718 1235 funffionibus
736 1197 803 1233 haec
828 1200 862 1232 in
886 1198 1052 1233 litterisad
1078 1200 1079 1203 ’

167 1252 320 1285 Sanctum
332 1247 531 1286 uictricium<
539 1248 845 1294 Rothomagensem
855 1249 1052 1292 Episcopum

168 1299 322 1344 adjungit
343 1298 496 1332 laudatus
507 1298 593 1342 Papa
616 1299 847 1333 Innocentius:
868 1297 995 1338 vConstat
1005 1310 1052 1332 eos

169 1357 201 1384 in
225 1349 293 1392 ipsis
313 1353 534 1384 muniteetiam
560 1350 730 1391 voluptates
750 1348 909 1389 exhibere,
934 1360 1011 1391 quas
1033 1350 1053 1381 ἃ

169 1399 293 1434 Diabolo
303 1399 511 1442 inventareffe
522 1410 579 1432 non
590 1400 712 1432 dubium
724 1399 763 1438 es}
773 1423 785 1440 ,
809 1400 988 1435 &ludorum
1006 1400 1059 1432 vel

169 1459 323 1484 munerum
344 1448 546 1491 apparatibus
576 1451 629 1482 vel
642 1449 761 1492 praeeffe
784 1474 795 1490 ,
821 1450 875 1484 vel
906 1449 1034 1492 interesse
1048 1473 1055 1481 .

11 1332 86 1372 Cap.
107 1341 152 1363 11.

171 1549 206 1584 di
229 1549 417 1582 Toletanae.
443 1546 559 1582 Multae
579 1548 686 1593 igitur.
702 1548 899 1583 Idololatriae
911 1548 1056 1592 periculo

170 1599 306 1642 expositi
330 1607 422 1632 erant
444 1597 594 1644 Cui-iales
618 1597 676 1632 sub
687 1597 830 1643 paganis
855 1598 1061 1643 Imperatori-

170 1647 230 1681 bus
240 1673 250 1688 ‚
279 1647 420 1690 ideoque
441 1648 540 1682 etiam
554 1646 616 1682 hac
625 1647 667 1682 de
679 1650 771 1682 causa
785 1658 953 1683 nouerant
964 1647 1065 1682 facile·

170 1696 368 1731 ordinandi.
394 1697 441 1732 Et
462 1696 528 1733 huc
548 1698 644 1742 possit
655 1698 830 1743 Septimius
839 1699 1059 1744 principaliter

172 1747 356 1792 respexisse.
804 1770 805 1773 =

419 1870 621 1965 Apostatas
655 1897 790 1965 nostros
805 1933 817 1946 .

225 2046 362 2080 Avitam
384 2043 530 2078 Ecclesiae
550 2043 591 2077 de
613 2042 675 2077 hac
697 2055 730 2078 re
741 2043 946 2087 disciplinam
963 2042 1064 2078 edicit

175 2095 329 2140 Synodus
344 2093 543 2142 *Eliberinae
571 2097 627 2127 Ex
647 2099 727 2127 omni
746 2092 849 2136 baerefi
853 2099 904 2137 qui
917 2095 961 2127 ad
971 2106 1022 2127 nos
1032 2093 1064 2136 fi-

178 2148 253 2181 delis
273 2150 389 2180 venerit
407 2167 419 2185 ,
455 2145 576 2177 minime
599 2143 638 2183 est
661 2146 706 2177 ad
735 2144 855 2177 clerum
881 2152 1064 2187 promoven·-

175 2198 235 2231 dus
252 2220 264 2237 ‚
290 2196 342 2229 vel
351 2193 378 2235 fi
390 2193 449 2235 sint
469 2199 502 2227 in
524 2198 713 2236 praereritum
734 2195 868 2227 ordinati
888 2219 899 2236 ,
918 2193 979 2236 fine
1006 2195 1065 2228 du-

175 2247 224 2280 bio
248 2247 449 2288 deponentur.
477 2244 560 2278 Non
582 2243 791 2278 solummodo
810 2246 936 2290 Lapsos
958 2246 1011 2279 seu
1022 2244 1068 2277 A·

175 2295 317 2340 postatas
342 2320 354 2337 ,
383 2292 437 2329 sed
454 2294 555 2328 etiam
579 2294 614 2329 in
636 2293 739 2327 haeresi
763 2304 882 2335 natos,
907 2293 1012 2329 immo
1034 2296 1068 2329 &

177 2347 213 2381 in
246 2345 315 2389 ipsa
349 2345 556 2379 consecratos
582 2354 667 2379 vetat
688 2344 837 2379 Clericos
866 2346 936 2379 fieri
961 2369 973 2386 ,
1012 2353 1068 2379 aut

177 2406 311 2431 manere
324 2419 331 2427 .
357 2393 574 2429 Posteriorem
587 2406 710 2439 partem
732 2386 996 2440 mitigare‘coepit
1009 2394 1069 2429 Ni-

177 2457 266 2480 caena
284 2444 438 2488 Synodus
465 2468 476 2484 ,
501 2445 794 2480 Novatianensium
831 2445 1008 2489 Episeopos
1033 2445 1066 2478 &

179 2495 327 2530 Clericos
340 2492 513 2538 ‘prohibens
524 2495 623 2539 recipi
640 2497 674 2529 in
686 2497 778 2528 suum
796 2495 934 2540 gradum
950 2521 956 2527 .
986 2496 1069 2540 Qae

178 2548 281 2590 gratia
292 2545 355 2578 fuit
367 2543 542 2587 postmodo
551 2547 682 2579 extensa
694 2543 734 2579 ad
747 2545 926 2579 ordinatos
942 2546 975 2578 in
992 2556 1070 2588 qua-

181 2596 230 2629 vis
242 2594 367 2634 haerefi,
392 2593 541 2628 immo&
555 2595 595 2629 ad
615 2596 737 2639 Lapsos
761 2597 794 2629 in
809 2595 960 2639 quamvis
970 2593 1069 2628 haere-

180 2646 239 2679 sim
252 2644 397 2678 Clericos
406 2654 442 2677 ac
453 2646 553 2678 etiam
577 2645 774 2689 Episcopos,
800 2645 985 2680 dummodo
999 2656 1068 2679 non

179 2695 279 2729 essent
301 2690 511 2727 haeresiarchae
532 2718 543 2733 ,
568 2705 625 2728 aut
651 2706 746 2738 novae
766 2696 864 2729 Selstae
886 2695 1045 2729 Primates
1059 2719 1066 2727 .

181 2746 261 2780 Hos
281 2742 408 2778 dudum
430 2744 561 2778 nonnisi
584 2743 628 2779 ad
654 2745 771 2779 laicam
795 2745 1068 2779 communionem

179 2794 309 2830 admisit
330 2792 485 2827 Ecclesia.
514 2793 628 2829 Altera
651 2794 786 2829 laudatae
797 2794 974 2838 disciplinae
998 2805 1071 2838 pars

181 2845 292 2880 Sancti
313 2841 491 2888 Augustini
516 2854 665 2888 tempore
681 2845 768 2879 adeo
789 2842 898 2879 adhuc
912 2843 1067 2889 vigebat,

181 2905 219 2929 ut
235 2905 294 2929 nec
308 2893 383 2928 illos
394 2917 405 2934 ,
429 2894 488 2938 qui
501 2893 607 2928 statim
618 2894 689 2939 post
703 2896 877 2929 infantiam
889 2894 906 2927 a
926 2895 1068 2929 Donati-

182 2945 403 2979 stisvenerant
416 2944 457 2977 ad
479 2953 615 2978 matrem
638 2945 812 2980 Ecclesiam
827 2970 838 2986 ,
861 2944 1006 2979 ordinari
1027 2944 1070 2979 ad

182 2995 346 3029 summam
365 2994 454 3028 Cleri
478 2994 626 3037 inopiam
649 2996 684 3029 in
709 2995 823 3029 Africa
859 2994 1069 3039 supplendam

184 3043 417 3089 dispensatorie
441 3045 619 3088 permiserit
642 3044 732 3089 Papa
756 3045 890 3079 Siricius
908 3070 917 3077 .
959 3046 1070 3091 Qarn

189 3094 322 3138 gratiam
346 3094 502 3130 similibus
526 3094 726 3131 Arianorutn
747 3095 823 3130 filiis
839 3095 1016 3139 postulanti
1027 3096 1073 3130 ob

190 3144 323 3179 similem
334 3144 368 3178 in
380 3144 494 3179 eadem
508 3145 647 3180 Dioecesi
657 3146 784 3180 causam
808 3145 991 3190 Juliiniano
1011 3147 1074 3179 lm-

192 3194 328 3236 peratori
348 3195 481 3239 negavit
497 3195 597 3230 etiam
623 3195 781 3230 Pontifex
808 3197 994 3240 Agapetus.
1021 3197 1074 3230 De

193 3243 295 3286 prima
305 3254 413 3280 vautem
427 3256 515 3289 parte
524 3244 630 3280 scribit
644 3246 678 3280 in
694 3245 777 3280 libro
791 3245 939 3280 deunico
952 3246 1075 3289 Baptis-

193 3303 253 3326 mo
262 3293 394 3328 Sanetus
405 3296 625 3341 Augustinus:
653 3300 718 3330 Nec
733 3297 809 3329 illud
818 3294 879 3337 fine
897 3295 1075 3336 distindiione

33 3352 111 3391 (zap.
132 3348 407 3393 ,2,pr‹eterimus‚
428 3355 464 3380 ut
477 3346 658 3381 humiliorem
668 3351 996 3390 agantpoemtemiam,
1022 3354 1074 3390 qui

21 2109 95 2140 Cau.
113 2118 159 2146 51.

1077 178 1102 207 'r
1171 177 1188 207 1
1257 176 1277 206 s
1390 163 1535 207 XLI.
1829 181 1920 228 353

1105 250 1172 290 jam
1182 247 1289 290 fideles
1301 245 1456 288 Ecclesiam
1468 245 1654 281 catholicam
1670 249 1852 292 deseruerunt
1864 276 1875 293 ,
1900 255 1989 296 quam

1110 303 1162 341 qui
1184 304 1216 331 in
1239 297 1321 330 illam
1344 309 1495 341 nunquam
1499 297 1644 339 fuerunt.
1674 302 1738 331 Nec
1749 303 1791 332 ad
1814 304 1991 336 clericatum

1113 350 1334 389 admittuntur,
1352 347 1416 389 five
1427 349 1466 381 ab
1476 348 1624 382 baereticis
1634 348 1813 390 rebaptizari
1828 351 1887 391 fint
1898 376 1909 392 ,
1929 353 1991 394 five

1108 400 1195 441 prius
1203 397 1334 441 suscepti
1348 400 1392 431 ad
1399 399 1464 432 illos
1484 401 1650 439 redierint,
1670 397 1736 440 five
1756 401 1842 441 apud
1851 401 1914 432 illos
1927 405 1993 436 cle-

1111 455 1164 483 rici
1187 452 1240 482 vel
1256 449 1327 481 laici
1342 448 1479 490 fuerint.
1511 449 1554 483 Et
1574 449 1728 493 adjungit
1750 448 1836 483 hanc
1848 451 1994 493 regulam
2034 448 2037 449 ⁷

1114 499 1226 533 servari
1250 498 1392 542 ubique,
1421 500 1477 533 nisi
1498 499 1604 534 forsan
1626 499 1713 542 apud
1737 499 1995 544 negligentiores

1114 549 1281 593 Ecclesias.
1310 549 1362 583 Ex
1383 548 1498 583 harum
1510 560 1647 584 numero
1659 559 1750 584 erant
1761 548 1905 592 quaedam
1924 549 1998 583 Ma-

1113 601 1275 633 cedonum
1289 598 1455 640 Ecclefiae,
1481 611 1559 643 quas
1572 600 1715 644 graviter
1735 598 1873 642 proinde
1890 599 1998 645 arguit
2032 597 2035 599 “

1115 649 1329 684 lnnocentius
1350 650 1492 693 primus,
1519 649 1640 684 addens
1662 648 1807 694 regulam
1829 650 1922 684 istam
1935 651 1997 684 esse

1115 710 1254 734 veterem
1277 724 1288 740 ,
1313 698 1427 743 utpote
1451 698 1625 733 traductam
1649 699 1692 733 ab
1704 699 1884 743 Apostolis
1906 724 1917 740 ,
1945 699 1999 741 vel

1114 749 1198 784 certe
1212 751 1288 783 viris
1300 749 1501 793 Apostolicis
1511 774 1518 780 .
1541 749 1714 793 Apostatas
1726 750 1805 784 istos
1816 761 1884 783 non
1895 750 1995 783 solius

1115 800 1272 844 apostasia:
1283 824 1294 840 ‚
1320 799 1375 835 sed
1386 800 1418 834 &
1430 801 1523 834 causa
1535 799 1687 834 solemnis
1697 824 1708 840 ,
1735 801 1802 833 fine
1813 811 1877 844 qua
1898 799 1999 843 recipi

1116 861 1183 884 non
1197 860 1346 894 poterant
1358 875 1370 892 ,
1396 850 1595 894 poenitentiae
1605 849 1686 884 dicit
1699 851 1890 895 irregulares
1902 874 1910 882 .
1936 849 2002 884 Re-

1116 900 1180 943 cipi
1192 902 1281 934 enim
1293 912 1360 934 nou
1373 909 1522 944 poterant
1533 900 1598 935 sine
1610 901 1816 943 impositione
1843 901 2002 944 poeniten-

1116 950 1201 984 tialis
1213 962 1328 984 manus
1341 974 1352 990 ‚
1376 962 1449 995 quae
1463 952 1584 994 semper
1601 951 1897 995 fecitirregularem
1911 976 1918 982 .
1947 950 2003 984 Et-

1118 1001 1180 1033 iam
1195 1011 1313 1044 quartae
1325 1000 1499 1035 Toletanae
1520 1001 1646 1043 Synodi
1660 1010 1808 1045 tempore
1820 1002 1928 1045 viguit
1939 1000 2003 1043 ple-

1118 1050 1157 1084 ne
1167 1048 1233 1084 haec
1244 1049 1413 1094 disciplina
1422 1074 1433 1083 t
1462 1051 1665 1085 Tertulliani
1680 1051 1796 1085 saeculo
1807 1060 1874 1085 erat
1894 1050 2004 1095 vigen-

1117 1101 1231 1134 tissima
1242 1123 1252 1139 ‚
1279 1101 1418 1144 ideoque
1430 1111 1470 1134 ex
1480 1100 1547 1143 ejus
1559 1100 1824 1143 praevaricatione
1835 1101 2003 1134 adversum

1118 1150 1284 1184 haereticos
1296 1149 1401 1183 valide
1411 1150 1594 1193 praescribit.
1624 1151 1672 1184 Ita
1684 1151 1718 1184 ὅς
1731 1149 1899 1184 adversum
1914 1149 2006 1183 Aria-

1118 1211 1177 1234 nos
1195 1197 1365 1243 praescribit
1386 1200 1422 1232 in
1445 1198 1561 1233 litteris
1571 1199 1612 1233 ad
1638 1201 1712 1233 suos
1723 1199 1910 1232 Monachos
1923 1199 2006 1232 San·

1117 1253 1183 1285 <stus
1196 1248 1413 1284 Athanasius:
1442 1252 1551 1281 Etiam
1572 1249 1640 1282 binc
1659 1260 1758 1294 eorum
1769 1247 1897 1290 baerefim
1908 1259 2009 1291 cogno-

1114 1300 1193 1344 scere
1202 1324 1214 1341 ,
1240 1301 1291 1333 vel
1297 1301 1398 1342 potius
1408 1306 1576 1333 convincere
1585 1300 1668 1340 pofflr
1682 1323 1693 1339 ‚
1721 1299 1802 1341 quod
1823 1296 1954 1341 quisquis
1964 1304 2009 1339 ip-

1111 1350 1152 1393 fis
1165 1350 1270 1384 charus
1282 1349 1319 1388 est
1333 1373 1343 1390 ,
1370 1351 1404 1383 (2⁴
1414 1348 1544 1392 ejusdem
1576 1354 1740 1390 impietatis
1754 1347 1849 1390 socius
1861 1372 1872 1388 ,
1899 1345 2014 1388 etlamfi

1119 1402 1188 1435 allis
1200 1399 1316 1433 delillis
1329 1424 1340 1440 ‚
1367 1397 1549 1441 infinitisque
1555 1398 1710 1441 sceleribus
1725 1398 1864 1431 obnoxius
1881 1396 1919 1437 fic
1932 1421 1943 1437 ‚
1970 1405 2011 1431 et-

1079 1487 1082 1496 ;
1119 1450 1203 1492 iamfi
1229 1449 1377 1483 adversus
1406 1448 1440 1492 se
1461 1447 1568 1481 babeat
1589 1458 1763 1492 argumenta
1789 1446 1931 1490 scelerum
1947 1444 2011 1489 suo-

170 1499 274 1547 Qod
286 1499 393 1540 ipsum
402 1496 520 1540 repetit
534 1498 568 1532 in
581 1498 696 1533 litteris
708 1499 749 1533 ad
759 1499 943 1542 Episcopos
954 1500 1057 1542 Syno-
1080 1504 1083 1519 ’-

1119 1512 1186 1534 rum
1208 1524 1219 1540 ‚
1245 1501 1279 1533 ὦ·
1317 1498 1573 1540 demonstrationet
1610 1499 1839 1541 evidentgffimas
1864 1522 1875 1538 ,
1898 1497 2012 1539 probus

1108 1541 1220 1584 'tamen
1243 1551 1326 1591 apud
1345 1548 1420 1588 eost,
1447 1550 1480 1582 ὦ·
1501 1554 1534 1582 in
1551 1554 1650 1591 pretio
1675 1549 1825 1589 habetur,
1850 1548 2012 1591 quinimmo

1102 1634 1104 1649 ᾖ
1113 1600 1216 1641 statim
1242 1604 1433 1641 Imperatoris
1458 1606 1571 1632 amicus
1594 1600 1715 1641 efficitur
1738 1623 1750 1639 ,
1774 1596 2013 1631 commendabilis

1085 1671 1088 1675 -
1112 1650 1226 1695 [εἰᾶτε-ι
1237 1648 1491 1693 sitaimpietate.-
1508 1648 1710 1692 Hujusmodi
1723 1651 1878 1692 profugos
1890 1649 1906 1682 ὲ
1920 1646 2015 1681 nobis

1126 1801 1320 1835 Antistitum
1336 1798 1534 1842 principales
1554 1799 1653 1830 etiam
1678 1797 1858 1831 Cathedras
1881 1821 1892 1837 ‚
1919 1808 1956 1830 ac
1977 1806 2020 1830 ex

1088 1853 1090 1856 ’
1126 1852 1200 1893 ipsis
1211 1851 1273 1883 effe
1286 1846 1488 1890 Stephanum
1500 1859 1539 1880 ac
1556 1847 1735 1881 Leontium
1760 1846 1991 1881 Antiochenos
2008 1846 2019 1887 ’,ι

1129 1899 1311 1944 Georgium
1339 1897 1593 1934 Laudicensem,
1622 1897 1850 1930 Theodosium
1876 1896 2023 1939 Tripoli—

1129 1956 1241 1984 tanum
1254 1971 1265 1985 ,
1293 1946 1483 1979 Eudoxium
1497 1946 1798 1979 Germaniciensem
1812 1971 1822 1986 ,
1849 1956 1886 1978 ac
1909 1946 2023 1979 Eufla·

1129 1999 1212 2031 tium
1237 1994 1469 2029 sebastenum.
1497 1994 1662 2039 Georgius
1685 1995 1760 2036 ille,
1787 1994 2022 2030 Alexandrinae

1131 2045 1282 2082 Ecclesiae
1303 2044 1387 2078 olim
1412 2044 1608 2087 Presbyter,
1636 2046 1742 2079 fuerat
1765 2045 1782 2078 a
1807 2047 1926 2080 Sanclo
1945 2045 2022 2079 Ale·¹

1130 2095 1257 2131 xandro
1270 2092 1456 2128 Patriarcha
1466 2095 1659 2139 degradatus
1670 2119 1681 2135 ‚
1695 2096 1835 2140 ideoque
1847 2096 1887 2130 ad
1902 2096 2022 2130 Arium

1132 2148 1366 2190 apostataverat
1380 2170 1388 2177 .
1417 2145 1460 2179 Et
1479 2146 1553 2188 quis
1577 2146 1697 2178 nesciat
1717 2146 1855 2189 lschyrae
1869 2171 1879 2185 ‚
1905 2146 2024 2180 rustico

1131 2197 1290 2230 Mareorae
1309 2219 1321 2235 ‚
1360 2205 1419 2237 pro
1446 2196 1605 2238 aposlafiae
1631 2196 1664 2229 &
1691 2195 1771 2230 fistae
1798 2196 1830 2229 in
1867 2196 2023 2230 Sanelum

1134 2244 1350 2280 Athanasium
1369 2244 1541 2278 calumniae
1567 2246 1700 2288 praemio
1720 2247 1813 2280 fuisse
1823 2246 1934 2280 datum
1950 2247 2026 2290 Epi÷

1133 2298 1302 2339 scopatum
1327 2295 1341 2328 ?
1368 2294 1539 2337 Ejusmodi
1561 2295 1718 2338 plurimos
1737 2297 1921 2330 exaltarunt
1944 2321 1955 2337 ,
1982 2296 2025 2330 de

1133 2347 1251 2390 quibus
1274 2345 1315 2378 ad
1338 2356 1455 2378 omnes
1480 2345 1538 2379 sub
1562 2347 1648 2380 coelo
1663 2346 1821 2380 Ecclefias
1834 2346 1950 2389 scripsit
1965 2346 2029 2389 Sy-.

1134 2396 1242 2430 nodus
1259 2394 1471 2429 Sardicenfis:
1501 2395 1648 2437 Depofflos
1670 2398 1781 2430 olim&
1801 2397 1907 2437 ejeei'of
1918 2396 1953 2428 ob
1963 2395 2024 2428 baea

1132 2445 1215 2487 resim
1229 2450 1371 2478 arianam
1385 2457 1444 2478 non
1464 2444 1556 2488 solum
1566 2455 1735 2489 receperunt
1760 2445 1947 2489 Eusebium,
1969 2444 2027 2488 sed

1133 2499 1168 2530 (w
1179 2497 1223 2528 ad
1244 2496 1369 2535 majores
1388 2496 1503 2538 gradus
1518 2506 1680 2530 evexerunt
1692 2522 1702 2537 ,
1726 2509 1765 2531 ex
1783 2501 1922 2530 Diaconis
1937 2494 2024 2538 Pres-

1132 2545 1260 2585 byteros‚
1289 2557 1329 2578 ex
1352 2545 1537 2583 Presbyteris
1563 2545 1724 2589 Episcopus
1745 2547 1898 2589 facientes
1924 2571 1935 2586 ,
1962 2552 2023 2579 non

1133 2603 1168 2629 in
1179 2598 1268 2628 alium
1282 2593 1325 2637 us
1319 2606 1368 2627 um
1378 2619 1388 2634 ‚
1414 2597 1509 2637 quam
1522 2603 1555 2629 ut
1578 2603 1764 2639 Impietatem
1777 2598 1996 2639 disseminarent
2010 2620 2022 2636 ,

1131 2644 1281 2689 latiusque
1302 2644 1508 2684 dtffunderent
1531 2670 1542 2686 ‚
1578 2647 1612 2679 (9·
1628 2653 1715 2688 piam
1736 2646 1826 2687 fidem
1846 2656 2024 2688 corrumpe*

1133 2704 1220 2730 rent.
1247 2696 1291 2729 Et
1314 2695 1357 2728 de
1371 2693 1497 2738 Anysio
1521 2696 1630 2729 nescio
1655 2697 1747 2738 cujus
1772 2696 1912 2728 civitatis
1925 2695 2021 2727 Aria-

1134 2759 1176 2781 no
1200 2746 1366 2788 Episcopo
1387 2768 1399 2783 ,
1424 2746 1460 2777 ἀ
1489 2744 1603 2777 Editio
1629 2743 1827 2777 Parnasseno
1847 2743 1956 2778 scribit
1977 2743 2019 2778 ad

1133 2797 1284 2832 Sanctum
1300 2793 1502 2837 Gregorium
1525 2793 1774 2827 Nazianzenum
1797 2794 1943 2837 Magnus
1958 2794 2020 2828 Ba-

1132 2847 1233 2880 filius:
1261 2849 1303 2877 Hi
1321 2842 1459 2884 fratrem
1480 2854 1576 2876 meum
1589 2846 1763 2887 Gregorium
1787 2855 1826 2877 ex
1840 2845 1930 2887 Nyssa
1949 2844 2086 2892 αὖε-Ἑρ,
2102 2860 2145 2884 mg

1127 2904 1236 2942 gerunt
1251 2919 1261 2934 ,
1285 2895 1319 2927 ὁ·
1340 2895 1408 2933 ejus
1428 2894 1488 2926 loco
1511 2899 1611 2926 virum
1637 2896 1870 2927 introduxerunt
1893 2920 1902 2935 ,
1929 2897 2019 2928 immo

1131 2948 1230 2989 potius
1248 2948 1425 2984 mancipium
1448 2944 1623 2976 triobolare.
1651 2947 1697 2975 Et
1717 2948 1827 2977 Doaris
1849 2947 1958 2986 oppido
1971 2945 2020 2979 bo-

1113 3014 1115 3018 r
1133 3004 1240 3030 minem
1257 2994 1438 3038 pestilentem
1457 3019 1469 3034 ,
1492 2994 1693 3035 orphanorum
1706 2993 1871 3034 famulum,
1886 3019 1897 3034 ,
1924 3001 1976 3038 qui
1994 2998 2019 3027 ἃ

1113 3051 1263 3089 ¹{propriis-
1275 3048 1412 3077 Dominis
1436 3043 1621 3088 aufugerat,
1643 3052 1701 3085 per
1723 3044 1944 3087 assentationem
1963 3051 2018 3076 im-

1132 3102 1191 3140 piae
1203 3095 1402 3134 mulierculae,
1426 3105 1496 3136 quae
1514 3095 1604 3136 prius
1622 3096 1668 3126 ad
1677 3100 1774 3127 animi
1795 3094 1845 3137 sui
1865 3096 2021 3128 libidinem

1138 3150 1256 3190 Georgio
1274 3143 1370 3186 abusa
1388 3143 1429 3184 est
1441 3167 1452 3184 ‚
1476 3155 1555 3176 nunc
1567 3154 1667 3177 autem
1689 3144 1764 3177 hunc
1775 3145 1883 3183 babet,
1910 3143 2025 3186 succes-'

1131 3196 1225 3240 sorem
1248 3197 1328 3229 illius
1348 3193 1493 3237 miserunt
1505 3216 1515 3232 ,
1539 3194 1745 3238 miserandum
1756 3194 1956 3237 Epifi·opatus
1968 3206 2019 3226 no-

1137 3258 1201 3280 men
1212 3246 1384 3280 contumelia
1395 3245 1551 3286 afficientes
1568 3269 1575 3277 .
1603 3246 1685 3289 ,Quis
1706 3254 1810 3277 autem
1832 3256 1878 3278 res
1892 3249 2021 3286 Nicopo-

1115 3330 1117 3332 .
1137 3297 1258 3331 litarum
1280 3293 1378 3337 miseri
1392 3293 1536 3327 Pbortani
1557 3295 1659 3338 dignis
1682 3294 1820 3338 suspiriis
1841 3302 1930 3336 queat
1948 3303 2020 3335 pro-

1133 3346 1216 3390 sequi
1239 3349 1252 3381 ἓ
1276 3348 1342 3390 ,Qui
1362 3346 1446 3388 prius
1470 3350 1612 3378 veritatis
1639 3347 1794 3387 quoddam
1812 3347 2023 3388 patrocinium·

1861 3401 1970 3435 repre-

1122 1713 1178 1737 aut
1198 1701 1372 1735 damnatos
1395 1699 1533 1733 affirmat
1547 1699 1588 1733 ab
1617 1700 1690 1744 ipsis
1701 1700 1802 1734 creari
1815 1699 1993 1742 Episcopos
2006 1718 2017 1737 ,

1103 1709 1161 2663 &a
1174 1751 1335 1785 violenter
1348 1748 1470 1783 intrudi
1485 1750 1519 1782 in
1535 1749 1740 1783 exulantium
1764 1748 2018 1783 Catholicorum
