2346 3724
119 1810 255 1846 Cap-28>

114 2773 191 2802 Hom
206 2777 250 2804 23.

113 2820 183 2848 cap·
211 2820 255 2840 10·

116 2852 149 2882 δε
168 2861 213 2880 11.

782 236 1100 287 CAPI

272 337 370 376 ‘guam
381 350 391 366 ‚
408 335 497 368 atque
509 314 544 358 iti
557 327 667 358 multas
679 327 730 369 esse
737 323 836 368 post'eae
847 320 980 366 divisam
992 346 999 353 .
1028 321 1078 351 Ad
1086 319 1166 360 quod

281 377 369 420 usque
382 385 497 418 tempus
507 387 569 408 una
573 375 690 417 fuerit:
719 379 766 408 Et
777 373 895 418 quando
903 378 937 405 ln
956 370 1069 404 multas
1081 370 1168 414 divi-J

272 426 331 471 [fa.
360 429 404 459 Et
414 428 485 459 m'em
514 425 568 459 illa
589 426 791 467 deletaefuerit
805 450 814 465 ,
839 432 928 467 atque
940 423 1008 454 aliae
1032 420 1160 452 introdu-

277 477 335 510 8ae
346 502 355 517 ,
381 488 422 509 an
433 478 501 510 vero
516 486 654 510 manente
666 477 720 509 tlla
732 500 742 515 ,
763 472 952 516 reliquaest'at
962 468 1136 504 introdudae
1153 494 1160 501 .

277 528 386 570 ,Quare‘
396 525 517 569 confusa
523 526 624 568 fuerit
637 551 647 567 ‚
667 528 701 560 ὁ·
711 536 768 568 qua
778 524 815 557 de
825 522 914 566 causa
924 547 931 554 .
961 521 1078 555 Deinde
1091 530 1166 562 qua-

277 576 398 609 ‘nam'ex
410 575 486 619 bt'sce
513 577 616 609 multis
628 578 738 619 linguis
755 583 840 609 vetus
853 572 1058 612 testamentum
1065 569 1164 612 suerit

276 624 492 669 conscriptum:
517 631 622 660 Utrum
645 627 699 659 illa
719 629 878 666 antiquiori
903 634 938 655 ac
957 621 1064 666 seniori
1087 644 1097 660 ,
1122 630 1163 651 an

277 678 349 710 vero
371 678 455 717 illis,
480 689 548 719 quae
565 675 665 719 postea
684 674 755 719 sunt
777 681 934 708 inventae.
965 673 1008 707 Et
1019 669 1109 705 addit
1122 669 1163 702 de

277 725 342 759 hac
353 726 511 769 postrema
526 726 720 771 quaestione:
749 726 830 766 Ejus
841 729 946 768 gratia
957 724 995 757 de
1005 721 1055 754 his
1075 724 1165 753 omni-

278 776 334 809 hus
353 776 517 819 sermonem
532 777 729 818 instituimus.
756 775 910 819 Singulas
932 772 990 807 has
1009 770 1162 816 quaestio-

277 837 335 859 nes
347 826 419 861 istic
430 828 564 861 Sanstus
577 827 720 869 Ioannes
733 837 802 859 non
829 824 928 858 solvit
940 847 951 863 ‚
979 823 1031 857 sed
1045 821 1163 855 solum-

277 876 382 910 modo
420 876 565 921 pmmifit
593 876 717 911 solvere
738 888 750 908 :
786 875 829 909 Et
856 875 994 918 ipsarum
1022 869 1139 906 solutio
1155 893 1165 909 ‚

278 937 376 968 quam
399 925 484 971 apud
506 926 614 960 Sanffi
627 924 805 971 Augustini
829 924 870 960 de
881 925 945 958 Dei
974 922 1107 957 civitate
1120 919 1162 952 li·-

274 977 355 1009 bros
367 976 476 1011 videre
492 986 598 1020 potes,
626 986 693 1010 non
717 975 763 1009 est
788 973 944 1019 proesentis
966 971 1065 1006 nostri
1081 970 1163 1003 Pro·

276 1027 373 1070 positi
388 1051 395 1058 .
424 1025 560 1060 Interim
581 1025 767 1060 constanter
788 1025 927 1058 affirmat
952 1021 1014 1056 toti
1026 1018 1161 1065 primiti-

275 1085 392 1108 vorum
418 1075 595 1109 hominum
606 1075 716 1119 generi
734 1074 826 1107 fuisse
841 1073 974 1107 unicam
987 1071 1137 1115 linguam
1151 1092 1161 1102 .

275 1123 494 1171 Qodipsum
518 1123 774 1158 constantiffime
794 1123 935 1157 affirmat
946 1123 1081 1157 Sanctus
1093 1119 1162 1154 Au-

276 1175 443 1219 gustinus.
475 1174 517 1208 Ec
537 1174 607 1218 jure
628 1174 765 1208 merito.
795 1173 928 1208 Etenim
949 1173 1035 1207 sacer
1053 1180 1161 1205 textus

273 1225 386 1259 lucide
422 1225 561 1259 affirmat
593 1224 686 1259 fuine
714 1223 781 1258 istis
816 1221 1008 1259 hominibus
1034 1220 1157 1255 labium

275 1287 382 1309 unum
406 1287 444 1308 ac
455 1276 635 1308 sermonem
658 1274 819 1309 eundem.
847 1273 891 1307 Et
912 1273 1045 1315 quidem
1060 1271 1162 1315 Euty-

277 1324 371 1358 chius
385 1324 570 1358 patriarcha
585 1324 828 1357 Alexandrinus
842 1323 876 1356 in
898 1322 961 1356 suis
975 1320 1162 1354 Annalibus

276 1375 448 1418 praetendit
471 1374 671 1416 primitivam
695 1372 790 1407 istam
811 1371 958 1416 linguam
971 1372 1063 1405 fuisse
1074 1371 1160 1405 Grae-

276 1435 369 1457 cam.
401 1424 512 1456 Etiam
524 1425 581 1457 alii
594 1421 801 1457 contendunt
815 1432 873 1465 pro
887 1421 1000 1466 lingua
1013 1423 1074 1455 suae
1084 1431 1162 1465 gen-

276 1473 319 1506 tis
341 1495 347 1503 .
385 1473 586 1506 Communis
627 1471 777 1505 Ecclefiae
803 1472 912 1505 sensus
937 1471 1041 1504 affetit
1069 1471 1162 1504 suiffe

273 1520 492 1555 Hebraicam.

271 1580 274 1584 ’
327 1572 476 1618 Qaestio
496 1571 542 1604 est
558 1596 567 1611 ‚
597 1570 652 1605 An
679 1571 864 1616 linguarum
888 1569 1056 1604 Charisma
1076 1569 1162 1613 apud

273 1622 478 1666 primitivam
506 1622 685 1655 Ecclesiam
713 1622 810 1655 fuerit
831 1622 961 1655 effectus
980 1620 1161 1654 Christiani

274 1671 496 1714 Baptismatis‚
508 1684 550 1705 an
564 1671 757 1706 Christianae
765 1670 1040 1705 Confirmationis
1052 1671 1069 1703 ,ἶ
1080 1670 1161 1718 Qi-

273 1722 351 1755 dam
363 1721 550 1756 constanter
562 1723 679 1756 volunt
702 1722 797 1756 fuifl'e
807 1720 1079 1756 confirmationis
1089 1721 1161 1754 effe-

274 1773 380 1805 Qum.
415 1773 458 1815 Et
473 1773 560 1806 suam
585 1771 789 1806 assertionem
813 1772 945 1806 firm-ant
966 1783 1007 1805 ex
1021 1770 1162 1814 Aposto-

273 1822 346 1857 licis
386 1820 476 1855 Affls
499 1833 506 1853 τ
536 1826 613 1856 Cum
636 1822 780 1864 audlffent
805 1821 929 1863 Apostoll
946 1846 955 1861 ‚
998 1832 1052 1862 qut
1074 1829 1162 1854 erant

276 1870 478 1914 Hierosolymis
492 1896 501 1911 ‚
528 1873 611 1913 quod
619 1871 762 1913 receptffl't
785 1874 924 1904 samana
947 1871 1071 1904 verbum
1084 1873 1161 1910 Del,

273 1921 420 1965 miserunt
436 1923 482 1955 ad
500 1932 545 1954 cos
557 1923 682 1954 Petrum
709 1923 922 1966 &Joannerm
952 1923 1015 1964 ‚Qut
1035 1932 1098 1954 cum
1111 1931 1160 1953 ve-

271 1972 375 2015 mffent
390 1995 401 2010 ‚
427 1978 590 2005 oraverunt
592 1980 651 2013 pro
670 1971 738 2013 ipfis
752 1996 762 2010 ,
787 1981 822 2004 ut
842 1977 1006 2011 acciperent
1016 1973 1160 2012 Spiritum

274 2022 418 2056 sancium
434 2048 439 2054 .
466 2023 613 2054 Nondum
625 2027 704 2053 emm
716 2027 749 2052 in
762 2028 938 2062 quemquam
949 2022 1062 2053 illorum
1073 2031 1160 2053 vene-

271 2081 325 2103 rat
337 2096 347 2110 ,
371 2070 428 2112 sed
438 2070 593 2110 baptizati
615 2071 735 2102 tantiam
755 2080 845 2103 erant
867 2075 1028 2103 innomine
1040 2073 1160 2102 Domini

273 2118 404 2163 JESU.
436 2122 518 2152 Tunc
539 2119 728 2161 imponebant
750 2132 861 2154 manus
879 2119 972 2163 super
992 2121 1056 2154 illos
1079 2132 1086 2151 :
1114 2122 1159 2152 Et

272 2169 459 2212 acciplebant
487 2171 631 2211 spiritum
646 2170 800 2203 samum.
832 2170 966 2214 Utique
988 2170 1055 2213 ejus
1072 2169 1158 2204 Cha-

276 2221 409 2255 rismata
425 2245 432 2252 .
459 2220 656 2254 Samaritani
682 2220 699 2253 a
724 2219 881 2263 Philippo
893 2221 1072 2259 Diacono,
1101 2220 1156 2262 qui

273 2281 388 2315 manus
410 2269 444 2302 in
462 2268 684 2315 Christianam
697 2270 1000 2303 Confirmationem
1022 2280 1090 2303 non
1104 2281 1157 2312 po—

272 2319 584 2362 tueratimponere,
612 2320 740 2353 fuerant
764 2319 943 2363 baptizati,
969 2317 1154 2353 &necdum

269 2381 460 2413 acceperant
472 2367 678 2404 Charismata
692 2393 699 2400 .
726 2369 769 2401 Et
782 2369 847 2410 ipsa
858 2380 915 2410 per
932 2367 1156 2401 confirmatri-

268 2430 339 2453 cem
360 2418 595 2462 Apostolorum
610 2427 743 2451 manum
764 2426 958 2461 acceperunt
971 2441 979 2448 .
1007 2415 1154 2463 Quidam

268 2468 460 2502 existimant
474 2466 566 2500 istam
578 2477 656 2500 tunc
668 2466 761 2500 fuiffe
784 2466 970 2511 generalem
986 2466 1130 2512 regulam
1144 2491 1151 2498 .

269 2519 313 2553 Et
340 2518 450 2552 favent
472 2517 559 2551 varia
581 2518 762 2551 sanstorum
790 2516 925 2551 Patrum
947 2516 1152 2550 testimonia.

270 2569 383 2602 Etiam
401 2567 549 2611 quaedam
562 2567 670 2602 Sansti
686 2567 890 2611 Augustini.

310 2618 507 2660 Respondeo
519 2628 630 2651 tamen
645 2615 848 2652 Charismata
862 2617 973 2660 passim
986 2626 1066 2652 tunc
1077 2618 1152 2651 fuis—

272 2668 389 2710 seiplis
400 2665 577 2700 Christiani
589 2667 795 2710 Baptismatis
818 2667 982 2710 effestum.
1016 2668 1149 2702 Etenim

271 2717 310 2751 de
323 2716 487 2760 baptizato
507 2728 559 2760 per
572 2716 740 2751 laudatum
755 2716 946 2761 Philippum
960 2718 1150 2752 Diaconum

271 2768 382 2811 Regio
393 2766 558 2800 Eunucho
569 2765 678 2800 scribit
703 2768 734 2800 in
749 2768 811 2801 suis
828 2768 992 2802 Homiliis
1016 2768 1151 2802 Sanstus

272 2817 499 2862 Augustinus:
528 2817 647 2858 1mplet0
669 2815 875 2861 Baptismatls
898 2816 1022 2856 mysterio
1043 2819 1078 2851 (9
1099 2819 1148 2850 sa·

270 2876 419 2902 eramento
444 2891 454 2906 ‚
480 2876 516 2899 ne
536 2865 683 2900 bominum
710 2875 867 2909 putaretur
889 2868 996 2901 donum
1019 2870 1149 2909 spiritus

271 2918 374 2951 Sanfflt
399 2941 409 2955 ,
435 2928 492 2949 non
513 2915 709 2958 exspec‘latum
729 2917 768 2958 est
791 2929 825 2952 ut
848 2927 986 2951 ventrem
1009 2916 1150 2960 Apostoli,

266 2967 323 3012 sed
334 2969 463 2999 continuo
475 2971 559 2999 venit
570 2968 696 3007 Spiritus
712 2968 839 3001 Sanc‘Ius
853 2993 859 2999 .
891 2968 934 3001 Et
954 2968 1038 3001 certe
1059 2968 1148 3012 quod

270 3020 305 3053 in
330 3017 512 3059 baptizatos
535 3015 754 3052 samaritanos
776 3018 914 3060 Spiritus
935 3017 1069 3051 sanstus
1080 3029 1146 3052 non

270 3067 428 3107 venisset,
454 3077 569 3100 omnes
592 3066 722 3100 suerunt
743 3067 893 3101 admirati
920 3093 927 3100 .
956 3067 1066 3101 Etiam
1088 3068 1144 3112 ipsi

270 3117 430 3161 <Apostoli
453 3141 460 3148 .
489 3116 581 3148 Hinc
603 3115 644 3149 dc
666 3116 739 3160 ipsis
762 3115 844 3150 dicit
865 3119 999 3152 Sanctus
1020 3118 1146 3152 Lucas.-

269 3173 346 3201 Cum
363 3166 522 3210 audissent.
552 3166 679 3208 Nempe
699 3166 740 3199 de
761 3167 930 3210 fingularis
947 3168 1021 3200 faeti
1045 3168 1145 3211 specie

267 3219 330 3252 fuit
352 3217 391 3251 ad
414 3218 500 3260 ipsos
519 3216 536 3248 ὸ.
561 3214 716 3258 Philippo
737 3216 892 3249 Diacono
915 3218 995 3251 fasta
1008 3218 1144 3252 relatio:

269 3269 311 3301 Et
325 3268 380 3310 ipsi
394 3279 461 3302 non
472 3267 741 3309 qualemcumque
756 3266 951 3308 Episcopum
967 3291 978 3306 ‚
1005 3278 1063 3301 nec
1075 3268 1143 3303 uni-

268 3328 344 3351 cum
358 3316 554 3361 Apostolum
570 3340 581 3356 ‚
595 3316 647 3350 sed
660 3315 743 3349 duos
753 3316 853 3349 totius
864 3316 1010 3363 Collegii
1023 3317 1144 3353 Prima-

268 3376 318 3399 tes
331 3367 516 3410 legaverunt
530 3391 539 3405 ‚
565 3377 700 3399 omnem
722 3366 764 3398 rei
789 3365 901 3400 seriem
917 3367 1143 3410 inquifituros.

269 3416 475 3459 Legaverunt
497 3440 506 3454 ‚
542 3416 617 3457 quia
644 3415 682 3448 ad
711 3426 776 3449 rem
803 3418 938 3451 maximi
966 3418 1144 3462 ponderis,

366 3464 469 3504 christ.
483 3468 558 3507 Lupe
570 3471 666 3507 Opera
678 3469 755 3499 Tom.
770 3469 825 3499 IX,

1268 248 1281 279 1
1353 251 1370 279 s
1487 238 1613 280 XX.

1949 245 2040 298 189

1230 318 1320 351 suum
1345 318 1486 362 ipsorum
1508 316 1748 361 Coryphoeum.
1781 319 1887 366 Qiod‘
1905 327 2020 369 nempe
2040 338 2107 362 rem

1228 367 1424 412 singularem
1435 369 1671 403 admirarentur
1684 393 1691 401 .
1713 368 1876 412 Alioquin
1890 373 2051 411 suffecerat
2065 378 2108 411 le-

1230 428 1306 463 gare
1321 429 1562 462 quemcumque
1574 418 1773 463 Episcopum
1784 443 1791 452 .

1280 466 1406 502 Verum
1426 480 1495 512 quae
1507 470 1569 503 fuit
1581 469 1750 515 singularis
1763 469 1836 504 faeti
1856 470 1964 504 ratio?
1990 472 2027 506 In
2043 474 2107 510 lau-

1230 516 1303 551 data
1325 517 1464 553 homilia
1492 520 1627 568 Sanctus
1655 519 1862 565 Augustinus
1889 521 2107 559 remissionem

1231 579 1436 611 peccatorum
1458 592 1468 608 ‚
1493 569 1622 612 aliaque
1643 570 1762 604 divina:
1784 571 1818 604 in
1842 582 1902 604 nos
1928 572 2108 608 clementia

1231 618 1389 654 beneficia
1410 620 1549 653 affirmat
1571 618 1686 654 donari
1708 620 1907 665 quandoque
1934 633 1988 665 per
1999 622 2108 658 frater-

1231 680 1310 702 num
1332 669 1548 703 ministerium
1569 695 1580 711 ‚
1605 671 1800 714 quandoque
1831 682 1885 715 per
1910 671 2016 715 ipsum
2040 673 2108 708 fine

1230 717 1569 754 medioinstrumento
1589 720 1775 754 Dominum
1799 722 1909 755 Deum
1923 746 1931 754 .
1958 721 2109 757 Demon-

1229 769 1304 802 ssrat
1313 771 1495 814 exemplis,
1521 780 1618 813 atque
1637 771 1859 814 prosequitur:
1887 774 1993 805 Merito
2004 774 2107 807 volem

1230 822 1309 852 Deus
1323 819 1373 853 boc
1383 820 1527 861 ostendere
1539 844 1551 861 ,
1577 821 1612 854 (9
1636 820 1704 854 huic
1726 827 1853 854 veritati
1862 822 2018 863 attestari,
2043 834 2108 857 cum

1229 872 1352 911 quidam
1363 875 1395 904 in
1404 872 1425 903 5
1425 877 1542 904 amaria
1553 872 1756 915 evangelizati
1766 872 1854 914 effent
1861 897 1873 912 ,
1903 873 1937 906 (9⁹
1955 872 2107 916 baptizant

1228 922 1248 951 ἃ
1261 920 1402 963 Plnlippo
1411 921 1675 965 Evangelifia,uno
1687 923 1724 954 de
1729 920 1846 964 septem
1857 925 1998 956 Diacoms
2004 928 2109 965 primi·-

1227 970 1276 1002 nis
1288 970 1398 1011 cledis,
1413 983 1470 1005 non
1480 980 1651 1014 acceperunt
1662 973 1805 1013 spiritum
1814 973 1954 1006 sanaeum
1963 974 1996 1007 eb·
2010 973 2110 1016 bapti·

1229 1026 1293 1052 zati
1304 1031 1410 1054 erant.
1426 1025 1611 1055 Nuntiatum
1627 1021 1663 1061 est
1675 1020 1899 1066 Dfiipulis‚qul
1911 1031 1997 1057 erant
2009 1027 2109 1057 Htero-

1222 1067 1338 1112 solymis
1349 1095 1360 1111 ,
1374 1073 1408 1105 Gr
1419 1081 1566 1105 venerunt
1578 1072 1621 1104 ad
1630 1074 1809 1114 samariam,
1821 1083 1854 1106 ut
1863 1074 1908 1106 illl
1919 1099 1929 1113 ,
1941 1078 1992 1116 qui
2009 1073 2108 1116 bapti·

1227 1125 1290 1151 zat}
1300 1129 1388 1153 erant
1400 1144 1411 1161 ,
1433 1128 1488 1162 per
1500 1120 1701 1163 impofitionem
1721 1132 1826 1153 manus
1839 1134 1936 1154 eorum
1946 1129 2108 1165 acciperent

1227 1171 1246 1202 5
1244 1174 1370 1210 plritum
1379 1173 1399 1203 5
1401 1171 1519 1203 am‘lum
1533 1195 1539 1202 .
1567 1174 1729 1210 Venerunt,
1740 1172 1773 1203 <⁸5
1782 1170 1979 1214 Imposuerunt
1989 1180 2031 1206 ευ
2045 1187 2110 1206 ma·

1227 1231 1302 1252 nus:
1332 1224 1510 1263 acceperunt
1534 1223 1679 1262 spmtum
1693 1220 1851 1254 sancium.
1877 1221 2020 1256 Videtur
2034 1224 2108 1257 asse-

1225 1282 1294 1304 rere
1307 1294 1318 1310 ,
1344 1271 1432 1314 quod
1454 1269 1545 1305 istius
1557 1268 1769 1305 Charismatis
1779 1271 1914 1306 collatio
1929 1273 2034 1307 neutri
2055 1274 2107 1307 Sa-

1227 1330 1394 1355 cramento
1407 1322 1504 1355 fuerit
1516 1322 1652 1355 firmiter
1660 1321 1755 1356 affixa
1766 1345 1778 1360 ‚
1798 1321 1850 1355 sed
1863 1322 1966 1356 modo
1977 1334 2033 1366 per
2042 1322 2108 1359 hoc

1207 1366 1213 1399 l
1228 1370 1303 1404 data
1324 1393 1336 1410 ,
1364 1371 1465 1404 modo
1477 1381 1532 1413 per
1544 1370 1627 1408 istud
1639 1395 1646 1402 .
1677 1370 1719 1404 Et
1732 1370 1821 1412 quod
1835 1372 2003 1406 Dominus
2015 1373 2108 1407 Deus

1229 1431 1290 1464 qua
1297 1421 1428 1464 ndoque
1435 1421 1534 1454 etiam
1544 1431 1597 1463 per
1607 1420 1813 1463 semetipsum
1825 1423 1888 1455 line
1896 1423 2109 1459 sacramento

1229 1471 1371 1504 dederit.
1401 1471 1444 1504 Et
1455 1470 1540 1505 certe
1551 1471 1593 1504 fic
1603 1469 1694 1503 dedit
1707 1471 1868 1504 Cornelio
1889 1473 2107 1512 Cemurioni,

1230 1521 1263 1553 &
1285 1520 1353 1561 ejus
1373 1519 1512 1563 collegis
1534 1545 1540 1551 .
1585 1519 1717 1553 Interim
1740 1522 1839 1562 usque
1861 1522 1901 1554 ad
1927 1522 2108 1565 baptizatos

1230 1569 1404 1602 samaritas
1417 1570 1569 1602 videntur
1580 1567 1784 1602 Charismata
1798 1571 1918 1614 semper
1934 1572 2025 1606 fuisse
2034 1573 2111 1607 data.

1230 1620 1263 1653 in
1288 1617 1507 1662 Baptismate:
1535 1618 1587 1652 Illi
1613 1618 1764 1653 videntur
1786 1620 1905 1662 primi,
1932 1623 1989 1666 qui
2015 1634 2111 1667 expe-

1230 1672 1314 1703 ‹stare
1326 1668 1507 1703 debuerunt
1529 1669 1756 1712 Apostolicam
1768 1680 1901 1705 manum
1914 1696 1924 1712 ‚
1951 1673 1986 1707 δε
2004 1675 2113 1709 Sacra·
2133 1708 2134 1711 ,

1231 1730 1379 1754 mentum
1402 1717 1595 1754 Christianae
1619 1719 1895 1755 Confirmationis
1917 1746 1925 1754 .
1954 1723 1997 1757 Et
2029 1722 2112 1758 hinc

1230 1770 1402 1814 Philippus
1414 1781 1534 1804 novam
1546 1770 1619 1803 facti
1633 1771 1769 1812 speciem
1783 1772 1893 1806 retulit
1916 1773 2085 1816 Apostolis
2098 1787 2113 1809 ε

1230 1822 1272 1854 Et
1293 1819 1327 1854 hi
1350 1820 1391 1854 ad
1413 1820 1459 1854 rei
1482 1819 1674 1865 indaginem
1686 1820 1992 1865 legaveruntipsum
2016 1825 2110 1858 suum

1228 1870 1417 1914 Principem
1430 1894 1442 1910 ,
1469 1880 1598 1914 unaque
1609 1871 1763 1905 dilectum
1777 1871 1919 1906 Domini
1933 1874 2108 1917 Ioannem.

1226 1919 1606 1966 fingulariterconscium
1621 1922 1774 1956 omnium
1798 1923 1979 1957 coelessium
2001 1926 2110 1960 Secre-

1227 1982 1354 2006 torum.
1382 1971 1503 2005 [nsueti
1527 1971 1643 2004 Divini
1667 1973 1774 2014 operis
1799 1974 1890 2006 cautla
1908 1973 1999 2015 poffit
2016 1974 2112 2011 fuisse

1227 2023 1312 2056 inter
1346 2021 1430 2056 alios
1453 2022 1625 2055 Samaritas
1664 2022 1843 2064 baptizatus
1878 2023 1994 2057 Simon
2028 2025 2109 2059 Ma·-

1224 2084 1285 2116 gus
1311 2096 1322 2112 ,
1347 2082 1444 2115 quem
1474 2070 1597 2105 Divina
1617 2071 1736 2113 justitia
1766 2072 1892 2112 voluit,
1919 2073 1952 2107 &
1982 2075 2105 2117 privare

1224 2123 1282 2157 ista
1294 2123 1397 2167 gratia
1409 2147 1419 2163 ,
1447 2122 1481 2155 &
1493 2133 1546 2163 per
1564 2121 1745 2163 Apostolos
1758 2122 1947 2158 solemniter
1967 2126 2105 2171 castiga-

1224 2185 1255 2206 re
1276 2187 1286 2206 .-
1316 2172 1478 2214 Exemplo
1496 2169 1715 2206 demonstrare
1738 2196 1749 2212 ,
1775 2174 1853 2216 quid
1877 2175 1913 2208 lit
1942 2176 2102 2219 pollutam

1216 2222 1365 2273 *animam
1375 2221 1530 2264 obrepere
1553 2221 1587 2255 in
1612 2221 1774 2264 Baptilina
1788 2247 1795 2254 .
1827 2225 1881 2258 Est
1896 2227 2080 2269 conjestura
2094 2255 2101 2262 .

1221 2273 1306 2319 Qis
1328 2272 1416 2304 enim
1451 2270 1543 2304 novit
1565 2271 1704 2305 Domini
1741 2275 1866 2308 sensum
1890 2278 1902 2308 ?
1929 2277 2016 2324 Qis
2040 2280 2103 2313 fuit

1219 2323 1289 2363 ejus
1312 2321 1559 2354 Confiliarius?
1587 2321 1696 2357 Etiam
1720 2334 1788 2357 non
1813 2336 1928 2359 omnes
1953 2352 1963 2367 ,
1989 2328 2040 2361 seu
2066 2330 2099 2363 in

1221 2368 1385 2412 Baptismo
1397 2370 1446 2402 seu
1464 2370 1496 2403 in
1511 2371 1776 2406 Confirmatione
1787 2397 1797 2412 ,
1811 2375 2018 2418 accipiebant
2030 2390 2099 2412 om·

1220 2420 1272 2453 nia
1287 2418 1487 2453 Charismata
1499 2444 1509 2459 ‚
1538 2420 1587 2453 sed
1602 2421 1735 2462 quidam
1748 2421 1815 2456 haec
1828 2449 1837 2463 ‚
1864 2424 1997 2469 quidam
2016 2428 2075 2462 ista
2092 2443 2097 2461 :

1219 2469 1428 2509 Aliiunum,
1454 2469 1510 2503 alii
1533 2470 1642 2512 plura.
1670 2471 1793 2506 Lucide
1817 2473 1879 2509 hoc
1900 2477 1932 2509 in
1949 2478 2045 2520 priori
2057 2479 2097 2512 ad

1217 2518 1410 2556 Corinthios
1423 2519 1558 2562 epistola
1580 2520 1678 2556 docet
1700 2524 1834 2558 sanctus
1856 2525 2000 2560 Paulus:
2028 2532 2097 2562 Haec
2115 2550 2153 2579 ω

1215 2578 1313 2603 autem
1326 2574 1423 2603 omnia
1434 2578 1570 2611 operatur
1581 2582 1657 2604 unus
1669 2582 1757 2615 atque
1769 2575 1847 2606 idem
1867 2578 1998 2618 spiritus
2016 2580 2096 2613 divi·
2158 2560 2184 2590 p'
2199 2562 2243 2587 η’

1215 2617 1417 2663 densfingule‘s
1426 2628 1515 2662 prout
1529 2622 1597 2654 vult
1613 2645 1620 2653 .

1264 2669 1367 2704 Porro
1388 2670 1512 2714 eloquii
1547 2670 1716 2708 Charisma
1745 2686 1811 2708 non
1842 2675 2015 2712 dumtaxat
2050 2679 2092 2712 ad

1214 2720 1419 2764 Evangelicae
1433 2721 1671 2764 praedicationis
1681 2726 1909 2759 executionem
1918 2727 1980 2760 fuit
1991 2725 2092 2762 dona-

1212 2781 1304 2810 tum,
1331 2770 1383 2804 sed
1408 2770 1534 2814 insuper
1554 2770 1595 2803 ad
1607 2772 1690 2806 alios
1702 2773 1796 2805 fines.
1824 2772 1911 2815 Ipsos
1935 2786 2088 2819 compen.

1212 2821 1268 2854 dio
1279 2820 1417 2863 exponit
1431 2821 1463 2853 in
1477 2819 1655 2853 undecimo
1673 2821 1714 2854 de
1738 2822 1879 2857 Domini
1903 2826 2008 2861 verbis
2019 2828 2087 2861 Ser-

1212 2882 1310 2904 mone
1332 2871 1463 2904 sanstus
1485 2869 1708 2913 Augustinus:
1738 2874 1864 2913 Propter
1883 2873 1959 2908 banc
1985 2879 2085 2911 totius

1211 2918 1344 2953 humani
1358 2920 1528 2963 generisin
1551 2919 1683 2952 Christo
1696 2921 1847 2956 Domino
1867 2926 2024 2960 unitatem
2047 2941 2083 2960 ac

1210 2974 1378 3004 Societatem
1388 2970 1432 3001 illi
1445 2993 1454 3009 ,
1465 2975 1497 3002 m
1508 2980 1579 3011 quos
1589 2971 1731 3011 primitias
1744 2978 1829 3004 venit
1842 2975 1970 3015 Spiritus
1983 2980 2010 3010 5.
2023 2979 2080 3010 lin·
2099 2974 2170 3011 CJP·
2186 2984 2226 3008 ¹7·

1204 3030 1270 3066 guis
1294 3025 1421 3053 amalum
1437 3026 1572 3062 gentium
1589 3018 1663 3061 sunt
1672 3022 1774 3053 locuti.
1801 3024 1945 3066 ,Quiaper
1961 3029 2079 3069 linguas

1206 3070 1373 3114 consociatio
1382 3069 1419 3109 est
1425 3068 1550 3111 societas
1564 3069 1685 3102 humum·
1693 3077 1811 3113 generis
1824 3098 1831 3104 .
1861 3078 1881 3106 5
1883 3082 1909 3107 tc
1929 3077 2079 3117 oportebat

1201 3132 1258 3164 per
1269 3123 1386 3165 linguas
1397 3125 1524 3151 omnium
1541 3126 1675 3163 gentium
1694 3120 1851 3164 significari
1863 3125 2076 3168 istamsbcieta-

1206 3183 1264 3205 tem
1282 3170 1406 3212 filiorum
1426 3173 1481 3202 Dei
1501 3173 1534 3203 (9·
1555 3169 1747 3203 membrorum
1771 3173 1879 3214 christi
1892 3176 2074 3217 futuramin

1204 3219 1504 3264 omnibusgmibus:
1532 3224 1570 3251 Ut
1581 3222 1824 3261 quemadmodum
1838 3235 1906 3258 tunc
1919 3228 1967 3259 ille
1978 3237 2077 3270 appa-

1200 3274 1286 3306 rebat
1305 3270 1435 3312 accepiffe
1457 3271 1600 3310 spiritum
1623 3271 1762 3304 sanatam
1787 3298 1797 3312 ,
1824 3280 1874 3315 qui
1902 3277 2072 3318 loquebatur

1201 3324 1311 3366 linguir
1334 3327 1459 3354 omnium
1475 3327 1633 3363 gentium,
1653 3321 1697 3353 a'ta
1713 3321 1747 3364 se
1771 3335 1846 3356 nunc
1870 3326 1918 3359 ille
1936 3327 2072 3370 agnoscm⁴

1203 3373 1334 3413 accepisse
1356 3374 1495 3412 spiritum
1506 3370 1666 3409 sanilam,
1692 3378 1743 3412 qul
1755 3382 1870 3406 tenetur
1883 3380 1999 3411 vinculo
2019 3388 2076 3419 pa-

1204 3429 1243 3456 cis
1257 3421 1389 3463 Ecclefiae
1401 3444 1412 3460 ,
1438 3431 1504 3461 quae
1525 3419 1706 3461 diffunditur
1728 3427 1760 3454 in
1772 3424 1901 3458 omnibus
1914 3428 2069 3469 gentibut.

1702 3471 1733 3506 R
1941 3478 2022 3511 Lau-
