2346 3724
147 2485 210 2516 Lib.
243 2493 269 2513 1.
285 2480 437 2515 sareensis
462 2504 470 2514 .
498 2478 546 2513 Ita
566 2479 600 2512 &
616 2477 778 2512 Trullana
807 2478 964 2521 Synodus
987 2475 1172 2520 proscripsit

147 2534 215 2564 ⁶²1²·
224 2528 271 2561 46.
287 2530 448 2569 abusum,
473 2528 515 2562 de
536 2528 649 2572 quoin
674 2529 738 2562 suis
749 2528 791 2562 ad
812 2528 883 2571 ejus
903 2526 1173 2572 septuagesimum

363 145 461 196 346

286 228 433 259 memoriae
447 215 688 255 commentamur
700 242 711 259 ,
735 222 767 253 in
774 218 838 263 sinu
846 219 944 264 secum
956 226 1112 262 portantes
1127 229 1168 251 co-

285 276 382 308 dicem
394 297 402 305 .
429 275 482 304 Ex
494 283 549 313 quo
562 280 682 305 tantam
686 271 742 313 fibi
753 278 837 304 intra
853 279 962 312 paucos
985 267 1098 313 menses
1119 270 1171 301 do-

285 324 418 358 &inam
428 322 611 366 arrogabant
625 346 636 362 ,
661 329 694 354 ut
704 332 761 353 non
777 319 871 362 solum
881 332 947 354 cum
970 321 1057 353 laicis
1065 324 1169 361 partis

287 372 450 407 Catholicae
462 396 475 414 ,
499 374 607 407 verum
616 377 707 404 etiam
716 382 783 403 cum
794 370 1000 404 Sacerdotibus
1023 371 1056 404 (5
1067 373 1169 401 Mona-

285 423 400 459 machis
410 448 423 464 ,
448 433 539 465 atque
559 422 635 453 adet»
648 427 742 454 etiam
760 431 827 453 cum
845 420 997 465 Magistris
1026 423 1169 455 &sacra

284 474 449 518 Theologiae
473 471 649 511 Dodloribus
668 469 822 514 disputare
842 472 879 505 de
895 470 960 514 fide
980 473 1014 505 (¹5
1028 474 1169 514 Evange-

282 526 323 560 lio
343 535 401 558 mn
419 520 614 565 erubescerent
638 546 646 553 .
674 523 852 566 ‚Quinimmo
874 529 997 563 repertae
1014 519 1088 565 sunt
1109 532 1169 553 mu·

282 575 411 611 lierculae
422 598 432 615 ‚
461 584 530 615 quae
538 570 695 614 proptfitis
707 570 888 605 thematibus
913 583 948 606 ac
957 573 1048 605 editis
1057 571 1165 604 libellis

283 625 471 659 Tbeutonicis
480 621 562 665 ausae
563 621 695 663 fuerant
704 622 782 655 ultro
789 630 952 664 provocare
963 646 975 663 ‚
1000 623 1035 655 (5
1047 622 1166 664 quidem

279 674 472 718 procacifflme
493 670 670 715 insultantes
691 695 703 713 ‚
728 677 986 716 ignorantiamque
1016 677 1167 713 imprope-

283 732 390 759 rantes
404 748 415 765 ‚
442 725 475 757 (9
495 727 676 764 contemptui
698 721 843 757 babentes
863 729 945 757 viros
967 746 978 763 ,
1004 733 1064 755 non
1082 722 1166 756 modo

282 777 371 810 laicos
381 782 470 816 atque
476 778 621 814 privatos
635 795 647 813 ,
673 774 779 807 verum
790 779 882 808 etiam
905 772 1053 817 quoslibet
1064 772 1167 805 Dodo·

282 837 333 861 res
346 849 357 866 ‚
385 828 566 857 Licentiatos
578 828 666 856 totius
675 822 842 866 facultatis
854 823 1029 868 Theologicae
1042 834 1077 856 ac
1086 830 1165 856 totas

286 882 378 911 etiam
389 871 602 914 Univerfitates
615 896 622 905 .
650 875 744 918 ,Quod
760 875 797 908 de
810 876 921 919 Argula
931 873 1021 908 nobili
1031 874 1165 916 quadam

280 926 403 960 muliere
419 932 597 966 compertum
611 922 734 958 habetur
758 949 767 957 .
805 927 911 968 quue
929 926 1085 964 audaciae,
1112 923 1164 956 ab·

276 975 358 1018 jeela
371 974 505 1008 muliebri
512 976 647 1017 pudore,
667 974 862 1017 processerunt
877 977 1013 1009 mulieres
1027 972 1166 1007 Lutberi·

276 1024 358 1070 scae,
381 1034 417 1058 ut
426 1029 517 1059 etiam
538 1026 594 1067 jus
605 1024 781 1067 officiumque
798 1025 913 1068 publice
936 1031 968 1059 in
982 1023 1107 1064 Ecclesia
1119 1025 1166 1057 do-

278 1077 367 1110 cendi
380 1074 453 1118 fibt'
463 1074 666 1118 usurparent.
692 1079 762 1109 Nec
781 1077 905 1110 deerant
931 1082 974 1110 eis
996 1073 1164 1118 defensores

278 1130 347 1160 viri
355 1123 525 1168 Lutberifti
536 1149 547 1166 ,
573 1130 625 1169 qui
637 1127 771 1160 dicerent
783 1128 912 1160 Paulum
932 1126 1055 1160 eatenus
1063 1123 1165 1166 probi-

279 1174 365 1220 buffl‘e
374 1176 495 1209 docendi
506 1187 615 1209 munus
626 1175 798 1210 mulieribus
809 1201 820 1217 ,
846 1177 992 1219 quatenus
1010 1174 1108 1217 adfine
1120 1180 1163 1208 vi-

278 1230 328 1267 ri,
350 1230 403 1268 qui
413 1226 512 1259 docere
531 1223 633 1267 sciant
645 1227 846 1269 acwaleant.
873 1230 919 1262 Et
941 1225 1092 1260 Lutherus
1105 1223 1165 1267 ipse

278 1277 365 1320 longe
375 1277 468 1309 antea
488 1276 626 1309 docuerat
640 1270 784 1309 'mulieres
808 1288 919 1319 quoque
930 1275 1163 1316 Christianorum

276 1327 351 1360 vers?
360 1325 529 1359 Sacerdotes
541 1326 592 1366 effi*
604 1347 616 1363 ,
641 1333 733 1366 atque
745 1327 817 1359 adeo
843 1328 996 1368 quidquid
1015 1327 1032 1358 ἑ
1042 1324 1165 1367 Baptis-

273 1377 457 1418 mrepserit
468 1396 481 1415 ,
505 1374 558 1418 effe
577 1375 650 1408 vere*
669 1377 811 1417 Papam,
837 1374 1018 1420 Episcopum
1031 1398 1043 1415 ‚
1068 1377 1163 1408 Sacer-

279 1425 378 1459 dotem
390 1449 398 1457 .

328 1472 496 1509 Adversus
508 1472 596 1510 hanc
607 1475 842 1518 procacitatem
852 1475 1025 1512 concludit
1035 1476 1070 1510 in
1081 1475 1165 1509 libro

273 1524 319 1561 de
330 1525 501 1569 Baptismo
515 1526 626 1560 noster
636 1526 810 1570 Septimius
823 1541 835 1561 .-
865 1529 971 1572 ,Quam
980 1525 1053 1568 fidei
1062 1531 1164 1568 proxi·

270 1588 358 1611 mum
371 1578 527 1611 videretur
538 1599 549 1616 ,
574 1584 608 1610 ut
618 1578 733 1610 Paulus
742 1578 864 1611 docendi
877 1576 1110 1619 daretfoeminae
1116 1585 1165 1618 po·

272 1627 430 1667 testatm‚
451 1631 509 1676 *qui
529 1638 582 1660 nec
601 1626 712 1670 discere
728 1629 852 1669 quidem
870 1626 1033 1667 constanter
1054 1629 1167 1660 mulieri

271 1677 430 1721 permiste?
454 1679 589 1711 Tac-eant
613 1702 624 1718 ,
650 1683 768 1720 inquit,
797 1680 833 1713 ὀ·
854 1679 933 1712 domi
953 1683 1078 1712 maritos
1097 1675 1165 1718 suos

272 1727 451 1770 consulant.
478 1726 582 1761 Viros
608 1728 643 1762 &
666 1729 818 1765 mulieres
840 1729 920 1764 loco
945 1727 982 1762 in
1009 1726 1166 1762 Ecclesiis

275 1778 444 1821 separabat
454 1776 590 1819 antiqua
613 1777 811 1820 disciplina,
837 1790 876 1814 ac
900 1779 942 1814 de
964 1778 1031 1821 ipsa
1047 1778 1082 1811 in
1097 1780 1167 1812 sua.

275 1825 574 1862 tumeatecheseon
597 1827 787 1868 praefatione
812 1828 925 1861 scribit
951 1829 1087 1861 sanstus
1099 1827 1167 1869 Cy-

276 1878 371 1913 xillus
396 1876 576 1919 Episcopus
597 1876 928 1921 Hierosolymitanus
951 1888 959 1909 ε
994 1875 1166 1918 adsidentes

275 1932 341 1962 viri
350 1925 460 1960 librum
469 1925 596 1966 aliquem
608 1926 712 1958 utilem
723 1924 857 1959 habeant
867 1950 878 1966 ,
903 1928 938 1959 ὁ·
950 1927 1028 1958 alius
1044 1928 1167 1967 quidem

276 1979 358 2022 legat
372 2001 383 2017 ,
408 1976 484 2008 alius
493 1977 562 2008 vero
576 1975 704 2007 audiat.
734 1973 906 2018 Ejusmodi
927 1974 1100 2008 lectionem
1120 1975 1168 2007 in·

276 2027 410 2065 terdicit
433 2024 642 2059 mulieribus:
671 2028 761 2069 Virgo
785 2034 848 2059 oret
868 2026 922 2059 vel
941 2025 1042 2067 legat,
1066 2028 1112 2056 ita
1136 2032 1169 2057 ut

277 2077 359 2111 labia
373 2077 491 2119 quidem
511 2077 670 2118 loquamur
681 2099 692 2115 ,
719 2086 783 2109 vox
801 2084 904 2109 autem
926 2075 970 2107 ad
981 2075 1100 2113 alienas
1118 2083 1169 2106 au·

278 2140 327 2164 res
338 2139 396 2162 non
402 2131 581 2170 perveniat.
612 2124 717 2173 Qod
741 2126 849 2169 ipsum
864 2123 1014 2160 adversus
1043 2123 1170 2157 Priscil-

279 2177 485 2214 lianistarum
507 2175 657 2210 mulieres
679 2175 793 2210 statuit
816 2175 973 2219 synodus
983 2173 1171 2209 Caesar-Au-

277 2228 420 2275 gustana
442 2252 450 2260 .
478 2227 524 2260 Et
550 2224 631 2260 hinc
654 2226 866 2270 Imperatoris
893 2225 1018 2260 Licinii
1041 2225 1171 2270 legem,

280 2290 353 2324 quae
365 2278 517 2313 foeminas
527 2288 595 2311 non
608 2276 626 2310 ὲ
637 2276 867 2311 Sacerdotibus
877 2276 911 2311 in
926 2275 1065 2310 Ecclesia
1079 2299 1090 2316 ‚
1117 2275 1171 2310 sed

280 2330 324 2365 ab
333 2330 408 2364 aliis
428 2327 574 2363 foeminis
594 2327 706 2361 doceri
719 2327 827 2362 sanxit
848 2328 884 2362 in
909 2326 1045 2370 privatis
1058 2325 1172 2360 domi·-

282 2379 363 2419 bus,
389 2378 618 2413 fuisseirrisam
641 2377 683 2411 ab
704 2377 863 2411 omnibus
884 2378 919 2411 δε
939 2376 1169 2422 εκίιιὶᾘαεψι,

283 2431 422 2468 affirmat
435 2429 471 2464 in
483 2428 605 2474 Magni
619 2427 833 2462 Constantini
855 2426 921 2461 vita
934 2425 1094 2460 Eusebius
1103 2423 1173 2458 Cae-

287 2580 464 2615 Canonem
476 2577 1017 2621 ScholiisTheodorutBalsamon
1032 2590 1044 2610 .-
1070 2575 1172 2609 Mulie-

287 2642 339 2665 res
361 2629 502 2672 quaedam
521 2638 554 2661 eo
579 2635 708 2668 tempore
729 2630 868 2661 Divinas
889 2630 1060 2669 Scripturas
1084 2629 1178 2670 legere

284 2690 355 2724 prae
372 2677 404 2722 se
420 2677 557 2719 ferentes
578 2702 589 2717 ,
615 2682 779 2710 concionari
795 2675 880 2719 saepe*
905 2677 1177 2720 aggrediebantur,

290 2730 382 2764 <aad
403 2731 647 2770 interrogationes
667 2738 702 2760 ac
722 2725 915 2768 responsiones
930 2725 964 2769 se
986 2734 1179 2768 comparare,

288 2781 371 2824 quod
379 2779 501 2821 quidem
516 2777 663 2810 Patribus
687 2787 872 2819 nequaquam
892 2777 1065 2811 mulieribus
1078 2787 1179 2810 conve-

293 2836 359 2864 nire
379 2826 478 2872 visum
498 2826 555 2867 est,
583 2821 694 2861 &ideo
713 2826 898 2869 prohibitum
911 2852 918 2859 .
947 2829 1105 2861 Privatim
1128 2837 1186 2860 auf
1208 2851 1210 2856 .

295 2888 356 2914 tem
365 2879 576 2922 prudentiores
591 2882 769 2920 interrogare
780 2879 818 2911 de
829 2876 979 2920 aliquibus
992 2884 1104 2911 animae
1116 2888 1180 2910 con-

296 2927 475 2965 ducibilibus
486 2951 498 2968 ,
523 2938 640 2962 vanum
650 2939 685 2961 ac
696 2933 830 2969 ineptum
842 2928 1098 2974 nonest-*Quod
1109 2938 1181 2970 pru·

293 2980 461 3016 densiores
483 2978 633 3013 mulieres
658 3002 670 3018 ,
697 2978 802 3012 viduae
834 2978 1005 3022 praesertim
1026 3002 1038 3019 ,
1063 2978 1180 3013 docere

294 3029 449 3075 privatim
462 3028 581 3072 posiint
599 3030 691 3063 suam
715 3027 894 3069 familiam,
920 3029 1108 3072 frequenter
1119 3037 1178 3062 tra·

295 3079 347 3115 dit
377 3080 512 3115 Sanctus
538 3078 680 3121 Ioannes
706 3076 965 3121 Chrysostomus
987 3104 995 3112 .
1030 3079 1180 3113 Gentiles

296 3131 440 3166 foeminae
451 3129 550 3163 fidem
564 3129 597 3162 ἀ
608 3128 892 3163 Christianitatem
907 3153 918 3170 ,
933 3127 968 3163 δε
981 3129 1067 3162 varia
1078 3140 1182 3172 quan-

297 3182 408 3224 doque
417 3179 459 3216 de
472 3179 544 3223 ipsis
566 3178 665 3213 dubia
677 3203 688 3219 ,
714 3191 782 3214 non
795 3179 942 3222 proxime
961 3178 1002 3213 ab
1016 3179 1179 3223 Episcopo

300 3232 450 3266 solebant
462 3229 623 3274 postulare
635 3246 650 3270 ,·
672 3229 726 3264 sed
752 3230 794 3264 ab
809 3229 1040 3264 Ecclesiasticis
1053 3228 1158 3265 viduis
1170 3251 1180 3268 ‚

301 3281 454 3316 similium
474 3291 582 3315 rerum
603 3279 849 3314 mediatricibus
874 3291 913 3315 ac
937 3277 1158 3314 directricibus
1173 3302 1180 3310 .

302 3328 349 3364 Et
364 3340 474 3367 tamen
492 3330 593 3367 etiam
604 3329 657 3366 his
668 3354 682 3373 ,
706 3342 751 3366 ne
771 3330 813 3366 de
825 3330 895 3366 ullo
915 3330 1071 3376 dogmate
1083 3351 1096 3370 ‚
1121 3328 1179 3362 nisi

885 134 1403 179 S'cnotr

1475 137 1608 174 ott

1238 216 1281 252 de
1305 216 1373 253 Dei
1400 217 1529 252 unitate
1553 215 1704 252 adversus
1729 217 1954 254 Idololatriam
1981 221 2118 263 respon-
2138 219 2199 251 Lib.
2230 230 2258 259 3.

1237 267 1336 304 deant
1351 293 1363 310 ‚
1389 279 1427 303 ac
1441 268 1556 302 omnia
1575 268 1639 302 alia
1650 268 1817 303 remittant
1830 270 1870 305 ad
1883 270 2030 304 Ecclefiae
2041 270 2120 305 Prae-
2139 271 2204 300 ΜΡ·
2225 272 2252 296 5·

1237 319 1357 362 positos
1379 343 1391 360 ,
1434 317 1595 353 mandant
1622 317 1825 361 Apostolicae
1844 320 2098 356 constitutiones
2113 346 2121 356 .

1237 369 1281 404 Et
1300 369 1385 405 dant
1408 370 1557 404 causam:
1584 369 1679 412 ‚Quod
1690 371 1833 402 Dominus
1856 369 1929 414 solos
1951 371 2118 414 Apostolos,

1236 421 1351 453 nullam
1361 430 1461 454 autem
1464 419 1626 462 faeminam
1638 443 1649 459 ‚
1674 431 1711 453 ne
1719 417 1809 462 suam
1830 422 1948 462 quidem
1970 432 2096 455 matrem
2106 446 2118 462 ,

2139 310 2224 340 punc.
2233 306 2262 331 6.

1235 468 1416 527 miserit-ad
1427 471 1661 512 praedicandum
1679 494 1686 500 .
1714 470 1767 503 Ex
1789 481 1853 513 qua
1875 472 1984 515 regula
2006 473 2116 506 nescio
2141 493 2227 523 Anno

1233 530 1332 563 quam
1357 531 1393 555 in
1406 520 1543 555 Francia
1565 520 1825 555 Praedicatricem
1838 520 1930 555 fuisse
1949 533 1989 557 ex
2011 525 2121 566 Syno·
2142 536 2210 568 847·

1232 570 1300 604 dali
1312 571 1469 605 mandato
1478 569 1609 615 publice
1621 570 1761 615 flagellis
1784 570 1961 606 coercitam
1980 573 2014 606 ἀ
2025 574 2121 606 casii·

1232 630 1343 665 gatam
1359 644 1371 661 ,
1397 621 1554 655 testantur
1575 621 1724 656 Annales
1751 621 1955 656 Francorum
1979 622 2120 657 Fulden-

1233 673 1280 705 ses
1309 695 1317 703 .
1357 670 1411 705 Ex
1434 672 1545 705 eadem
1572 672 1738 716 Beguiuas
1764 671 1935 705 damnavit
1962 671 2118 708 Clemens

1231 722 1365 767 quintus
1374 746 1386 764 ,
1412 721 1588 767 Jesuitiffas
1600 722 1745 757 extinxit
1758 720 1921 756 Urbanus
1932 724 2062 758 octavus
2075 747 2082 755 .

1548 872 1767 921 contendere
1780 909 1793 921 .

1280 1023 1330 1057 Ita
1352 1022 1393 1058 de
1412 1021 1548 1058 seductis
1561 1034 1616 1067 per
1640 1023 1760 1058 Atiam
1778 1021 2029 1059 Haeresiarcham
2052 1033 2123 1058 mu·

1230 1073 1362 1108 lieribus
1374 1072 1482 1107 scribit
1499 1073 1540 1107 ad
1551 1074 1706 1108 Sanctum
1721 1074 1948 1109 Alexandrum
1960 1073 2122 1108 Constan-

1231 1123 1491 1167 tinopolitanum
1506 1124 1705 1167 Episcopum
1714 1125 1849 1159 Sanctus
1860 1124 2047 1159 Alexander
2061 1122 2124 1157 Pa-

1231 1172 1370 1210 triarcha
1384 1173 1652 1208 Alexandrinus.-
1677 1175 1884 1206 Seditionesin
1909 1184 1963 1206 nos
1986 1174 2122 1215 quotidie

1230 1230 1409 1265 concitare,.
1415 1235 1532 1267 graves
1556 1229 1629 1256 ciere
1645 1220 1860 1265 persecutiones
1878 1246 1890 1262 ,
1915 1224 1950 1255 δ’
1973 1222 2124 1256 interdum

1230 1275 1298 1307 lites
1318 1282 1373 1316 per
1394 1274 1629 1307 muliercularum
1654 1279 1838 1315 impurarum
1849 1270 2021 1315 sermones,
2045 1281 2123 1315 quas

1231 1322 1283 1366 ipfi
1305 1330 1336 1358 in
1365 1322 1508 1366 fraudem
1530 1324 1714 1364 impulerunt
1740 1346 1752 1363 ,
1777 1323 1931 1356 intendere
1952 1346 1964 1362 ,
1990 1332 2124 1355 nonnun-

1231 1386 1324 1417 quam
1345 1375 1512 1418 religionem
1538 1372 1743 1413 Christianam
1755 1395 1765 1413 ,
1787 1371 1859 1415 suas
1871 1373 1993 1407 tenellas
1998 1374 2031 1417 J
2033 1382 2125 1406 uven-

1233 1426 1314 1459 cuias
1332 1433 1390 1466 per
1411 1423 1543 1468 fingulaes
1562 1424 1686 1465 plateas
1709 1428 1837 1464 turpiter
1865 1422 2123 1462 circumducendo,

1226 1475 1407 1520 graviffimis
1419 1474 1600 1517 contumeliis
1613 1475 1726 1516 afficere
1740 1477 1848 1506 Ariani
1859 1482 1917 1506 non
1927 1473 2104 1506 dubitarunt
2116 1493 2127 1504 .

1232 1525 1365 1559 Alludit
1384 1523 1424 1558 ad
1449 1522 1651 1567 blasphemas
1674 1523 1876 1566 cantilenas,
1901 1532 1979 1568 quas
1998 1522 2034 1556 in
2054 1520 2124 1556 Dei

1231 1574 1335 1609 Verbi
1350 1571 1595 1609 'contumeliam
1619 1573 1719 1608 Arius
1737 1573 1968 1618 composuerat
1981 1594 1993 1613 ,
2019 1572 2054 1606 ἀ
2067 1580 2124 1615 per

1232 1626 1293 1659 suae
1306 1624 1475 1659 Parochiae
1496 1623 1619 1668 puellas
1633 1623 1769 1658 curabat
1792 1624 1827 1658 in
1841 1621 1996 1667 compitis
2008 1621 2127 1656 decan-

1233 1676 1313 1712 tari.
1343 1675 1387 1709 Et
1401 1675 1442 1709 de
1455 1675 1574 1709 eodem
1595 1673 1666 1718 post
1679 1674 1888 1717 Imperatoris
1909 1671 2126 1708 Constantini

1234 1735 1375 1761 mortem
1396 1724 1616 1761 invalescente
1638 1724 1723 1759 vitio
1748 1723 1858 1759 scribit
1878 1722 2026 1758 Socrates
2040 1735 2053 1757 .-
2078 1724 2134 1755 De¹

1232 1782 1365 1820 opinione
1376 1777 1429 1810 illa
1438 1781 1471 1809 in
1481 1773 1547 1818 ipsa
1557 1778 1652 1819 Regia
1665 1775 1847 1809 cubicularii
1870 1777 1956 1818 Regii
1976 1783 2042 1806 eum
2063 1782 2126 1806 mu-

1232 1829 1359 1860 lierculis
1375 1827 1586 1869 digladiantur
1601 1848 1612 1863 ,
1637 1830 1670 1857 in
1681 1824 1804 1867 fingulis
1818 1824 1901 1857 urbis
1915 1822 2046 1864 familiis
2066 1823 2127 1855 liti·

1227 1874 1310 1920 giosa
1332 1875 1491 1917 disserendi
1513 1873 1682 1914 estpugna.
1712 1873 1866 1907 Affirmat
1886 1871 2007 1907 exinde
2030 1871 2138 1916 fuisse,

1233 1925 1427 1960 concussum
1448 1933 1549 1958 omne
1560 1920 1708 1956 Orientis
1731 1921 1931 1966 Imperium,
1957 1922 1992 1957 &
2012 1920 2127 1964 adjun-

1234 1976 1283 2018 git
1291 1974 1444 2011 eausam:
1473 1975 1562 2003 Nam
1574 1975 1674 2012 cuique
1684 1969 1808 2012 causam
1819 1972 1964 2007 tumultus
1977 1969 2126 2015 [cist-itam

1234 2029 1260 2056 ti
1272 2020 1459 2064 ansastatim
1471 2018 1661 2063 difieptandi
1675 2019 1778 2053 oblata
1787 2018 1825 2058 est
1835 2043 1847 2060 ,
1872 2021 1908 2052 Θ
1928 2018 2051 2062 quisque
2067 2032 2127 2053 mm

1235 2074 1320 2107 modi
1334 2072 1373 2106 de
1383 2082 1421 2105 ea
1432 2081 1536 2114 rogare
1547 2092 1558 2108 ,
1583 2070 1690 2103 verum
1700 2074 1793 2102 etiam
1798 2073 1974 2113 pugnaciter
1995 2069 2131 2112 differere

1235 2123 1351 2158 voluit.
1378 2125 1430 2154 Ita
1450 2125 1646 2154 contentionis
1667 2120 1798 2161 procella
1821 2120 2007 2162 tranquillus
2028 2128 2137 2154 rerum,

1232 2173 1330 2215 status
1343 2170 1546 2213 labesae‘iatus
1558 2169 1596 2209 est
1604 2170 1733 2212 penitus
1758 2178 1850 2212 atque
1868 2167 1990 2213 eversus
2002 2192 2010 2202 .
2039 2169 2130 2205 Cun-

1236 2226 1300 2258 ctas
1310 2221 1474 2257 haereticas
1490 2221 1642 2256 mulieres
1665 2220 1699 2254 in
1712 2219 1938 2254 contendendi
1962 2231 2001 2254 ac
2021 2219 2133 2264 dispu-

1237 2274 1330 2310 tandi
1340 2272 1477 2308 audacia
1491 2273 1678 2315 superarunt
1690 2269 1873 2314 Pelagianae
1883 2294 1895 2312 ,
1922 2269 2062 2315 ideoque
2083 2270 2134 2314 ip-

1239 2327 1287 2359 sas
1299 2324 1430 2358 Sanetus
1444 2322 1677 2365 Hieronymus
1690 2320 1774 2356 reste
1798 2322 1832 2355 δι
1852 2319 1971 2355 merito
1991 2318 2132 2364 appella-

1240 2376 1286 2409 vit
1299 2374 1489 2408 Amazonas
1501 2395 1508 2404 .
1532 2371 1671 2406 Nullam
1684 2381 1830 2414 unquam
1842 2370 1908 2405 fine
1931 2370 2129 2414 cooperatri-

1237 2436 1275 2459 ce
1288 2424 1464 2458 mulierum
1486 2421 1620 2456 audacia
1634 2421 1728 2456 fuine
1748 2421 1782 2454 in
1807 2421 1948 2455 Ecclesia
1960 2418 2127 2460 haerefim,

1239 2475 1326 2509 idem
1339 2475 1465 2508 Dostor
1474 2471 1721 2510 demonstratio
1733 2470 1848 2505 litteris
1868 2469 1909 2504 ad
1932 2469 2129 2514 Ctesiphon-

1241 2535 1328 2559 tem:
1358 2526 1457 2557 simon
1479 2526 1586 2566 Magus
1607 2520 1739 2562 baeress'm
1747 2522 1882 2555 condidit
1905 2522 2129 2556 Helenaemere-

1239 2581 1323 2609 tricis
1346 2576 1471 2613 adjutus
1491 2573 1626 2606 auxilio.
1654 2571 1799 2604 Nicolaus
1825 2569 2018 2604 antiochenus
2035 2593 2046 2610 ,
2068 2581 2129 2603 om·

1240 2632 1322 2659 nium
1344 2624 1607 2656 immunditiarum
1627 2629 1759 2663 operator
1771 2645 1782 2662 ,
1806 2620 1906 2654 choros
1922 2621 2015 2654 duxit
2026 2619 2132 2661 formi-

1239 2687 1308 2710 neos
1318 2700 1326 2708 .
1354 2677 1486 2707 Marcion
1500 2676 1626 2706 Romam
1636 2670 1777 2714 praemist't
1789 2672 1940 2705 mulierem
1951 2695 1963 2712 ,
1989 2681 2059 2714 quae
2078 2671 2131 2703 dt-

1239 2725 1391 2768 cipiendos
1405 2721 1461 2766 fibi
1483 2728 1598 2756 animos
1616 2730 1810 2765 praepararet
1833 2747 1841 2754 .
1879 2722 1994 2763 Apelles
2026 2718 2131 2755 Philu-

1240 2787 1354 2810 menem
1368 2772 1495 2818 suarum
1516 2778 1649 2807 comitem
1662 2771 1768 2805 habuit
1787 2771 1987 2805 dominarum
2001 2794 2009 2803 .
2033 2773 2129 2805 Mon·-

1240 2835 1331 2860 tanus
1353 2825 1501 2860 immundi
1522 2820 1648 2867 spiritus
1666 2823 1847 2863 praedc'cator
1858 2846 1870 2863 ,
1897 2823 2009 2856 multas
2027 2821 2135 2856 Eccle-

1235 2877 1295 2920 fias
1305 2884 1360 2917 per
1375 2872 1510 2917 Priscam
1535 2874 1568 2907 6·
1580 2873 1784 2908 Maximillam
1797 2897 1808 2914 ,
1832 2872 1941 2906 nobiles
1967 2873 2002 2907 δ’
2013 2872 2132 2913 opulen-

1243 2927 1464 2969 tasse-minas,
1486 2923 1620 2966 primum
1636 2934 1707 2956 auro
1719 2928 1871 2965 corrupit,
1898 2923 2008 2958 deinde
2029 2917 2132 2962 baeresi'

1238 2979 1363 3021 polluit.
1391 2978 1554 3008 Dimittam
1580 2981 1685 3007 vetera
1708 2996 1719 3012 ,
1744 2974 1790 3007 ad
1811 2978 1957 3007 viciniora
1979 2970 2131 3015 transt-en-

1203 3034 1206 3038 '
1242 3030 1314 3061 dam
1326 3053 1334 3060 .
1363 3030 1451 3060 Arius
1472 3033 1506 3058 ut
1522 3023 1620 3058 orbem
1631 3024 1778 3065 deciperet
1790 3047 1801 3064 ,
1823 3022 1951 3067 sororem
1973 3025 2127 3063 Principis·

1243 3086 1314 3112 ante
1336 3077 1451 3117 decepit
1473 3100 1481 3108 .
1511 3077 1645 3108 Donatus
1665 3082 1722 3116 per
1745 3075 1880 3116 Africam
1902 3098 1914 3114 ‚
1938 3082 1972 3107 ut
1994 3070 2132 3113 infelices·

1242 3126 1365 3172 quosque
1379 3124 1561 3169 foetentibus
1582 3126 1725 3166 pollueret
1747 3130 1861 3167 aquis,
1889 3124 2011 3159 Lucilla
2022 3118 2126 3161 opibus

1242 3181 1367 3220 adjutus
1389 3176 1428 3218 est
1441 3200 1448 3208 .
1474 3180 1512 3210 In
1535 3173 1687 3218 Hispania
1700 3179 1800 3219 Agape
1819 3175 1999 3216 Elpidium,
2022 3169 2128 3202 multer

1244 3236 1343 3263 virum
1358 3252 1369 3268 ,
1393 3237 1498 3260 coecum
1507 3236 1601 3266 cceca,
1630 3225 1721 3258 duxit
1730 3231 1763 3259 in
1768 3224 1918 3267 foveam,
1942 3218 2127 3262 (uccefforem-

1247 3291 1304 3322 que
1318 3277 1374 3321 fibi
1397 3275 1619 3320 Prifhtllianum
1644 3274 1750 3308 babuit
1765 3298 1774 3307 .
1799 3270 1955 3308 Etiamin
1968 3267 2126 3302 paradiso

1246 3331 1315 3364 Eva
1326 3328 1448 3364 marito
1459 3327 1541 3363 Adae
1551 3324 1738 3372 praedicavit
1762 3334 1800 3359 ac
1810 3320 1957 3366 persuasit
1970 3317 2128 3403 l-ssaeiiefim

2017 3379 2034 3403 e
2050 3379 2079 3402 a·

2148 1759 2209 1791 Lib.
2231 1762 2268 1798 ’ςρ

2147 1809 2209 1840 cap.
2239 1808 2267 1830 τ.

2151 2528 2225 2569 ‘2²1’-
2244 2540 2274 2567 ιν
