2346 3724
124 2783 190 2821 Cap
216 2793 228 2814 r

782 176 1372 233 CAP1rrs
1476 177 1604 226 XIIL'
1937 193 2033 244 137

1195 266 1339 302 immobile
1356 276 1391 299 ac
1411 263 1648 307 irrefivrmabile·
1675 260 1722 296 Et
1745 262 1789 297 ad
1815 264 1890 299 suos
1913 263 2089 302 Montani.

1196 318 1257 353 stas
1281 317 1322 352 ab
1338 316 1445 352 haeren
1466 312 1658 360 purgandos
1681 311 1821 346 nescivit
1847 315 1936 349 aliud
1952 340 1964 357 ,
1989 316 2090 362 quam

1196 368 1286 413 quod
1306 368 1356 402 illi
1368 378 1438 403 non
1454 365 1604 401 laederent
1616 363 1765 408 regulam
1781 386 1789 394 .
1817 362 1911 397 Hinc
1922 365 1956 398 δε
1970 367 2005 400 ‘m
2019 378 2090 410 με.

1198 420 1280 454 senti
1302 419 1379 453 loco
1401 418 1483 452 reste
1506 415 1618 451 scribit
1640 413 1727 449 nihil
1745 410 1842 447 nobis
1859 412 1946 456 posse
1959 413 1992 448 in
2006 427 2093 460 qua-,-

1197 470 1341 506 aionem
1352 468 1529 509 devenire,
1554 466 1615 501 nisi
1643 464 1730 501 salva
1746 461 1860 510 regula
1871 460 1985 498 Fidei.

255 275 294 310 10
304 271 498 319 Apostolico
526 269 631 315 lapsus
654 271 688 306 in
699 269 856 307 haerefim.
883 270 980 305 Plura
990 270 1130 306 aliorum

254 325 389 360 Parrum
401 321 586 357 testimonia
597 322 720 357 adduxi
744 324 777 357 in
791 322 914 366 praeviis
927 321 1131 356 Dissertatio-

255 374 356 410 nibus
377 374 417 407 ad
442 372 615 407 Nicaenum
637 373 831 416 Symbolum
853 398 860 405 .
897 369 1130 411 Apostolicum

255 424 453 466 Symbolum
465 449 474 463 ‚
503 424 617 467 utpote
628 424 771 459 veritatis
780 435 817 458 ac
827 423 893 456 Dei
905 422 1050 466 regulam
1064 446 1074 461 ‚
1096 422 1131 455 in

256 473 344 509 libro
353 474 394 509 de
410 473 569 509 Velandis
581 474 776 520 Virginibus
785 475 908 510 Doctor
919 473 1060 508 affirmat
1068 472 1132 508 effe

562 680 1187 767 CAPUT
1396 677 1794 763 XIII.

542 798 1051 959 RegulaFidei
1104 859 1148 928 iz
1215 845 1394 926 nullo
1436 847 1810 928 movenda.

505 1013 645 1076 Egula
669 1013 732 1063 est
758 1027 905 1062 autem
931 1009 1055 1060 Fidei
1082 1046 1096 1073 ,
1132 1026 1181 1060 ut
1208 1015 1296 1076 jam
1331 1011 1436 1060 hinc
1461 1008 1573 1078 quid
1602 1009 1892 1062 defendamus
1922 1047 1936 1072 ‚
1971 1010 2104 1079 profi-

541 1097 748 1142 teamur3
784 1083 861 1132 illa
886 1080 1049 1131 scilicet
1096 1098 1185 1150 qua
1223 1079 1413 1133 creditur
1439 1117 1454 1140 ‚
1490 1085 1643 1131 Unum
1690 1081 1872 1132 omnino
1912 1086 2105 1130 Deum...

539 1150 620 1202 effe
647 1174 661 1213 3
697 1171 779 1202 nec
807 1155 942 1202 alium
966 1168 1121 1222 praeter
1146 1150 1299 1201 mundi
1325 1149 1615 1202 Conditorem
1646 1173 1662 1210 ς
1695 1153 1792 1222 Qi
1819 1149 2022 1200 universa
2047 1148 2104 1199 de

538 1224 680 1274 nihilo
709 1222 962 1294 produxerit
989 1261 1002 1286 ,
1039 1241 1116 1293 per
1158 1222 1355 1272 Verbum
1398 1221 1518 1271 suum
1559 1221 1707 1291 primo
1751 1223 1951 1271 omnium
1977 1218 2105 1270 emis-

256 1287 351 1339 sum
378 1327 391 1338 .
443 1289 497 1339 Id
521 1294 716 1344 Verbum
746 1296 905 1343 Filium
932 1299 1024 1361 ejus
1051 1295 1316 1362 appellatum
1343 1330 1358 1353 ‚
1397 1295 1444 1343 in
1468 1296 1645 1342 nomine
1685 1294 1777 1342 Dei
1807 1291 1927 1343 varie
1967 1289 2105 1340 visum

257 1357 288 1408 ὲ
314 1360 577 1412 Patriarchis
604 1400 618 1425 ‚
655 1367 702 1413 in
727 1365 957 1432 Prophetis
984 1363 1147 1432 semper
1178 1363 1375 1413 auditum
1405 1399 1419 1423 ‚
1454 1362 1674 1431 postremo
1698 1361 1895 1412 delatum
1931 1378 1987 1409 ex
2013 1362 2107 1428 Spi-

257 1430 350 1479 ritu
384 1434 528 1480 Patris
554 1436 644 1482 Dei
679 1437 723 1483 &
751 1437 914 1483 virtute
940 1436 986 1482 in
1011 1437 1240 1498 Virginem
1269 1435 1457 1484 Mariam
1488 1468 1502 1492 ,
1539 1450 1717 1482 carnem
1754 1431 1915 1481 fastum
1939 1433 1986 1479 in
2011 1445 2107 1480 ute-

256 1515 310 1547 ro
334 1502 424 1569 ejus
451 1534 464 1558 ‚
499 1504 542 1549 &
570 1520 626 1551 ex
660 1519 712 1551 ea
735 1519 887 1551 natum
915 1502 1043 1566 egiffe
1072 1506 1278 1568 JESUM
1321 1503 1547 1552 Christum
1576 1539 1588 1550 .
1637 1501 1806 1550 Exinde
1830 1497 2108 1568 praedicasse„

255 1584 421 1618 novam
446 1569 587 1634 legem
618 1609 633 1633 ,
668 1577 711 1622 δε
740 1590 903 1624 novam
933 1572 1254 1641 promiflionem
1281 1575 1427 1636 Regni
1452 1573 1680 1622 Coelorum
1715 1607 1729 1632 ‚
1764 1573 1953 1621 virtutes
1982 1569 2106 1619 fecis-

257 1636 302 1687 se
327 1674 341 1687 .
377 1641 528 1690 Fixum
556 1646 674 1692 cruci
702 1681 717 1705 ,
755 1646 905 1693 Tertia
929 1643 1000 1692 die
1024 1641 1285 1693 resurrexisse
1310 1680 1323 1692 .
1373 1647 1425 1692 In
1467 1644 1602 1692 coelos
1640 1657 1838 1711 ereptum
1875 1638 2022 1690 sediffe
2052 1639 2110 1689 ad

256 1706 456 1759 dextram
497 1715 640 1763 Patris
682 1750 695 1763 .
745 1713 900 1764 Mififfe
929 1717 1154 1764 Vicariam
1181 1716 1277 1762 ,vim
1318 1715 1504 1782 Spiritus
1535 1715 1678 1762 Sandti
1700 1747 1714 1773 ‚
1762 1715 1842 1779 qui
1884 1709 2110 1760 credentes

256 1792 363 1842 agat
387 1816 400 1829 .
438 1786 683 1833 Venturum
713 1803 815 1834 cum
843 1787 1046 1835 claritate
1075 1823 1089 1846 ‚
1126 1784 1182 1834 ad
1215 1782 1443 1834 sumendos
1469 1787 1643 1832 Samios
1668 1784 1716 1831 in
1739 1784 1844 1832 vitae
1867 1797 2037 1830 aeternae
2066 1785 2110 1829 &

222 1882 225 1887 -
256 1848 559 1916 promissorum
585 1855 823 1904 coelestium
844 1856 1027 1905 fruetum
1043 1893 1056 1916 ‚
1092 1859 1134 1904 δε
1165 1852 1222 1904 ad
1236 1854 1443 1923 profanos
1468 1849 1728 1920 judicandos
1755 1854 1849 1915 igni
1873 1867 2111 1920 perpetuo,

256 1917 372 1969 faeta
397 1920 619 1992 utriusque
645 1927 783 1993 partis
811 1925 1136 1979 resuscitatione
1157 1962 1172 1988 ,
1208 1942 1309 1974 cum
1348 1925 1492 1986 carnis
1522 1923 1824 1973 restitutione.
1870 1948 1872 1951 v

481 2065 929 2116 SerroLroN.

362 2200 513 2267 Regula
541 2202 597 2250 est
618 2220 743 2252 aute-m
766 2206 881 2254 Fidei
905 2243 918 2267 ,
952 2211 1044 2253 (9⁴6.

357 2357 459 2391 oeeor
469 2359 606 2401 exponit
615 2383 626 2399 ,
653 2359 731 2402 quid
743 2359 909 2404 intelligat
920 2370 975 2402 per
986 2357 1083 2392 Fidei
1095 2368 1143 2392 re-

380 2406 507 2451 gulam.
535 2406 691 2442 Affirmat
711 2408 774 2442 effe
796 2408 887 2442 illam
907 2431 918 2447 ‚
944 2419 1012 2453 quae
1036 2407 1143 2442 credit

258 2466 365 2490 unum
375 2454 516 2490 omnin&
527 2457 638 2491 Deum
648 2460 729 2498 elie,
743 2470 803 2493 nec
814 2459 916 2493 alium
931 2469 1042 2502 praeter
1052 2469 1148 2492 mun·

257 2506 548 2548 dicenditorem,
575 2508 632 2551 qui
654 2509 803 2543 universa
827 2509 868 2543 de
887 2508 996 2543 nihilo
1019 2510 1145 2552 produ-

256 2557 344 2591 xerit
357 2568 412 2600 per
422 2556 570 2592 Verbum
582 2559 676 2593 suum
691 2585 698 2591 .
715 2560 790 2593 Esse
803 2559 1036 2603 Apostolicum
1050 2561 1144 2601 Sym·

259 2605 375 2640 bolum
389 2631 400 2647 ,
409 2607 501 2650 cujus
513 2609 633 2650 primus
643 2610 801 2644 articulus
815 2610 858 2643 est
873 2622 879 2641 :
895 2611 993 2643 Credo
1002 2616 1035 2642 in
1046 2613 1142 2642 Deum

261 2657 388 2690 Patrem
415 2664 643 2699 omnipotentem
674 2663 848 2694 Creatorem
872 2663 934 2693 εει-[ἰ
970 2662 1004 2694 6·
1025 2669 1118 2693 terra
1134 2685 1141 2692 .

260 2705 415 2740 Eundem
434 2707 609 2743 articulum
634 2710 865 2745 eodemmodo
884 2711 1006 2744 format
1016 2710 1144 2744 Dostor

260 2754 295 2788 in
307 2755 390 2790 libro
408 2757 448 2791 de
462 2758 620 2792 Velandis
635 2759 829 2805 Virginibus
840 2775 851 2794 .-
881 2762 994 2804 Regula
1004 2761 1144 2793 credendi

235 2806 241 2812 '
259 2811 294 2838 in
303 2812 423 2839 unicum
436 2810 531 2842 Deum
540 2814 766 2851 omnipotentem
778 2836 790 2851 ,
810 2813 917 2844 mundi
932 2811 1122 2844 Conditorem
1136 2835 1143 2842 .

260 2856 351 2890 Etin
380 2857 485 2899 primo
508 2857 659 2894 adversus
671 2861 879 2896 Marcionem
901 2860 1006 2895 libro:
1034 2862 1144 2905 Regula

126 2902 201 2941 (2²1²-
217 2910 243 2938 5·
259 2916 350 2939 unum
360 2906 557 2948 Deumfistens
573 2933 580 2941 .
605 2909 779 2955 originale
791 2911 1029 2956 Apostolorum
1050 2912 1145 2954 Sym-

260 2955 375 2990 bolum
388 2955 503 2991 haber:
529 2961 624 2992 Credo
646 2967 679 2994 in
693 2965 803 3002 Deum.
834 2962 987 3005 Apostoli
1003 2973 1071 2995 non
1087 2973 1142 3004 po-

260 3007 394 3041 suerunt
406 3021 417 3040 .·
442 3011 479 3039 1⁷¹
490 3019 602 3041 unum·
629 3010 731 3059 Qod
745 3012 862 3055 nempe
874 3012 1026 3046 scelerata
1037 3011 1143 3055 dupli-

260 3057 310 3091 cis
321 3058 519 3091 Divinitatis
532 3059 642 3094 fabula
666 3061 807 3097 necdum
820 3063 971 3106 erupiffet
983 3086 990 3093 .
1019 3060 1143 3096 Adver-

263 3105 318 3141 sus
339 3107 429 3141 illam
450 3109 631 3144 orientalis
651 3111 791 3147 Ecclefia
812 3112 949 3154 adjecit:
976 3116 1012 3145 In
1028 3122 1139 3146 unum.

263 3156 314 3191 Ita
337 3157 369 3190 in
383 3157 534 3200 Symboli
556 3161 792 3202 expolitionem
813 3163 948 3197 testatur
968 3161 1143 3205 Presbyter

264 3206 422 3241 Ruffinus
442 3234 450 3240 .
481 3209 523 3242 Er
547 3210 690 3252 pluribus
710 3213 907 3246 testimoniis
931 3212 1017 3246 istud
1041 3212 1145 3254 ipsum

265 3256 393 3292 ostendi
422 3259 456 3292 in
484 3257 628 3293 Scholiis
654 3262 694 3295 ad
729 3262 904 3296 Nicaenum
929 3262 1127 3306 Symbolum
1141 3286 1149 3295 .

267 3305 355 3341 laud
370 3309 473 3350 ipsum
484 3310 630 3344 fecerunt
641 3311 741 3346 etiam
753 3312 894 3356 quedam
906 3312 1025 3355 Latine
1039 3313 1151 3347 Eccle-

267 3354 317 3389 fiae
329 3381 336 3388 .
365 3358 407 3391 Et
419 3360 501 3393 inter
512 3359 570 3395 has
583 3362 674 3396 fuisse
685 3373 820 3399 omnem
841 3363 1033 3398 Africanam
1043 3387 1055 3404 ‚
1081 3362 1147 3397 do·-

1221 2075 1300 2102 cent
1314 2066 1452 2101 adducta
1463 2065 1535 2101 loca
1545 2060 1767 2099 Tertulliani.
1796 2059 1886 2095 Istud
1899 2059 2005 2104 ipsum
2018 2059 2109 2095 fecis·

1221 2117 1252 2152 se
1277 2117 1533 2162 Lugdunensem
1563 2125 1602 2148 ac
1622 2122 1759 2147 omnem
1786 2109 2046 2146 Rhodanensem
2071 2112 2109 2144 in

1221 2166 1333 2199 Gallia
1352 2165 1556 2203 Ecclefiam,
1582 2162 1774 2206 persuadent
1796 2161 1887 2205 plura
1905 2161 1980 2198 loca
1999 2161 2106 2196 sanai

1219 2215 1332 2249 Irenaei
1344 2239 1352 2246 .
1380 2213 1514 2248 Etenim
1528 2212 1626 2247 habet
1649 2213 1684 2246 in
1698 2211 1796 2256 primi
1807 2211 1883 2246 libri
1899 2211 2009 2255 primo
2021 2213 2108 2255 capi-

1220 2274 1252 2298 te
1264 2278 1276 2298 .·
1302 2262 1540 2305 Firmaemfidem
1559 2268 1593 2296 in
1614 2273 1704 2296 unum
1715 2266 1814 2297 Deum
1832 2266 1955 2295 Patrem
1975 2268 2106 2304 omnipo-

1219 2321 1348 2346 tentem.
1377 2314 1466 2346 Etin
1479 2312 1622 2347 secundo
1632 2312 1761 2356 capite.-
1791 2310 1967 2353 Ecclefiaab
1989 2311 2106 2354 Aposto-

1217 2362 1256 2394 lr's
1271 2367 1387 2403 accepit
1408 2373 1474 2398 eam
1486 2364 1598 2396 Ftdem
1608 2385 1620 2401 ,
1645 2373 1714 2404 quae
1730 2361 1768 2400 est
1789 2368 1822 2394 in
1831 2373 1923 2396 unum
1935 2365 2034 2397 Deum
2046 2364 2107 2395 Pa-

1217 2420 1295 2444 trem
1313 2408 1539 2453 omnipotentem
1561 2437 1568 2444 .
1598 2411 1643 2446 Et
1665 2413 1700 2446 in
1724 2412 1832 2455 capite
1854 2412 2107 2451 decimonono:

1217 2464 1380 2494 Teneamus
1393 2463 1528 2505 regulam
1549 2466 1694 2496 veritatis
1708 2486 1719 2502 ‚
1746 2463 1782 2494 id
1800 2462 1839 2502 est
1852 2486 1863 2503 ‚
1889 2467 1961 2505 qula
1975 2461 2017 2504 fit
2026 2473 2107 2497 unus

1218 2515 1300 2545 Deus
1312 2517 1512 2554 omnipotens.
1543 2512 1631 2546 Etin
1656 2511 1790 2546 secundi
1814 2512 1890 2546 libri
1902 2512 2106 2556 capitequa-

1215 2560 1396 2607 dragefimo
1422 2562 1541 2596 tertio:
1574 2563 1671 2596 Fides
1690 2573 1759 2605 quae
1779 2561 1818 2602 est
1826 2568 1861 2596 ln
1880 2573 1975 2596 unum
1985 2564 2103 2604 Deum,

1215 2617 1267 2654 qud
1280 2611 1363 2654 fecit
1388 2618 1491 2645 omnia
1507 2637 1514 2645 .
1543 2612 1587 2646 Et
1597 2612 1632 2646 in
1654 2613 1745 2647 tertii
1765 2611 1842 2646 libri
1865 2612 1964 2647 tertio
1975 2612 2103 2656 capite:

1216 2663 1354 2696 Traditio
1367 2668 1557 2696 annuntians
1567 2673 1660 2696 unum
1671 2664 1766 2696 Deum
1777 2669 2006 2704 omnipotentem
2015 2687 2027 2702 ‚
2044 2661 2104 2703 fa·

1214 2711 1322 2746 dorem
1342 2714 1405 2747 coelt
1427 2715 1462 2747 θ
1480 2721 1568 2746 terrae
1595 2738 1602 2744 .
1644 2713 1687 2746 Et
1710 2713 1745 2746 in
1766 2712 1873 2755 quarti
1900 2711 1974 2745 libri
1993 2710 2102 2754 capite

1215 2762 1461 2806 quadragefimo
1473 2763 1601 2806 quinto:
1613 2763 1709 2795 Fides
1719 2772 1786 2803 quae
1796 2760 1834 2800 est
1843 2767 1877 2793 in
1888 2772 1979 2794 unum
1990 2763 2102 2802 Deum,

1215 2811 1346 2854 quifecit
1354 2817 1452 2846 omnia
1466 2837 1474 2844 .
1502 2812 1545 2845 Et
1556 2813 1591 2844 in
1604 2812 1711 2854 capite
1719 2810 1917 2855 sexagesimo
1930 2811 2077 2845 secundo
2089 2823 2100 2844 ε

1217 2863 1309 2895 Fidex
1318 2867 1436 2906 integra
1448 2873 1517 2904 quae
1538 2860 1576 2901 est
1585 2868 1621 2894 ln
1632 2871 1727 2894 unum
1737 2862 1833 2893 Deum
1843 2866 2075 2904 omnlpotentem
2088 2884 2102 2902 ,

1214 2924 1252 2946 ex
1263 2923 1320 2955 quo
1328 2917 1429 2945 omma
1439 2934 1448 2943 .
1473 2912 1555 2945 Haec
1564 2912 1677 2945 omnia
1690 2910 1765 2945 loca
1777 2909 1947 2946 manifeste
1959 2910 2098 2945 laudant

1214 2963 1389 2997 formulam
1401 2961 1631 3007 Lugdunensis
1640 2960 1792 3005 Symboli
1810 2985 1819 2994 .
1846 2960 1891 2995 Et
1912 2960 1987 2996 sane
1999 2959 2101 2995 Rho-

1214 3013 1362 3048 danenfis
1384 3012 1526 3047 Ecclefia
1551 3012 1618 3046 fuit
1642 3010 1826 3047 admodum
1841 3034 1845 3037 -
1861 3021 2015 3055 corrupta
2043 3022 2098 3054 per

1215 3063 1394 3098 Gnosticos
1406 3087 1413 3094 .
1440 3062 1535 3096 Hinc
1545 3062 1586 3097 ad
1599 3062 1704 3106 ipsam
1714 3061 1947 3107 corrigendam
1962 3085 1971 3101 ‚
1998 3061 2034 3095 ἀ
2046 3073 2098 3105 pe·

1214 3113 1295 3148 stem
1315 3113 1445 3157 penitus
1468 3111 1709 3148 eliminandam
1729 3135 1742 3153 ‚
1769 3122 1827 3146 aut
1852 3112 1918 3156 ipse
1936 3113 2095 3154 irenaeus,

1213 3175 1270 3199 aut
1293 3164 1360 3207 ejus
1383 3163 1574 3198 Anteceffor
1598 3162 1733 3198 Sanetus
1754 3160 1921 3196 Photinus
1943 3162 2096 3206 apposuit

1213 3225 1331 3249 vocem
1352 3240 1363 3254 ,
1390 3218 1488 3248 Unum
1506 3238 1515 3245 .
1543 3213 1717 3259 insigniter
1741 3213 1777 3247 id
1812 3213 2028 3247 confirmatur
2053 3222 2097 3246 ex

1210 3264 1370 3300 Vaurenfi
1382 3263 1519 3306 synodo
1532 3287 1543 3303 ,
1568 3275 1668 3307 quam
1679 3263 1908 3308 quartidecimi
1924 3261 2029 3296 saeculi
2041 3274 2096 3295 aa·

1211 3326 1256 3348 no
1283 3316 1479 3359 sexagesimo
1505 3315 1623 3348 ostavo
1657 3313 1859 3348 celebrarunt
1885 3324 1927 3347 ex
1957 3311 2092 3347 Urbani

1210 3366 1318 3408 quinti
1328 3364 1503 3400 Pontificis
1518 3364 1599 3408 jussu
1612 3363 1727 3399 Petrus
1740 3363 1961 3398 Narbonensis
1975 3360 2091 3396 Archi·

1968 3412 2042 3456 Epi-
