<?xml version="1.0" encoding="UTF-8"?>
<!DOCTYPE html PUBLIC "-//W3C//DTD XHTML 1.0 Transitional//EN"
    "http://www.w3.org/TR/xhtml1/DTD/xhtml1-transitional.dtd">
<html xmlns="http://www.w3.org/1999/xhtml" xml:lang="en" lang="en">
 <head>
  <title>
</title>
<meta http-equiv="Content-Type" content="text/html;charset=utf-8" />
  <meta name='ocr-system' content='tesseract 3.04.00' />
  <meta name='ocr-capabilities' content='ocr_page ocr_carea ocr_par ocr_line ocrx_word'/>
</head>
<body>
  <div class='ocr_page' id='page_1' title='image "./operaomniastudio09lupuuoft/operaomniastudio09lupuuoft_0021.png"; bbox 0 0 2346 3724; ppageno 0'>
   <div class='ocr_carea' id='block_1_1' title="bbox 218 218 1128 2608">
    <p class='ocr_par' dir='ltr' id='par_1_1' title="bbox 218 218 1126 2255">
     <span class='ocr_line' id='line_1_1' title="bbox 229 218 1125 272; baseline -0.011 -12"><span class='ocrx_word' id='word_1_1' title='bbox 229 222 570 272; x_wconf 65' lang='lat' dir='ltr'>insignitaexponit,</span> <span class='ocrx_word' id='word_1_2' title='bbox 595 232 634 255; x_wconf 80' lang='lat' dir='ltr'>ac</span> <span class='ocrx_word' id='word_1_3' title='bbox 644 220 777 255; x_wconf 88' lang='lat' dir='ltr'>tandem</span> <span class='ocrx_word' id='word_1_4' title='bbox 794 218 986 254; x_wconf 86' lang='lat' dir='ltr'>concludit:</span> <span class='ocrx_word' id='word_1_5' title='bbox 1015 219 1125 251; x_wconf 62' lang='lat' dir='ltr'>Vidui:</span> 
     </span>
     <span class='ocr_line' id='line_1_2' title="bbox 226 268 1118 315; baseline -0.012 -4"><span class='ocrx_word' id='word_1_6' title='bbox 226 288 283 315; x_wconf 72' lang='lat' dir='ltr'>tas</span> <span class='ocrx_word' id='word_1_7' title='bbox 296 274 335 314; x_wconf 81' lang='lat' dir='ltr'>est</span> <span class='ocrx_word' id='word_1_8' title='bbox 345 273 456 314; x_wconf 78' lang='lat' dir='ltr'><em>duplex</em></span> <span class='ocrx_word' id='word_1_9' title='bbox 464 271 603 315; x_wconf 69' lang='lat' dir='ltr'>quadam</span> <span class='ocrx_word' id='word_1_10' title='bbox 614 282 662 304; x_wconf 88' lang='lat' dir='ltr'>res</span> <span class='ocrx_word' id='word_1_11' title='bbox 679 296 686 303; x_wconf 91' lang='lat'>.</span> <span class='ocrx_word' id='word_1_12' title='bbox 715 271 803 314; x_wconf 75' lang='lat' dir='ltr'>,Quid</span> <span class='ocrx_word' id='word_1_13' title='bbox 821 269 873 302; x_wconf 87' lang='lat' dir='ltr'>hoc</span> <span class='ocrx_word' id='word_1_14' title='bbox 885 268 922 308; x_wconf 83' lang='lat' dir='ltr'>est</span> <span class='ocrx_word' id='word_1_15' title='bbox 932 268 1056 301; x_wconf 88' lang='lat' dir='ltr'>tandem</span> <span class='ocrx_word' id='word_1_16' title='bbox 1067 269 1118 300; x_wconf 90' lang='lat' dir='ltr'>du-</span> 
     </span>
     <span class='ocr_line' id='line_1_3' title="bbox 221 317 1117 371; baseline -0.011 -12"><span class='ocrx_word' id='word_1_17' title='bbox 221 326 325 371; x_wconf 80' lang='lat' dir='ltr'>plex?</span> <span class='ocrx_word' id='word_1_18' title='bbox 351 325 500 357; x_wconf 84' lang='lat' dir='ltr'><em>Bonorum</em></span> <span class='ocrx_word' id='word_1_19' title='bbox 511 330 629 364; x_wconf 87' lang='lat' dir='ltr'>operum</span> <span class='ocrx_word' id='word_1_20' title='bbox 639 319 801 364; x_wconf 85' lang='lat' dir='ltr'><em>specimen,</em></span> <span class='ocrx_word' id='word_1_21' title='bbox 830 321 864 352; x_wconf 65' lang='grc' dir='ltr'>Θ·</span> <span class='ocrx_word' id='word_1_22' title='bbox 877 318 994 352; x_wconf 84' lang='lat' dir='ltr'>honoris</span> <span class='ocrx_word' id='word_1_23' title='bbox 1010 317 1117 360; x_wconf 86' lang='lat' dir='ltr'>summi</span> 
     </span>
     <span class='ocr_line' id='line_1_4' title="bbox 218 369 1116 420; baseline -0.011 -11"><span class='ocrx_word' id='word_1_24' title='bbox 218 374 379 420; x_wconf 73' lang='lat' dir='ltr'>fastigium</span> <span class='ocrx_word' id='word_1_25' title='bbox 391 399 398 406; x_wconf 93' lang='lat'><strong><em>.</em></strong></span> <span class='ocrx_word' id='word_1_26' title='bbox 427 377 466 406; x_wconf 87' lang='lat' dir='ltr'>Ut</span> <span class='ocrx_word' id='word_1_27' title='bbox 478 379 570 417; x_wconf 84' lang='lat' dir='ltr'>igitur</span> <span class='ocrx_word' id='word_1_28' title='bbox 581 372 772 415; x_wconf 80' lang='lat' dir='ltr'>Magistratus</span> <span class='ocrx_word' id='word_1_29' title='bbox 793 370 830 410; x_wconf 78' lang='lat' dir='ltr'>est</span> <span class='ocrx_word' id='word_1_30' title='bbox 843 381 891 402; x_wconf 82' lang='lat' dir='ltr'>res</span> <span class='ocrx_word' id='word_1_31' title='bbox 904 370 1044 412; x_wconf 84' lang='lat' dir='ltr'>quaedam</span> <span class='ocrx_word' id='word_1_32' title='bbox 1055 369 1116 400; x_wconf 89' lang='lat' dir='ltr'>du·-</span> 
     </span>
     <span class='ocr_line' id='line_1_5' title="bbox 223 419 1118 469; baseline -0.012 -9"><span class='ocrx_word' id='word_1_33' title='bbox 223 426 325 469; x_wconf 79' lang='lat' dir='ltr'>plex:</span> <span class='ocrx_word' id='word_1_34' title='bbox 351 423 452 460; x_wconf 84' lang='lat' dir='ltr'>Habet</span> <span class='ocrx_word' id='word_1_35' title='bbox 462 429 540 457; x_wconf 83' lang='lat' dir='ltr'>enim</span> <span class='ocrx_word' id='word_1_36' title='bbox 551 431 636 465; x_wconf 85' lang='lat' dir='ltr'>opera</span> <span class='ocrx_word' id='word_1_37' title='bbox 648 424 681 456; x_wconf 57' lang='grc' dir='ltr'>(Ὗ</span> <span class='ocrx_word' id='word_1_38' title='bbox 700 423 877 464; x_wconf 82' lang='lat' dir='ltr'>dignitatem</span> <span class='ocrx_word' id='word_1_39' title='bbox 892 445 899 451; x_wconf 94' lang='lat'>.</span> <span class='ocrx_word' id='word_1_40' title='bbox 928 419 1118 463; x_wconf 82' lang='lat' dir='ltr'>Magistratus</span> 
     </span>
     <span class='ocr_line' id='line_1_6' title="bbox 221 468 1115 519; baseline -0.009 -10"><span class='ocrx_word' id='word_1_41' title='bbox 221 477 363 519; x_wconf 63' lang='lat' dir='ltr'>dignitas</span> <span class='ocrx_word' id='word_1_42' title='bbox 385 474 423 517; x_wconf 79' lang='lat' dir='ltr'>est</span> <span class='ocrx_word' id='word_1_43' title='bbox 440 473 591 515; x_wconf 80' lang='lat' dir='ltr'>potestas,</span> <span class='ocrx_word' id='word_1_44' title='bbox 617 474 651 506; x_wconf 63' lang='grc' dir='ltr'>ὑ</span> <span class='ocrx_word' id='word_1_45' title='bbox 673 473 768 505; x_wconf 83' lang='lat' dir='ltr'>cultus</span> <span class='ocrx_word' id='word_1_46' title='bbox 791 477 842 513; x_wconf 80' lang='lat' dir='ltr'>qui</span> <span class='ocrx_word' id='word_1_47' title='bbox 867 472 887 501; x_wconf 79' lang='grc' dir='ltr'><em>ἆ</em></span> <span class='ocrx_word' id='word_1_48' title='bbox 901 471 988 512; x_wconf 85' lang='lat' dir='ltr'>vulgo</span> <span class='ocrx_word' id='word_1_49' title='bbox 998 468 1115 501; x_wconf 81' lang='lat' dir='ltr'>exbibe-</span> 
     </span>
     <span class='ocr_line' id='line_1_7' title="bbox 226 521 1119 567; baseline -0.011 -7"><span class='ocrx_word' id='word_1_50' title='bbox 226 535 301 566; x_wconf 80' lang='lat' dir='ltr'>tur,</span> <span class='ocrx_word' id='word_1_51' title='bbox 327 526 361 560; x_wconf 61' lang='grc' dir='ltr'><em>Θ</em></span> <span class='ocrx_word' id='word_1_52' title='bbox 380 523 478 567; x_wconf 84' lang='lat' dir='ltr'>ipsum</span> <span class='ocrx_word' id='word_1_53' title='bbox 496 524 546 567; x_wconf 79' lang='lat' dir='ltr'>effi·</span> <span class='ocrx_word' id='word_1_54' title='bbox 571 521 799 566; x_wconf 79' lang='lat' dir='ltr'>Magistratum3</span> <span class='ocrx_word' id='word_1_55' title='bbox 826 529 912 562; x_wconf 82' lang='lat' dir='ltr'>opera</span> <span class='ocrx_word' id='word_1_56' title='bbox 933 521 1004 552; x_wconf 76' lang='lat' dir='ltr'>vero</span> <span class='ocrx_word' id='word_1_57' title='bbox 1024 523 1119 562; x_wconf 83' lang='lat' dir='ltr'>Magi-</span> 
     </span>
     <span class='ocr_line' id='line_1_8' title="bbox 222 570 1119 617; baseline -0.009 -9"><span class='ocrx_word' id='word_1_58' title='bbox 222 575 337 615; x_wconf 66' lang='lat' dir='ltr'>stratus</span> <span class='ocrx_word' id='word_1_59' title='bbox 354 573 554 617; x_wconf 75' lang='lat' dir='ltr'>suntinjuria</span> <span class='ocrx_word' id='word_1_60' title='bbox 574 572 687 613; x_wconf 71' lang='lat' dir='ltr'>affeffls</span> <span class='ocrx_word' id='word_1_61' title='bbox 704 570 883 616; x_wconf 75' lang='lat' dir='ltr'><em>succurrere,</em></span> <span class='ocrx_word' id='word_1_62' title='bbox 907 572 1052 611; x_wconf 78' lang='lat' dir='ltr'>injuriam</span> <span class='ocrx_word' id='word_1_63' title='bbox 1074 575 1119 604; x_wconf 80' lang='lat' dir='ltr'>in-</span> 
     </span>
     <span class='ocr_line' id='line_1_9' title="bbox 219 618 1119 669; baseline -0.008 -11"><span class='ocrx_word' id='word_1_64' title='bbox 219 618 359 669; x_wconf 66' lang='lat' dir='ltr'>ferentes</span> <span class='ocrx_word' id='word_1_65' title='bbox 389 622 562 666; x_wconf 81' lang='lat' dir='ltr'>compescere</span> <span class='ocrx_word' id='word_1_66' title='bbox 584 648 595 663; x_wconf 89' lang='lat'><strong>,</strong></span> <span class='ocrx_word' id='word_1_67' title='bbox 619 622 738 660; x_wconf 79' lang='lat' dir='ltr'>urbibus</span> <span class='ocrx_word' id='word_1_68' title='bbox 761 622 879 664; x_wconf 78' lang='lat' dir='ltr'>praeeffe</span> <span class='ocrx_word' id='word_1_69' title='bbox 903 644 914 660; x_wconf 92' lang='lat'>‚</span> <span class='ocrx_word' id='word_1_70' title='bbox 940 626 973 653; x_wconf 79' lang='lat' dir='ltr'>in</span> <span class='ocrx_word' id='word_1_71' title='bbox 997 629 1119 652; x_wconf 85' lang='lat' dir='ltr'>commu-</span> 
     </span>
     <span class='ocr_line' id='line_1_10' title="bbox 222 670 1119 716; baseline -0.006 -8"><span class='ocrx_word' id='word_1_72' title='bbox 222 674 317 710; x_wconf 72' lang='lat' dir='ltr'>nibus</span> <span class='ocrx_word' id='word_1_73' title='bbox 339 673 517 716; x_wconf 84' lang='lat' dir='ltr'>Reipublicae</span> <span class='ocrx_word' id='word_1_74' title='bbox 526 681 601 707; x_wconf 85' lang='lat' dir='ltr'>curis</span> <span class='ocrx_word' id='word_1_75' title='bbox 625 678 724 706; x_wconf 85' lang='lat' dir='ltr'>animo</span> <span class='ocrx_word' id='word_1_76' title='bbox 732 672 908 707; x_wconf 80' lang='lat' dir='ltr'><em>excubando</em></span> <span class='ocrx_word' id='word_1_77' title='bbox 926 670 1119 712; x_wconf 60' lang='lat' dir='ltr'>pei-nodare,</span> 
     </span>
     <span class='ocr_line' id='line_1_11' title="bbox 220 720 1117 767; baseline -0.009 -8"><span class='ocrx_word' id='word_1_78' title='bbox 220 726 387 767; x_wconf 67' lang='lat' dir='ltr'>&amp;reliqua</span> <span class='ocrx_word' id='word_1_79' title='bbox 397 730 572 758; x_wconf 81' lang='lat' dir='ltr'>innumera.</span> <span class='ocrx_word' id='word_1_80' title='bbox 598 726 644 756; x_wconf 77' lang='lat' dir='ltr'>sie</span> <span class='ocrx_word' id='word_1_81' title='bbox 662 724 844 757; x_wconf 71' lang='lat' dir='ltr'>&amp;viduitas</span> <span class='ocrx_word' id='word_1_82' title='bbox 869 720 906 760; x_wconf 88' lang='lat' dir='ltr'>cst</span> <span class='ocrx_word' id='word_1_83' title='bbox 927 722 960 754; x_wconf 64' lang='grc'>(9·</span> <span class='ocrx_word' id='word_1_84' title='bbox 983 722 1117 764; x_wconf 72' lang='lat' dir='ltr'><em>dignitas</em></span> 
     </span>
     <span class='ocr_line' id='line_1_12' title="bbox 221 772 1117 818; baseline -0.01 -8"><span class='ocrx_word' id='word_1_85' title='bbox 221 775 263 810; x_wconf 57' lang='grc' dir='ltr'>Φ</span> <span class='ocrx_word' id='word_1_86' title='bbox 280 781 356 816; x_wconf 75' lang='lat' dir='ltr'>opus</span> <span class='ocrx_word' id='word_1_87' title='bbox 372 798 379 807; x_wconf 89' lang='lat'>.</span> <span class='ocrx_word' id='word_1_88' title='bbox 406 778 546 810; x_wconf 76' lang='lat' dir='ltr'>Maxima</span> <span class='ocrx_word' id='word_1_89' title='bbox 566 775 701 818; x_wconf 79' lang='lat' dir='ltr'><em>dignitas</em></span> <span class='ocrx_word' id='word_1_90' title='bbox 724 772 763 812; x_wconf 85' lang='lat' dir='ltr'>est</span> <span class='ocrx_word' id='word_1_91' title='bbox 786 772 836 814; x_wconf 77' lang='lat' dir='ltr'>effe</span> <span class='ocrx_word' id='word_1_92' title='bbox 858 773 984 809; x_wconf 67' lang='lat' dir='ltr'>viduam</span> <span class='ocrx_word' id='word_1_93' title='bbox 997 795 1004 807; x_wconf 75' lang='lat'>‚</span> <span class='ocrx_word' id='word_1_94' title='bbox 1034 775 1117 811; x_wconf 83' lang='lat' dir='ltr'>opus</span> 
     </span>
     <span class='ocr_line' id='line_1_13' title="bbox 218 819 1118 867; baseline -0.011 -6"><span class='ocrx_word' id='word_1_95' title='bbox 218 823 267 861; x_wconf 59' lang='lat' dir='ltr'>ta</span> <span class='ocrx_word' id='word_1_96' title='bbox 273 822 438 867; x_wconf 82' lang='lat' dir='ltr'>secundum</span> <span class='ocrx_word' id='word_1_97' title='bbox 462 830 602 860; x_wconf 81' lang='lat' dir='ltr'>maritum</span> <span class='ocrx_word' id='word_1_98' title='bbox 616 835 674 857; x_wconf 74' lang='lat' dir='ltr'>non</span> <span class='ocrx_word' id='word_1_99' title='bbox 686 821 845 865; x_wconf 53' lang='lat' dir='ltr'>adsciscere</span> <span class='ocrx_word' id='word_1_100' title='bbox 857 845 865 860; x_wconf 90' lang='lat'>,</span> <span class='ocrx_word' id='word_1_101' title='bbox 888 819 947 864; x_wconf 86' lang='lat' dir='ltr'>sed</span> <span class='ocrx_word' id='word_1_102' title='bbox 960 825 1057 862; x_wconf 70' lang='lat' dir='ltr'>priori</span> <span class='ocrx_word' id='word_1_103' title='bbox 1069 819 1118 862; x_wconf 82' lang='lat' dir='ltr'>esse</span> 
     </span>
     <span class='ocr_line' id='line_1_14' title="bbox 223 869 1115 917; baseline -0.009 -8"><span class='ocrx_word' id='word_1_104' title='bbox 223 883 417 915; x_wconf 72' lang='lat' dir='ltr'>contentum,</span> <span class='ocrx_word' id='word_1_105' title='bbox 437 874 513 917; x_wconf 79' lang='lat' dir='ltr'>filios</span> <span class='ocrx_word' id='word_1_106' title='bbox 518 882 694 915; x_wconf 86' lang='lat' dir='ltr'>procreare,</span> <span class='ocrx_word' id='word_1_107' title='bbox 721 870 841 914; x_wconf 76' lang='lat' dir='ltr'>hospitio</span> <span class='ocrx_word' id='word_1_108' title='bbox 847 869 994 913; x_wconf 78' lang='lat' dir='ltr'>suscipere</span> <span class='ocrx_word' id='word_1_109' title='bbox 1010 894 1020 909; x_wconf 92' lang='lat'>‚</span> <span class='ocrx_word' id='word_1_110' title='bbox 1046 870 1115 906; x_wconf 64' lang='lat' dir='ltr'>,san-</span> 
     </span>
     <span class='ocr_line' id='line_1_15' title="bbox 224 918 1120 965; baseline -0.007 -8"><span class='ocrx_word' id='word_1_111' title='bbox 224 922 338 959; x_wconf 57' lang='lat' dir='ltr'>aarum</span> <span class='ocrx_word' id='word_1_112' title='bbox 351 925 459 959; x_wconf 85' lang='lat' dir='ltr'>lavare</span> <span class='ocrx_word' id='word_1_113' title='bbox 465 924 581 965; x_wconf 81' lang='lat' dir='ltr'>pedes,</span> <span class='ocrx_word' id='word_1_114' title='bbox 608 921 827 958; x_wconf 80' lang='lat' dir='ltr'><em>tribulationem</em></span> <span class='ocrx_word' id='word_1_115' title='bbox 848 920 1034 962; x_wconf 87' lang='lat' dir='ltr'>patientibus</span> <span class='ocrx_word' id='word_1_116' title='bbox 1050 918 1120 962; x_wconf 87' lang='lat' dir='ltr'>sub-</span> 
     </span>
     <span class='ocr_line' id='line_1_16' title="bbox 224 971 1121 1018; baseline -0.007 -11"><span class='ocrx_word' id='word_1_117' title='bbox 224 972 412 1014; x_wconf 73' lang='lat' dir='ltr'>ministrare,</span> <span class='ocrx_word' id='word_1_118' title='bbox 437 984 520 1007; x_wconf 86' lang='lat' dir='ltr'>omne</span> <span class='ocrx_word' id='word_1_119' title='bbox 531 980 603 1015; x_wconf 84' lang='lat' dir='ltr'>opus</span> <span class='ocrx_word' id='word_1_120' title='bbox 615 972 723 1007; x_wconf 89' lang='lat' dir='ltr'>bonum</span> <span class='ocrx_word' id='word_1_121' title='bbox 731 971 859 1018; x_wconf 69' lang='lat' dir='ltr'>sec‘lari.</span> <span class='ocrx_word' id='word_1_122' title='bbox 891 974 995 1012; x_wconf 83' lang='lat' dir='ltr'>Itaque</span> <span class='ocrx_word' id='word_1_123' title='bbox 1009 971 1121 1003; x_wconf 86' lang='lat' dir='ltr'>Paulus</span> 
     </span>
     <span class='ocr_line' id='line_1_17' title="bbox 223 1019 1120 1068; baseline -0.008 -11"><span class='ocrx_word' id='word_1_124' title='bbox 223 1023 265 1058; x_wconf 76' lang='lat' dir='ltr'>de</span> <span class='ocrx_word' id='word_1_125' title='bbox 283 1023 452 1064; x_wconf 77' lang='lat' dir='ltr'>junioribus</span> <span class='ocrx_word' id='word_1_126' title='bbox 472 1024 587 1065; x_wconf 80' lang='lat' dir='ltr'>loquens</span> <span class='ocrx_word' id='word_1_127' title='bbox 615 1031 702 1068; x_wconf 79' lang='lat' dir='ltr'>opera</span> <span class='ocrx_word' id='word_1_128' title='bbox 711 1024 832 1065; x_wconf 85' lang='lat' dir='ltr'>quidem</span> <span class='ocrx_word' id='word_1_129' title='bbox 857 1022 960 1056; x_wconf 65' lang='lat' dir='ltr'>viduae</span> <span class='ocrx_word' id='word_1_130' title='bbox 967 1019 1039 1060; x_wconf 84' lang='lat' dir='ltr'>finit</span> <span class='ocrx_word' id='word_1_131' title='bbox 1051 1021 1120 1053; x_wconf 70' lang='lat' dir='ltr'>Illas</span> 
     </span>
     <span class='ocr_line' id='line_1_18' title="bbox 223 1071 1123 1118; baseline -0.006 -11"><span class='ocrx_word' id='word_1_132' title='bbox 223 1073 365 1117; x_wconf 74' lang='lat' dir='ltr'>perficere</span> <span class='ocrx_word' id='word_1_133' title='bbox 377 1097 390 1115; x_wconf 88' lang='lat'>‚</span> <span class='ocrx_word' id='word_1_134' title='bbox 414 1074 459 1105; x_wconf 85' lang='lat' dir='ltr'>ad</span> <span class='ocrx_word' id='word_1_135' title='bbox 479 1074 582 1109; x_wconf 74' lang='lat' dir='ltr'>viduae</span> <span class='ocrx_word' id='word_1_136' title='bbox 605 1081 659 1107; x_wconf 85' lang='lat' dir='ltr'>aut</span> <span class='ocrx_word' id='word_1_137' title='bbox 681 1074 856 1118; x_wconf 82' lang='lat' dir='ltr'>dignitatem</span> <span class='ocrx_word' id='word_1_138' title='bbox 876 1071 911 1104; x_wconf 67' lang='lat' dir='ltr'>&lt;St</span> <span class='ocrx_word' id='word_1_139' title='bbox 934 1078 1038 1103; x_wconf 81' lang='lat' dir='ltr'>coetum</span> <span class='ocrx_word' id='word_1_140' title='bbox 1051 1094 1061 1110; x_wconf 93' lang='lat'><strong>,</strong></span> <span class='ocrx_word' id='word_1_141' title='bbox 1087 1080 1123 1106; x_wconf 81' lang='lat' dir='ltr'>ae</span> 
     </span>
     <span class='ocr_line' id='line_1_19' title="bbox 227 1120 1121 1167; baseline -0.006 -11"><span class='ocrx_word' id='word_1_142' title='bbox 227 1123 364 1156; x_wconf 77' lang='lat' dir='ltr'>ordinem</span> <span class='ocrx_word' id='word_1_143' title='bbox 379 1122 508 1165; x_wconf 82' lang='lat' dir='ltr'>provebi</span> <span class='ocrx_word' id='word_1_144' title='bbox 520 1121 675 1167; x_wconf 58' lang='lat' dir='ltr'>transmit,</span> <span class='ocrx_word' id='word_1_145' title='bbox 700 1123 791 1155; x_wconf 85' lang='lat' dir='ltr'>donec</span> <span class='ocrx_word' id='word_1_146' title='bbox 812 1120 1007 1164; x_wconf 73' lang='lat' dir='ltr'>sexagefimus</span> <span class='ocrx_word' id='word_1_147' title='bbox 1023 1131 1121 1152; x_wconf 82' lang='lat' dir='ltr'>annus</span> 
     </span>
     <span class='ocr_line' id='line_1_20' title="bbox 223 1169 1123 1218; baseline -0.003 -13"><span class='ocrx_word' id='word_1_148' title='bbox 223 1177 442 1216; x_wconf 52' lang='lat' dir='ltr'>praeterierit,</span> <span class='ocrx_word' id='word_1_149' title='bbox 458 1173 543 1218; x_wconf 77' lang='lat' dir='ltr'>quast</span> <span class='ocrx_word' id='word_1_150' title='bbox 559 1174 659 1210; x_wconf 79' lang='lat' dir='ltr'>dicat:</span> <span class='ocrx_word' id='word_1_151' title='bbox 688 1177 788 1214; x_wconf 83' lang='lat' dir='ltr'>opera</span> <span class='ocrx_word' id='word_1_152' title='bbox 810 1173 928 1214; x_wconf 84' lang='lat' dir='ltr'>quidem</span> <span class='ocrx_word' id='word_1_153' title='bbox 951 1171 1056 1204; x_wconf 81' lang='lat' dir='ltr'>viduae</span> <span class='ocrx_word' id='word_1_154' title='bbox 1069 1169 1123 1212; x_wconf 89' lang='lat' dir='ltr'>fa-</span> 
     </span>
     <span class='ocr_line' id='line_1_21' title="bbox 228 1221 1124 1266; baseline -0.004 -11"><span class='ocrx_word' id='word_1_155' title='bbox 228 1227 313 1262; x_wconf 83' lang='lat' dir='ltr'>ciat,</span> <span class='ocrx_word' id='word_1_156' title='bbox 340 1223 521 1266; x_wconf 81' lang='lat' dir='ltr'>dignitatem</span> <span class='ocrx_word' id='word_1_157' title='bbox 546 1225 617 1260; x_wconf 69' lang='lat' dir='ltr'>vero</span> <span class='ocrx_word' id='word_1_158' title='bbox 639 1229 703 1258; x_wconf 84' lang='lat' dir='ltr'>tum</span> <span class='ocrx_word' id='word_1_159' title='bbox 714 1222 846 1259; x_wconf 78' lang='lat' dir='ltr'>obtineat</span> <span class='ocrx_word' id='word_1_160' title='bbox 859 1246 870 1262; x_wconf 95' lang='lat'>,</span> <span class='ocrx_word' id='word_1_161' title='bbox 894 1221 957 1254; x_wconf 78' lang='lat' dir='ltr'>cum</span> <span class='ocrx_word' id='word_1_162' title='bbox 976 1221 1022 1253; x_wconf 80' lang='lat' dir='ltr'>his</span> <span class='ocrx_word' id='word_1_163' title='bbox 1033 1225 1124 1252; x_wconf 86' lang='lat' dir='ltr'>omni·</span> 
     </span>
     <span class='ocr_line' id='line_1_22' title="bbox 227 1270 1122 1319; baseline -0.006 -12"><span class='ocrx_word' id='word_1_164' title='bbox 227 1271 286 1307; x_wconf 69' lang='lat' dir='ltr'>bus</span> <span class='ocrx_word' id='word_1_165' title='bbox 291 1271 440 1319; x_wconf 60' lang='lat' dir='ltr'>persedit</span> <span class='ocrx_word' id='word_1_166' title='bbox 445 1270 633 1316; x_wconf 80' lang='lat' dir='ltr'>securitatem</span> <span class='ocrx_word' id='word_1_167' title='bbox 645 1273 784 1314; x_wconf 77' lang='lat' dir='ltr'>temporis</span> <span class='ocrx_word' id='word_1_168' title='bbox 796 1270 1032 1312; x_wconf 81' lang='lat' dir='ltr'>beneficiofuerit</span> <span class='ocrx_word' id='word_1_169' title='bbox 1055 1270 1122 1312; x_wconf 81' lang='lat' dir='ltr'>affe-</span> 
     </span>
     <span class='ocr_line' id='line_1_23' title="bbox 227 1322 1122 1364; baseline -0.004 -6"><span class='ocrx_word' id='word_1_170' title='bbox 227 1331 320 1363; x_wconf 74' lang='lat' dir='ltr'>tuta,</span> <span class='ocrx_word' id='word_1_171' title='bbox 349 1325 384 1357; x_wconf 66' lang='grc'>6·</span> <span class='ocrx_word' id='word_1_172' title='bbox 406 1334 445 1361; x_wconf 72' lang='lat' dir='ltr'>ex</span> <span class='ocrx_word' id='word_1_173' title='bbox 467 1323 604 1364; x_wconf 78' lang='lat' dir='ltr'>operibus</span> <span class='ocrx_word' id='word_1_174' title='bbox 626 1322 898 1362; x_wconf 83' lang='lat' dir='ltr'>demonstrationem</span> <span class='ocrx_word' id='word_1_175' title='bbox 909 1333 944 1354; x_wconf 89' lang='lat' dir='ltr'>ac</span> <span class='ocrx_word' id='word_1_176' title='bbox 964 1331 1122 1357; x_wconf 82' lang='lat' dir='ltr'>externum</span> 
     </span>
     <span class='ocr_line' id='line_1_24' title="bbox 227 1371 1122 1413; baseline -0.003 -7"><span class='ocrx_word' id='word_1_177' title='bbox 227 1371 441 1412; x_wconf 73' lang='lat' dir='ltr'>testimonium.</span> <span class='ocrx_word' id='word_1_178' title='bbox 469 1371 595 1407; x_wconf 75' lang='lat' dir='ltr'>Lucide</span> <span class='ocrx_word' id='word_1_179' title='bbox 623 1372 761 1407; x_wconf 87' lang='lat' dir='ltr'>affirmat</span> <span class='ocrx_word' id='word_1_180' title='bbox 781 1371 998 1411; x_wconf 83' lang='lat' dir='ltr'>viduitatem,</span> <span class='ocrx_word' id='word_1_181' title='bbox 1025 1372 1122 1413; x_wconf 69' lang='lat' dir='ltr'>quam</span> 
     </span>
     <span class='ocr_line' id='line_1_25' title="bbox 228 1419 1122 1463; baseline -0.002 -8"><span class='ocrx_word' id='word_1_182' title='bbox 228 1432 301 1455; x_wconf 83' lang='lat' dir='ltr'>non</span> <span class='ocrx_word' id='word_1_183' title='bbox 312 1422 330 1454; x_wconf 67' lang='lat' dir='ltr'>a</span> <span class='ocrx_word' id='word_1_184' title='bbox 346 1420 460 1463; x_wconf 80' lang='lat' dir='ltr'>quavis</span> <span class='ocrx_word' id='word_1_185' title='bbox 473 1420 587 1454; x_wconf 81' lang='lat' dir='ltr'>affutni</span> <span class='ocrx_word' id='word_1_186' title='bbox 602 1442 613 1458; x_wconf 92' lang='lat'>,</span> <span class='ocrx_word' id='word_1_187' title='bbox 639 1420 691 1455; x_wconf 86' lang='lat' dir='ltr'>sed</span> <span class='ocrx_word' id='word_1_188' title='bbox 703 1419 745 1454; x_wconf 85' lang='lat' dir='ltr'>ad</span> <span class='ocrx_word' id='word_1_189' title='bbox 756 1430 855 1461; x_wconf 85' lang='lat' dir='ltr'>quam</span> <span class='ocrx_word' id='word_1_190' title='bbox 867 1419 950 1453; x_wconf 86' lang='lat' dir='ltr'>solas</span> <span class='ocrx_word' id='word_1_191' title='bbox 979 1420 1122 1455; x_wconf 83' lang='lat' dir='ltr'>moribus</span> 
     </span>
     <span class='ocr_line' id='line_1_26' title="bbox 227 1466 1124 1512; baseline 0 -10"><span class='ocrx_word' id='word_1_192' title='bbox 227 1480 269 1507; x_wconf 67' lang='lat' dir='ltr'>ac</span> <span class='ocrx_word' id='word_1_193' title='bbox 288 1479 382 1507; x_wconf 68' lang='lat' dir='ltr'>aetate</span> <span class='ocrx_word' id='word_1_194' title='bbox 403 1469 524 1512; x_wconf 82' lang='lat' dir='ltr'>dignas</span> <span class='ocrx_word' id='word_1_195' title='bbox 545 1467 627 1512; x_wconf 83' lang='lat' dir='ltr'>eligi</span> <span class='ocrx_word' id='word_1_196' title='bbox 659 1468 797 1503; x_wconf 84' lang='lat' dir='ltr'>mandat</span> <span class='ocrx_word' id='word_1_197' title='bbox 820 1466 1000 1510; x_wconf 83' lang='lat' dir='ltr'>Apostolus</span> <span class='ocrx_word' id='word_1_198' title='bbox 1019 1493 1029 1507; x_wconf 95' lang='lat'>,</span> <span class='ocrx_word' id='word_1_199' title='bbox 1066 1471 1124 1502; x_wconf 83' lang='lat' dir='ltr'>suo</span> 
     </span>
     <span class='ocr_line' id='line_1_27' title="bbox 228 1516 1124 1563; baseline -0.007 -7"><span class='ocrx_word' id='word_1_200' title='bbox 228 1527 379 1563; x_wconf 82' lang='lat' dir='ltr'>tempore</span> <span class='ocrx_word' id='word_1_201' title='bbox 402 1519 496 1552; x_wconf 79' lang='lat' dir='ltr'>fuiffe</span> <span class='ocrx_word' id='word_1_202' title='bbox 521 1528 591 1551; x_wconf 88' lang='lat' dir='ltr'>non</span> <span class='ocrx_word' id='word_1_203' title='bbox 615 1517 718 1552; x_wconf 86' lang='lat' dir='ltr'>solam</span> <span class='ocrx_word' id='word_1_204' title='bbox 735 1516 947 1552; x_wconf 66' lang='lat' dir='ltr'>continentiae</span> <span class='ocrx_word' id='word_1_205' title='bbox 961 1518 1124 1559; x_wconf 75' lang='lat' dir='ltr'>professio-</span> 
     </span>
     <span class='ocr_line' id='line_1_28' title="bbox 228 1566 1125 1614; baseline -0.006 -10"><span class='ocrx_word' id='word_1_206' title='bbox 228 1577 308 1604; x_wconf 78' lang='lat' dir='ltr'>nem</span> <span class='ocrx_word' id='word_1_207' title='bbox 331 1593 343 1614; x_wconf 73' lang='lat'>‚</span> <span class='ocrx_word' id='word_1_208' title='bbox 381 1569 434 1604; x_wconf 81' lang='lat' dir='ltr'>sed</span> <span class='ocrx_word' id='word_1_209' title='bbox 459 1567 720 1604; x_wconf 81' lang='lat' dir='ltr'>Ecclefiasticum</span> <span class='ocrx_word' id='word_1_210' title='bbox 742 1567 890 1605; x_wconf 84' lang='lat' dir='ltr'>officium</span> <span class='ocrx_word' id='word_1_211' title='bbox 917 1591 927 1607; x_wconf 89' lang='lat'><em>‚</em></span> <span class='ocrx_word' id='word_1_212' title='bbox 954 1566 1125 1611; x_wconf 84' lang='lat' dir='ltr'>Magistra—</span> 
     </span>
     <span class='ocr_line' id='line_1_29' title="bbox 229 1616 1124 1664; baseline -0.003 -9"><span class='ocrx_word' id='word_1_213' title='bbox 229 1626 324 1660; x_wconf 81' lang='lat' dir='ltr'>tum,</span> <span class='ocrx_word' id='word_1_214' title='bbox 353 1618 511 1664; x_wconf 83' lang='lat' dir='ltr'>grandem</span> <span class='ocrx_word' id='word_1_215' title='bbox 536 1617 618 1654; x_wconf 83' lang='lat' dir='ltr'>varii</span> <span class='ocrx_word' id='word_1_216' title='bbox 641 1617 747 1662; x_wconf 88' lang='lat' dir='ltr'>operis</span> <span class='ocrx_word' id='word_1_217' title='bbox 758 1618 979 1663; x_wconf 87' lang='lat' dir='ltr'>dignitatem,</span> <span class='ocrx_word' id='word_1_218' title='bbox 1005 1616 1124 1653; x_wconf 87' lang='lat' dir='ltr'>summi</span> 
     </span>
     <span class='ocr_line' id='line_1_30' title="bbox 227 1667 1124 1712; baseline -0.001 -8"><span class='ocrx_word' id='word_1_219' title='bbox 227 1667 370 1706; x_wconf 75' lang='lat' dir='ltr'>honoris</span> <span class='ocrx_word' id='word_1_220' title='bbox 390 1668 578 1712; x_wconf 83' lang='lat' dir='ltr'>fastigium,</span> <span class='ocrx_word' id='word_1_221' title='bbox 605 1678 753 1708; x_wconf 78' lang='lat' dir='ltr'>coemm,</span> <span class='ocrx_word' id='word_1_222' title='bbox 781 1667 999 1711; x_wconf 64' lang='lat' dir='ltr'>provectionis</span> <span class='ocrx_word' id='word_1_223' title='bbox 1026 1668 1124 1703; x_wconf 85' lang='lat' dir='ltr'>Ordi-</span> 
     </span>
     <span class='ocr_line' id='line_1_31' title="bbox 228 1718 1124 1756; baseline -0.001 -2"><span class='ocrx_word' id='word_1_224' title='bbox 228 1730 310 1754; x_wconf 78' lang='lat' dir='ltr'>nem</span> <span class='ocrx_word' id='word_1_225' title='bbox 329 1732 340 1753; x_wconf 90' lang='lat'>.·</span> <span class='ocrx_word' id='word_1_226' title='bbox 368 1718 531 1756; x_wconf 87' lang='lat' dir='ltr'>Ordinem</span> <span class='ocrx_word' id='word_1_227' title='bbox 555 1719 590 1753; x_wconf 90' lang='lat' dir='ltr'>in</span> <span class='ocrx_word' id='word_1_228' title='bbox 618 1718 754 1753; x_wconf 84' lang='lat' dir='ltr'>solemni</span> <span class='ocrx_word' id='word_1_229' title='bbox 785 1718 934 1754; x_wconf 81' lang='lat' dir='ltr'>Ecclefiae</span> <span class='ocrx_word' id='word_1_230' title='bbox 955 1728 1124 1753; x_wconf 85' lang='lat' dir='ltr'>conventu</span> 
     </span>
     <span class='ocr_line' id='line_1_32' title="bbox 231 1766 1125 1811; baseline -0.004 -6"><span class='ocrx_word' id='word_1_231' title='bbox 231 1767 422 1805; x_wconf 77' lang='lat' dir='ltr'>solemniter</span> <span class='ocrx_word' id='word_1_232' title='bbox 442 1767 576 1804; x_wconf 87' lang='lat' dir='ltr'>sedendi</span> <span class='ocrx_word' id='word_1_233' title='bbox 606 1780 645 1802; x_wconf 87' lang='lat' dir='ltr'>ac</span> <span class='ocrx_word' id='word_1_234' title='bbox 677 1767 880 1811; x_wconf 84' lang='lat' dir='ltr'>praefidendi.</span> <span class='ocrx_word' id='word_1_235' title='bbox 910 1768 954 1802; x_wconf 87' lang='lat' dir='ltr'>Et</span> <span class='ocrx_word' id='word_1_236' title='bbox 973 1766 1013 1800; x_wconf 89' lang='lat' dir='ltr'>ad</span> <span class='ocrx_word' id='word_1_237' title='bbox 1034 1766 1125 1802; x_wconf 89' lang='lat' dir='ltr'>hunc</span> 
     </span>
     <span class='ocr_line' id='line_1_33' title="bbox 228 1817 1126 1865; baseline 0 -12"><span class='ocrx_word' id='word_1_238' title='bbox 228 1817 369 1865; x_wconf 84' lang='lat' dir='ltr'>gradum</span> <span class='ocrx_word' id='word_1_239' title='bbox 395 1829 601 1862; x_wconf 82' lang='lat' dir='ltr'>nequaquam</span> <span class='ocrx_word' id='word_1_240' title='bbox 622 1818 772 1853; x_wconf 83' lang='lat' dir='ltr'>admittit</span> <span class='ocrx_word' id='word_1_241' title='bbox 786 1819 866 1852; x_wconf 84' lang='lat' dir='ltr'>solas</span> <span class='ocrx_word' id='word_1_242' title='bbox 887 1817 1059 1862; x_wconf 88' lang='lat' dir='ltr'>opulentas</span> <span class='ocrx_word' id='word_1_243' title='bbox 1080 1819 1126 1854; x_wconf 90' lang='lat' dir='ltr'>vi-</span> 
     </span>
     <span class='ocr_line' id='line_1_34' title="bbox 228 1868 1123 1916; baseline 0 -13"><span class='ocrx_word' id='word_1_244' title='bbox 228 1869 313 1903; x_wconf 80' lang='lat' dir='ltr'>duas</span> <span class='ocrx_word' id='word_1_245' title='bbox 330 1888 338 1902; x_wconf 80' lang='lat'><strong>·</strong></span> <span class='ocrx_word' id='word_1_246' title='bbox 367 1869 454 1912; x_wconf 84' lang='lat' dir='ltr'>Ipsas</span> <span class='ocrx_word' id='word_1_247' title='bbox 484 1868 699 1904; x_wconf 71' lang='lat' dir='ltr'>solummodo</span> <span class='ocrx_word' id='word_1_248' title='bbox 720 1880 789 1903; x_wconf 88' lang='lat' dir='ltr'>non</span> <span class='ocrx_word' id='word_1_249' title='bbox 812 1868 956 1905; x_wconf 84' lang='lat' dir='ltr'>excludit</span> <span class='ocrx_word' id='word_1_250' title='bbox 981 1893 989 1903; x_wconf 87' lang='lat'><em>.</em></span> <span class='ocrx_word' id='word_1_251' title='bbox 1017 1868 1123 1916; x_wconf 85' lang='lat' dir='ltr'>Qod</span> 
     </span>
     <span class='ocr_line' id='line_1_35' title="bbox 226 1918 1124 1962; baseline -0.001 -8"><span class='ocrx_word' id='word_1_252' title='bbox 226 1928 349 1962; x_wconf 74' lang='lat' dir='ltr'>nempe</span> <span class='ocrx_word' id='word_1_253' title='bbox 371 1918 578 1962; x_wconf 73' lang='lat' dir='ltr'>Imperatoris</span> <span class='ocrx_word' id='word_1_254' title='bbox 598 1918 815 1954; x_wconf 85' lang='lat' dir='ltr'>Constantini</span> <span class='ocrx_word' id='word_1_255' title='bbox 838 1919 892 1953; x_wconf 83' lang='lat' dir='ltr'>lex</span> <span class='ocrx_word' id='word_1_256' title='bbox 915 1929 1029 1953; x_wconf 86' lang='lat' dir='ltr'>omnes</span> <span class='ocrx_word' id='word_1_257' title='bbox 1054 1919 1124 1953; x_wconf 90' lang='lat' dir='ltr'>ido-</span> 
     </span>
     <span class='ocr_line' id='line_1_36' title="bbox 233 1968 1126 2014; baseline -0.002 -10"><span class='ocrx_word' id='word_1_258' title='bbox 233 1979 315 2004; x_wconf 75' lang='lat' dir='ltr'>neas</span> <span class='ocrx_word' id='word_1_259' title='bbox 347 1969 498 2014; x_wconf 79' lang='lat' dir='ltr'><strong>personas</strong></span> <span class='ocrx_word' id='word_1_260' title='bbox 538 1969 714 2003; x_wconf 86' lang='lat' dir='ltr'>excludens</span> <span class='ocrx_word' id='word_1_261' title='bbox 745 1970 763 2003; x_wconf 70' lang='lat' dir='ltr'>a</span> <span class='ocrx_word' id='word_1_262' title='bbox 793 1969 891 2003; x_wconf 88' lang='lat' dir='ltr'>Clero</span> <span class='ocrx_word' id='word_1_263' title='bbox 912 1992 922 2007; x_wconf 91' lang='lat'>,</span> <span class='ocrx_word' id='word_1_264' title='bbox 959 1971 992 2003; x_wconf 70' lang='grc' dir='ltr'>ὅ(</span> <span class='ocrx_word' id='word_1_265' title='bbox 1012 1968 1054 2002; x_wconf 86' lang='lat' dir='ltr'>ad</span> <span class='ocrx_word' id='word_1_266' title='bbox 1075 1969 1126 2013; x_wconf 88' lang='lat' dir='ltr'>ip-</span> 
     </span>
     <span class='ocr_line' id='line_1_37' title="bbox 228 2019 1126 2063; baseline -0.001 -9"><span class='ocrx_word' id='word_1_267' title='bbox 228 2019 506 2054; x_wconf 73' lang='lat' dir='ltr'>sum&#39;admittens</span> <span class='ocrx_word' id='word_1_268' title='bbox 528 2019 616 2054; x_wconf 85' lang='lat' dir='ltr'>solos</span> <span class='ocrx_word' id='word_1_269' title='bbox 638 2030 811 2063; x_wconf 78' lang='lat' dir='ltr'>paupereS‚</span> <span class='ocrx_word' id='word_1_270' title='bbox 838 2022 871 2053; x_wconf 90' lang='lat' dir='ltr'>in</span> <span class='ocrx_word' id='word_1_271' title='bbox 885 2019 1055 2053; x_wconf 87' lang='lat' dir='ltr'>viduarum</span> <span class='ocrx_word' id='word_1_272' title='bbox 1076 2031 1126 2053; x_wconf 91' lang='lat' dir='ltr'>or-</span> 
     </span>
     <span class='ocr_line' id='line_1_38' title="bbox 220 2068 1125 2115; baseline 0.001 -13"><span class='ocrx_word' id='word_1_273' title='bbox 220 2068 315 2104; x_wconf 28' lang='lat' dir='ltr'>rdine</span> <span class='ocrx_word' id='word_1_274' title='bbox 338 2069 451 2103; x_wconf 90' lang='lat' dir='ltr'>locum</span> <span class='ocrx_word' id='word_1_275' title='bbox 479 2079 547 2102; x_wconf 87' lang='lat' dir='ltr'>non</span> <span class='ocrx_word' id='word_1_276' title='bbox 571 2068 720 2103; x_wconf 83' lang='lat' dir='ltr'>habuerit</span> <span class='ocrx_word' id='word_1_277' title='bbox 742 2093 748 2101; x_wconf 90' lang='lat'><strong><em>.</em></strong></span> <span class='ocrx_word' id='word_1_278' title='bbox 775 2070 878 2115; x_wconf 81' lang='lat' dir='ltr'>Qod</span> <span class='ocrx_word' id='word_1_279' title='bbox 899 2070 1005 2112; x_wconf 85' lang='lat' dir='ltr'>plures</span> <span class='ocrx_word' id='word_1_280' title='bbox 1025 2070 1125 2103; x_wconf 88' lang='lat' dir='ltr'>etiam</span> 
     </span>
     <span class='ocr_line' id='line_1_39' title="bbox 229 2118 1126 2162; baseline -0.001 -8"><span class='ocrx_word' id='word_1_281' title='bbox 229 2118 434 2155; x_wconf 75' lang='lat' dir='ltr'>Diaconiffae</span> <span class='ocrx_word' id='word_1_282' title='bbox 459 2119 581 2153; x_wconf 88' lang='lat' dir='ltr'>fuerint</span> <span class='ocrx_word' id='word_1_283' title='bbox 597 2120 680 2153; x_wconf 88' lang='lat' dir='ltr'>olim</span> <span class='ocrx_word' id='word_1_284' title='bbox 702 2120 886 2162; x_wconf 85' lang='lat' dir='ltr'>opulentae,</span> <span class='ocrx_word' id='word_1_285' title='bbox 913 2120 957 2153; x_wconf 87' lang='lat' dir='ltr'>est</span> <span class='ocrx_word' id='word_1_286' title='bbox 982 2119 1126 2154; x_wconf 83' lang='lat' dir='ltr'>Eruditis</span> 
     </span>
     <span class='ocr_line' id='line_1_40' title="bbox 229 2167 1126 2218; baseline 0.002 -16"><span class='ocrx_word' id='word_1_287' title='bbox 229 2168 440 2212; x_wconf 78' lang='lat' dir='ltr'>exploratum</span> <span class='ocrx_word' id='word_1_288' title='bbox 457 2190 469 2205; x_wconf 87' lang='lat'>·.</span> <span class='ocrx_word' id='word_1_289' title='bbox 497 2168 588 2204; x_wconf 89' lang='lat' dir='ltr'>Nam</span> <span class='ocrx_word' id='word_1_290' title='bbox 622 2169 655 2204; x_wconf 88' lang='lat'>&amp;</span> <span class='ocrx_word' id='word_1_291' title='bbox 683 2170 832 2218; x_wconf 85' lang='lat' dir='ltr'>Augusta</span> <span class='ocrx_word' id='word_1_292' title='bbox 861 2167 1034 2205; x_wconf 86' lang='lat' dir='ltr'>Pulcheria</span> <span class='ocrx_word' id='word_1_293' title='bbox 1060 2171 1126 2205; x_wconf 91' lang='lat' dir='ltr'>fuit</span> 
     </span>
     <span class='ocr_line' id='line_1_41' title="bbox 228 2216 449 2255; baseline -0.009 0"><span class='ocrx_word' id='word_1_294' title='bbox 228 2216 424 2255; x_wconf 76' lang='lat' dir='ltr'>Diaconiffa</span> <span class='ocrx_word' id='word_1_295' title='bbox 442 2245 449 2253; x_wconf 93' lang='lat'><em>.</em></span> 
     </span>
    </p>

    <p class='ocr_par' dir='ltr' id='par_1_2' title="bbox 226 2268 1128 2608">
     <span class='ocr_line' id='line_1_42' title="bbox 297 2268 1127 2311; baseline -0.004 -8"><span class='ocrx_word' id='word_1_296' title='bbox 297 2270 331 2303; x_wconf 85' lang='lat' dir='ltr'>A</span> <span class='ocrx_word' id='word_1_297' title='bbox 364 2270 483 2303; x_wconf 65' lang='lat' dir='ltr'>Sancto</span> <span class='ocrx_word' id='word_1_298' title='bbox 515 2271 643 2310; x_wconf 77' lang='lat' dir='ltr'>Ioanne</span> <span class='ocrx_word' id='word_1_299' title='bbox 677 2269 917 2311; x_wconf 85' lang='lat' dir='ltr'>Chrysossomo</span> <span class='ocrx_word' id='word_1_300' title='bbox 944 2268 1091 2302; x_wconf 86' lang='lat' dir='ltr'>laudatus</span> <span class='ocrx_word' id='word_1_301' title='bbox 1117 2289 1127 2306; x_wconf 91' lang='lat'><strong>,</strong></span> 
     </span>
     <span class='ocr_line' id='line_1_43' title="bbox 230 2315 1127 2362; baseline -0.007 -11"><span class='ocrx_word' id='word_1_302' title='bbox 230 2317 285 2352; x_wconf 81' lang='lat' dir='ltr'>uti</span> <span class='ocrx_word' id='word_1_303' title='bbox 304 2318 473 2362; x_wconf 89' lang='lat' dir='ltr'>virginum</span> <span class='ocrx_word' id='word_1_304' title='bbox 489 2341 500 2358; x_wconf 93' lang='lat'>‚</span> <span class='ocrx_word' id='word_1_305' title='bbox 526 2318 571 2351; x_wconf 87' lang='lat' dir='ltr'>ita</span> <span class='ocrx_word' id='word_1_306' title='bbox 596 2318 629 2350; x_wconf 71' lang='grc' dir='ltr'>ὃς</span> <span class='ocrx_word' id='word_1_307' title='bbox 654 2316 825 2350; x_wconf 82' lang='lat' dir='ltr'>viduarum</span> <span class='ocrx_word' id='word_1_308' title='bbox 844 2327 949 2347; x_wconf 83' lang='lat' dir='ltr'>coetus</span> <span class='ocrx_word' id='word_1_309' title='bbox 970 2316 1014 2347; x_wconf 84' lang='lat' dir='ltr'>est</span> <span class='ocrx_word' id='word_1_310' title='bbox 1027 2315 1127 2347; x_wconf 84' lang='lat' dir='ltr'>eluci-</span> 
     </span>
     <span class='ocr_line' id='line_1_44' title="bbox 230 2363 1124 2407; baseline -0.002 -9"><span class='ocrx_word' id='word_1_311' title='bbox 230 2365 361 2400; x_wconf 75' lang='lat' dir='ltr'>dandus</span> <span class='ocrx_word' id='word_1_312' title='bbox 382 2383 390 2396; x_wconf 60' lang='lat'>.›</span> <span class='ocrx_word' id='word_1_313' title='bbox 416 2366 456 2397; x_wconf 82' lang='lat' dir='ltr'>ln</span> <span class='ocrx_word' id='word_1_314' title='bbox 477 2365 641 2407; x_wconf 83' lang='lat' dir='ltr'>trigesima</span> <span class='ocrx_word' id='word_1_315' title='bbox 664 2365 757 2407; x_wconf 84' lang='lat' dir='ltr'>super</span> <span class='ocrx_word' id='word_1_316' title='bbox 779 2364 916 2407; x_wconf 86' lang='lat' dir='ltr'>primam</span> <span class='ocrx_word' id='word_1_317' title='bbox 942 2363 982 2397; x_wconf 87' lang='lat' dir='ltr'>ad</span> <span class='ocrx_word' id='word_1_318' title='bbox 1006 2363 1124 2397; x_wconf 87' lang='lat' dir='ltr'>Corin-</span> 
     </span>
     <span class='ocr_line' id='line_1_45' title="bbox 227 2412 1123 2457; baseline -0.001 -9"><span class='ocrx_word' id='word_1_319' title='bbox 227 2412 320 2449; x_wconf 69' lang='lat' dir='ltr'>thies</span> <span class='ocrx_word' id='word_1_320' title='bbox 343 2412 525 2455; x_wconf 83' lang='lat' dir='ltr'>Epistolam</span> <span class='ocrx_word' id='word_1_321' title='bbox 538 2413 677 2447; x_wconf 84' lang='lat' dir='ltr'>homilia</span> <span class='ocrx_word' id='word_1_322' title='bbox 687 2414 826 2448; x_wconf 89' lang='lat' dir='ltr'>affirmat</span> <span class='ocrx_word' id='word_1_323' title='bbox 847 2425 1000 2457; x_wconf 85' lang='lat' dir='ltr'>pauperes</span> <span class='ocrx_word' id='word_1_324' title='bbox 1012 2413 1123 2457; x_wconf 84' lang='lat' dir='ltr'>paffim</span> 
     </span>
     <span class='ocr_line' id='line_1_46' title="bbox 228 2462 1128 2508; baseline -0.001 -10"><span class='ocrx_word' id='word_1_325' title='bbox 228 2463 336 2508; x_wconf 76' lang='lat' dir='ltr'>jacere</span> <span class='ocrx_word' id='word_1_326' title='bbox 357 2462 391 2500; x_wconf 88' lang='lat'>&amp;</span> <span class='ocrx_word' id='word_1_327' title='bbox 403 2463 591 2498; x_wconf 82' lang='lat' dir='ltr'>mendicare</span> <span class='ocrx_word' id='word_1_328' title='bbox 601 2473 676 2498; x_wconf 79' lang='lat' dir='ltr'>ante</span> <span class='ocrx_word' id='word_1_329' title='bbox 689 2463 906 2498; x_wconf 79' lang='lat' dir='ltr'>Ecclefiarum</span> <span class='ocrx_word' id='word_1_330' title='bbox 921 2474 1047 2507; x_wconf 85' lang='lat' dir='ltr'>portas,</span> <span class='ocrx_word' id='word_1_331' title='bbox 1074 2464 1128 2497; x_wconf 89' lang='lat' dir='ltr'>de·</span> 
     </span>
     <span class='ocr_line' id='line_1_47' title="bbox 226 2512 1127 2558; baseline -0.002 -8"><span class='ocrx_word' id='word_1_332' title='bbox 226 2513 392 2550; x_wconf 77' lang='lat' dir='ltr'>monstrat</span> <span class='ocrx_word' id='word_1_333' title='bbox 414 2512 687 2550; x_wconf 85' lang='lat' dir='ltr'>consuetudinem</span> <span class='ocrx_word' id='word_1_334' title='bbox 713 2516 776 2548; x_wconf 80' lang='lat' dir='ltr'>effe</span> <span class='ocrx_word' id='word_1_335' title='bbox 797 2512 995 2549; x_wconf 79' lang='lat' dir='ltr'>laudabilem</span> <span class='ocrx_word' id='word_1_336' title='bbox 1028 2524 1127 2558; x_wconf 84' lang='lat' dir='ltr'>atque</span> 
     </span>
     <span class='ocr_line' id='line_1_48' title="bbox 229 2563 1127 2608; baseline -0.001 -9"><span class='ocrx_word' id='word_1_337' title='bbox 229 2563 482 2608; x_wconf 79' lang='lat' dir='ltr'>Apostolicam,</span> <span class='ocrx_word' id='word_1_338' title='bbox 508 2564 543 2599; x_wconf 77' lang='grc' dir='ltr'>ἀ</span> <span class='ocrx_word' id='word_1_339' title='bbox 568 2565 790 2608; x_wconf 85' lang='lat' dir='ltr'>prosequitur:</span> <span class='ocrx_word' id='word_1_340' title='bbox 820 2566 911 2608; x_wconf 77' lang='lat' dir='ltr'>,Quod</span> <span class='ocrx_word' id='word_1_341' title='bbox 924 2566 1039 2607; x_wconf 80' lang='lat' dir='ltr'>quidem</span> <span class='ocrx_word' id='word_1_342' title='bbox 1062 2567 1127 2598; x_wconf 73' lang='lat' dir='ltr'>cum</span> 
     </span>
    </p>
   </div>
   <div class='ocr_carea' id='block_1_2' title="bbox 944 151 1151 179">
    <p class='ocr_par' dir='ltr' id='par_1_3' title="bbox 944 151 1151 179">
     <span class='ocr_line' id='line_1_49' title="bbox 944 151 1151 179; baseline 0 0"><span class='ocrx_word' id='word_1_343' title='bbox 944 152 968 179; x_wconf 84' lang='lat' dir='ltr'>P</span> <span class='ocrx_word' id='word_1_344' title='bbox 1127 151 1151 179; x_wconf 80' lang='lat' dir='ltr'>T</span> 
     </span>
    </p>
   </div>
   <div class='ocr_carea' id='block_1_3' title="bbox 227 2614 1140 3462">
    <p class='ocr_par' dir='ltr' id='par_1_4' title="bbox 227 2614 1140 3462">
     <span class='ocr_line' id='line_1_50' title="bbox 231 2614 1125 2659; baseline 0 -11"><span class='ocrx_word' id='word_1_345' title='bbox 231 2614 274 2648; x_wconf 77' lang='lat' dir='ltr'>ab</span> <span class='ocrx_word' id='word_1_346' title='bbox 284 2619 369 2649; x_wconf 82' lang='lat' dir='ltr'>initio</span> <span class='ocrx_word' id='word_1_347' title='bbox 378 2614 591 2658; x_wconf 77' lang='lat' dir='ltr'>perspexissent</span> <span class='ocrx_word' id='word_1_348' title='bbox 602 2614 724 2657; x_wconf 78' lang='lat' dir='ltr'>Apostoli</span> <span class='ocrx_word' id='word_1_349' title='bbox 735 2638 745 2654; x_wconf 93' lang='lat'>,</span> <span class='ocrx_word' id='word_1_350' title='bbox 770 2616 830 2657; x_wconf 86' lang='lat' dir='ltr'>lege</span> <span class='ocrx_word' id='word_1_351' title='bbox 837 2614 1008 2658; x_wconf 79' lang='lat' dir='ltr'>sanxerunt</span> <span class='ocrx_word' id='word_1_352' title='bbox 1021 2641 1031 2656; x_wconf 91' lang='lat'><strong>,</strong></span> <span class='ocrx_word' id='word_1_353' title='bbox 1052 2615 1125 2659; x_wconf 81' lang='lat' dir='ltr'>ficut</span> 
     </span>
     <span class='ocr_line' id='line_1_51' title="bbox 227 2665 1127 2708; baseline 0.001 -9"><span class='ocrx_word' id='word_1_354' title='bbox 227 2665 269 2699; x_wconf 66' lang='grc' dir='ltr'><strong>ό</strong></span> <span class='ocrx_word' id='word_1_355' title='bbox 284 2666 355 2700; x_wconf 60' lang='lat' dir='ltr'>&gt;alia</span> <span class='ocrx_word' id='word_1_356' title='bbox 373 2669 473 2698; x_wconf 85' lang='lat' dir='ltr'>omnia</span> <span class='ocrx_word' id='word_1_357' title='bbox 485 2688 496 2704; x_wconf 86' lang='lat'>‚</span> <span class='ocrx_word' id='word_1_358' title='bbox 521 2669 614 2699; x_wconf 80' lang='lat' dir='ltr'>etiam</span> <span class='ocrx_word' id='word_1_359' title='bbox 634 2674 668 2699; x_wconf 86' lang='lat' dir='ltr'>ut</span> <span class='ocrx_word' id='word_1_360' title='bbox 690 2665 777 2708; x_wconf 79' lang='lat' dir='ltr'>essent</span> <span class='ocrx_word' id='word_1_361' title='bbox 797 2666 900 2699; x_wconf 80' lang='lat' dir='ltr'>viduae</span> <span class='ocrx_word' id='word_1_362' title='bbox 914 2691 921 2698; x_wconf 91' lang='lat'><strong>.</strong></span> <span class='ocrx_word' id='word_1_363' title='bbox 949 2669 980 2699; x_wconf 86' lang='lat' dir='ltr'><em>E</em></span> <span class='ocrx_word' id='word_1_364' title='bbox 983 2677 994 2699; x_wconf 84' lang='lat' dir='ltr'>t</span> <span class='ocrx_word' id='word_1_365' title='bbox 1006 2672 1037 2698; x_wconf 84' lang='lat' dir='ltr'>in</span> <span class='ocrx_word' id='word_1_366' title='bbox 1049 2678 1084 2699; x_wconf 88' lang='lat' dir='ltr'>ea</span> <span class='ocrx_word' id='word_1_367' title='bbox 1095 2678 1127 2700; x_wconf 85' lang='lat' dir='ltr'>re</span> 
     </span>
     <span class='ocr_line' id='line_1_52' title="bbox 232 2712 1126 2760; baseline 0 -11"><span class='ocrx_word' id='word_1_368' title='bbox 232 2723 354 2749; x_wconf 76' lang='lat' dir='ltr'>tantum</span> <span class='ocrx_word' id='word_1_369' title='bbox 362 2712 659 2758; x_wconf 83' lang='lat' dir='ltr'>posueruntstudium</span> <span class='ocrx_word' id='word_1_370' title='bbox 672 2740 683 2757; x_wconf 95' lang='lat'>‚</span> <span class='ocrx_word' id='word_1_371' title='bbox 708 2724 741 2749; x_wconf 87' lang='lat' dir='ltr'>ut</span> <span class='ocrx_word' id='word_1_372' title='bbox 751 2721 794 2750; x_wconf 80' lang='lat' dir='ltr'>ets</span> <span class='ocrx_word' id='word_1_373' title='bbox 817 2721 910 2749; x_wconf 79' lang='lat' dir='ltr'>etiam</span> <span class='ocrx_word' id='word_1_374' title='bbox 931 2715 1044 2760; x_wconf 81' lang='lat' dir='ltr'>septem</span> <span class='ocrx_word' id='word_1_375' title='bbox 1055 2718 1126 2749; x_wconf 74' lang='lat' dir='ltr'>Dia·</span> 
     </span>
     <span class='ocr_line' id='line_1_53' title="bbox 231 2765 1125 2809; baseline 0.007 -13"><span class='ocrx_word' id='word_1_376' title='bbox 231 2774 316 2798; x_wconf 78' lang='lat' dir='ltr'>conos</span> <span class='ocrx_word' id='word_1_377' title='bbox 340 2765 526 2809; x_wconf 68' lang='lat' dir='ltr'>praeficerent</span> <span class='ocrx_word' id='word_1_378' title='bbox 549 2790 556 2797; x_wconf 91' lang='lat'><strong><em>.</em></strong></span> <span class='ocrx_word' id='word_1_379' title='bbox 584 2767 737 2808; x_wconf 75' lang='lat' dir='ltr'>‚Quomodo</span> <span class='ocrx_word' id='word_1_380' title='bbox 760 2770 841 2800; x_wconf 87' lang='lat' dir='ltr'>enim</span> <span class='ocrx_word' id='word_1_381' title='bbox 868 2765 1030 2809; x_wconf 71' lang='lat' dir='ltr'>Episcopus</span> <span class='ocrx_word' id='word_1_382' title='bbox 1054 2792 1064 2807; x_wconf 94' lang='lat'>,</span> <span class='ocrx_word' id='word_1_383' title='bbox 1091 2768 1125 2802; x_wconf 66' lang='grc'>(9</span> 
     </span>
     <span class='ocr_line' id='line_1_54' title="bbox 232 2814 1126 2858; baseline 0.003 -11"><span class='ocrx_word' id='word_1_384' title='bbox 232 2814 443 2855; x_wconf 73' lang='lat' dir='ltr'>Presbyteros,</span> <span class='ocrx_word' id='word_1_385' title='bbox 468 2816 503 2849; x_wconf 70' lang='lat'>(9⁹</span> <span class='ocrx_word' id='word_1_386' title='bbox 527 2818 672 2848; x_wconf 80' lang='lat' dir='ltr'>Diaconos</span> <span class='ocrx_word' id='word_1_387' title='bbox 697 2840 707 2857; x_wconf 89' lang='lat'><strong>,</strong></span> <span class='ocrx_word' id='word_1_388' title='bbox 735 2817 769 2849; x_wconf 57' lang='grc' dir='ltr'>(θ’</span> <span class='ocrx_word' id='word_1_389' title='bbox 790 2820 928 2858; x_wconf 87' lang='lat' dir='ltr'>Virgines</span> <span class='ocrx_word' id='word_1_390' title='bbox 942 2840 952 2855; x_wconf 89' lang='lat'>,</span> <span class='ocrx_word' id='word_1_391' title='bbox 977 2817 1010 2850; x_wconf 71' lang='lat'>(9⁶</span> <span class='ocrx_word' id='word_1_392' title='bbox 1035 2823 1126 2850; x_wconf 87' lang='lat' dir='ltr'>conti-</span> 
     </span>
     <span class='ocr_line' id='line_1_55' title="bbox 232 2863 1123 2907; baseline 0.002 -10"><span class='ocrx_word' id='word_1_393' title='bbox 232 2872 337 2897; x_wconf 83' lang='lat' dir='ltr'>nentes</span> <span class='ocrx_word' id='word_1_394' title='bbox 364 2869 396 2897; x_wconf 80' lang='lat' dir='ltr'>in</span> <span class='ocrx_word' id='word_1_395' title='bbox 417 2863 550 2907; x_wconf 68' lang='lat' dir='ltr'>Ecclesia</span> <span class='ocrx_word' id='word_1_396' title='bbox 571 2866 763 2900; x_wconf 88' lang='lat' dir='ltr'>membrorum</span> <span class='ocrx_word' id='word_1_397' title='bbox 783 2877 937 2899; x_wconf 88' lang='lat' dir='ltr'>numerum</span> <span class='ocrx_word' id='word_1_398' title='bbox 966 2866 1123 2907; x_wconf 86' lang='lat' dir='ltr'>referunt,</span> 
     </span>
     <span class='ocr_line' id='line_1_56' title="bbox 233 2915 1140 2958; baseline 0.006 -12"><span class='ocrx_word' id='word_1_399' title='bbox 233 2919 281 2947; x_wconf 76' lang='lat' dir='ltr'>ita</span> <span class='ocrx_word' id='word_1_400' title='bbox 303 2917 391 2948; x_wconf 82' lang='lat' dir='ltr'>etiam</span> <span class='ocrx_word' id='word_1_401' title='bbox 412 2915 547 2949; x_wconf 75' lang='lat' dir='ltr'>viduas.</span> <span class='ocrx_word' id='word_1_402' title='bbox 577 2920 685 2958; x_wconf 79' lang='lat' dir='ltr'>Neque</span> <span class='ocrx_word' id='word_1_403' title='bbox 707 2922 786 2949; x_wconf 84' lang='lat' dir='ltr'>enim</span> <span class='ocrx_word' id='word_1_404' title='bbox 806 2915 855 2949; x_wconf 78' lang='lat' dir='ltr'>hae</span> <span class='ocrx_word' id='word_1_405' title='bbox 876 2918 936 2951; x_wconf 83' lang='lat' dir='ltr'>levi</span> <span class='ocrx_word' id='word_1_406' title='bbox 960 2918 994 2950; x_wconf 66' lang='lat' dir='ltr'>&lt;it</span> <span class='ocrx_word' id='word_1_407' title='bbox 1013 2916 1140 2957; x_wconf 52' lang='lat' dir='ltr'>abja-80·</span> 
     </span>
     <span class='ocr_line' id='line_1_57' title="bbox 232 2963 1121 3009; baseline 0.004 -13"><span class='ocrx_word' id='word_1_408' title='bbox 232 2963 407 3007; x_wconf 71' lang='lat' dir='ltr'>funguntur</span> <span class='ocrx_word' id='word_1_409' title='bbox 425 2973 541 2998; x_wconf 83' lang='lat' dir='ltr'>munere</span> <span class='ocrx_word' id='word_1_410' title='bbox 553 2990 560 2997; x_wconf 91' lang='lat'><strong>.</strong></span> <span class='ocrx_word' id='word_1_411' title='bbox 587 2970 674 2999; x_wconf 87' lang='lat' dir='ltr'>Nam</span> <span class='ocrx_word' id='word_1_412' title='bbox 695 2975 730 3001; x_wconf 89' lang='lat' dir='ltr'>tu</span> <span class='ocrx_word' id='word_1_413' title='bbox 741 2968 859 3008; x_wconf 88' lang='lat' dir='ltr'>quidem</span> <span class='ocrx_word' id='word_1_414' title='bbox 871 2991 881 3007; x_wconf 91' lang='lat'>,</span> <span class='ocrx_word' id='word_1_415' title='bbox 908 2967 1028 3009; x_wconf 89' lang='lat' dir='ltr'>quando</span> <span class='ocrx_word' id='word_1_416' title='bbox 1049 2973 1099 3001; x_wconf 85' lang='lat' dir='ltr'>vis</span> <span class='ocrx_word' id='word_1_417' title='bbox 1111 2991 1121 3007; x_wconf 86' lang='lat'>,</span> 
     </span>
     <span class='ocr_line' id='line_1_58' title="bbox 234 3009 1124 3060; baseline 0.004 -13"><span class='ocrx_word' id='word_1_418' title='bbox 234 3014 312 3047; x_wconf 81' lang='lat' dir='ltr'>ades</span> <span class='ocrx_word' id='word_1_419' title='bbox 326 3037 339 3054; x_wconf 89' lang='lat'>‚</span> <span class='ocrx_word' id='word_1_420' title='bbox 361 3009 435 3055; x_wconf 83' lang='lat' dir='ltr'>ipsae</span> <span class='ocrx_word' id='word_1_421' title='bbox 458 3022 556 3046; x_wconf 84' lang='lat' dir='ltr'>autem</span> <span class='ocrx_word' id='word_1_422' title='bbox 574 3014 657 3049; x_wconf 61' lang='lat' dir='ltr'>nodlu</span> <span class='ocrx_word' id='word_1_423' title='bbox 679 3018 713 3050; x_wconf 63' lang='grc' dir='ltr'>Θ</span> <span class='ocrx_word' id='word_1_424' title='bbox 731 3017 861 3050; x_wconf 76' lang='lat' dir='ltr'>interdiu</span> <span class='ocrx_word' id='word_1_425' title='bbox 869 3015 1004 3060; x_wconf 86' lang='lat' dir='ltr'>psallunt</span> <span class='ocrx_word' id='word_1_426' title='bbox 1026 3019 1124 3052; x_wconf 69' lang='lat' dir='ltr'>&amp;ad-</span> 
     </span>
     <span class='ocr_line' id='line_1_59' title="bbox 231 3060 1125 3110; baseline 0.006 -14"><span class='ocrx_word' id='word_1_427' title='bbox 231 3062 305 3107; x_wconf 85' lang='lat' dir='ltr'>sunt</span> <span class='ocrx_word' id='word_1_428' title='bbox 325 3087 334 3095; x_wconf 91' lang='lat'><strong>.</strong></span> <span class='ocrx_word' id='word_1_429' title='bbox 362 3067 428 3096; x_wconf 86' lang='lat' dir='ltr'>Nec</span> <span class='ocrx_word' id='word_1_430' title='bbox 443 3060 538 3106; x_wconf 72' lang='lat' dir='ltr'>solum</span> <span class='ocrx_word' id='word_1_431' title='bbox 554 3063 605 3097; x_wconf 86' lang='lat' dir='ltr'>hoc</span> <span class='ocrx_word' id='word_1_432' title='bbox 616 3065 738 3106; x_wconf 85' lang='lat' dir='ltr'>faciunt</span> <span class='ocrx_word' id='word_1_433' title='bbox 760 3074 884 3110; x_wconf 86' lang='lat' dir='ltr'>propter</span> <span class='ocrx_word' id='word_1_434' title='bbox 905 3065 1105 3109; x_wconf 60' lang='lat' dir='ltr'>eleemosinam</span> <span class='ocrx_word' id='word_1_435' title='bbox 1118 3092 1125 3101; x_wconf 91' lang='lat'><strong>.</strong></span> 
     </span>
     <span class='ocr_line' id='line_1_60' title="bbox 236 3110 1138 3165; baseline 0.007 -18"><span class='ocrx_word' id='word_1_436' title='bbox 236 3110 361 3154; x_wconf 80' lang='lat' dir='ltr'>Namfi</span> <span class='ocrx_word' id='word_1_437' title='bbox 367 3111 418 3145; x_wconf 85' lang='lat' dir='ltr'>hoc</span> <span class='ocrx_word' id='word_1_438' title='bbox 429 3113 539 3147; x_wconf 83' lang='lat' dir='ltr'>vellent</span> <span class='ocrx_word' id='word_1_439' title='bbox 550 3137 561 3153; x_wconf 89' lang='lat'>,</span> <span class='ocrx_word' id='word_1_440' title='bbox 586 3115 684 3149; x_wconf 84' lang='lat' dir='ltr'>liceret</span> <span class='ocrx_word' id='word_1_441' title='bbox 694 3121 736 3150; x_wconf 85' lang='lat' dir='ltr'>eis</span> <span class='ocrx_word' id='word_1_442' title='bbox 742 3117 908 3160; x_wconf 77' lang='lat' dir='ltr'>persarum</span> <span class='ocrx_word' id='word_1_443' title='bbox 927 3119 1063 3161; x_wconf 81' lang='lat' dir='ltr'>ingredi,</span> <span class='ocrx_word' id='word_1_444' title='bbox 1089 3119 1138 3165; x_wconf 59' lang='lat'>&amp;3</span> 
     </span>
     <span class='ocr_line' id='line_1_61' title="bbox 236 3164 1124 3209; baseline 0.005 -12"><span class='ocrx_word' id='word_1_445' title='bbox 236 3168 271 3197; x_wconf 75' lang='lat' dir='ltr'>in</span> <span class='ocrx_word' id='word_1_446' title='bbox 293 3168 460 3206; x_wconf 74' lang='lat' dir='ltr'>angiportis</span> <span class='ocrx_word' id='word_1_447' title='bbox 483 3164 665 3198; x_wconf 84' lang='lat' dir='ltr'>mendicare.</span> <span class='ocrx_word' id='word_1_448' title='bbox 694 3167 753 3200; x_wconf 77' lang='lat' dir='ltr'>sea</span> <span class='ocrx_word' id='word_1_449' title='bbox 772 3166 880 3200; x_wconf 84' lang='lat' dir='ltr'>babent</span> <span class='ocrx_word' id='word_1_450' title='bbox 900 3174 991 3201; x_wconf 87' lang='lat' dir='ltr'>etiam</span> <span class='ocrx_word' id='word_1_451' title='bbox 1003 3176 1124 3209; x_wconf 85' lang='lat' dir='ltr'>nonpa-</span> 
     </span>
     <span class='ocr_line' id='line_1_62' title="bbox 237 3215 1123 3254; baseline 0.007 -8"><span class='ocrx_word' id='word_1_452' title='bbox 237 3223 307 3246; x_wconf 80' lang='lat' dir='ltr'>rum</span> <span class='ocrx_word' id='word_1_453' title='bbox 325 3218 450 3254; x_wconf 82' lang='lat' dir='ltr'>pietatis</span> <span class='ocrx_word' id='word_1_454' title='bbox 471 3218 503 3246; x_wconf 80' lang='lat' dir='ltr'>in</span> <span class='ocrx_word' id='word_1_455' title='bbox 525 3217 588 3247; x_wconf 84' lang='lat' dir='ltr'>Deo</span> <span class='ocrx_word' id='word_1_456' title='bbox 607 3215 722 3248; x_wconf 88' lang='lat' dir='ltr'>colendo</span> <span class='ocrx_word' id='word_1_457' title='bbox 745 3225 778 3249; x_wconf 87' lang='lat' dir='ltr'>ae</span> <span class='ocrx_word' id='word_1_458' title='bbox 788 3224 979 3252; x_wconf 66' lang='lat' dir='ltr'>reverentie.</span> <span class='ocrx_word' id='word_1_459' title='bbox 1005 3218 1081 3250; x_wconf 87' lang='lat' dir='ltr'>Vide</span> <span class='ocrx_word' id='word_1_460' title='bbox 1090 3224 1123 3252; x_wconf 81' lang='lat' dir='ltr'>in</span> 
     </span>
     <span class='ocr_line' id='line_1_63' title="bbox 238 3261 1122 3310; baseline 0.008 -15"><span class='ocrx_word' id='word_1_461' title='bbox 238 3271 358 3305; x_wconf 83' lang='lat' dir='ltr'>quanta</span> <span class='ocrx_word' id='word_1_462' title='bbox 373 3261 435 3304; x_wconf 82' lang='lat' dir='ltr'>fint</span> <span class='ocrx_word' id='word_1_463' title='bbox 452 3269 644 3305; x_wconf 82' lang='lat' dir='ltr'>paupertatis</span> <span class='ocrx_word' id='word_1_464' title='bbox 660 3264 785 3307; x_wconf 86' lang='lat' dir='ltr'>fornace</span> <span class='ocrx_word' id='word_1_465' title='bbox 797 3289 807 3305; x_wconf 91' lang='lat'><strong>,</strong></span> <span class='ocrx_word' id='word_1_466' title='bbox 832 3268 974 3301; x_wconf 68' lang='lat' dir='ltr'>&amp;tamen</span> <span class='ocrx_word' id='word_1_467' title='bbox 992 3265 1122 3310; x_wconf 82' lang='lat' dir='ltr'>ipsarum</span> 
     </span>
     <span class='ocr_line' id='line_1_64' title="bbox 240 3313 1121 3362; baseline 0.007 -17"><span class='ocrx_word' id='word_1_468' title='bbox 240 3313 342 3346; x_wconf 86' lang='lat' dir='ltr'>nullas</span> <span class='ocrx_word' id='word_1_469' title='bbox 360 3314 476 3346; x_wconf 81' lang='lat' dir='ltr'>videris</span> <span class='ocrx_word' id='word_1_470' title='bbox 497 3313 735 3357; x_wconf 84' lang='lat' dir='ltr'>blasphemantes</span> <span class='ocrx_word' id='word_1_471' title='bbox 753 3339 764 3355; x_wconf 87' lang='lat'><em>,</em></span> <span class='ocrx_word' id='word_1_472' title='bbox 791 3327 881 3358; x_wconf 87' lang='lat' dir='ltr'>neque</span> <span class='ocrx_word' id='word_1_473' title='bbox 904 3318 1096 3362; x_wconf 83' lang='lat' dir='ltr'>indlgnantes</span> <span class='ocrx_word' id='word_1_474' title='bbox 1111 3343 1121 3357; x_wconf 93' lang='lat'><em>,</em></span> 
     </span>
     <span class='ocr_line' id='line_1_65' title="bbox 231 3362 1120 3407; baseline 0.007 -13"><span class='ocrx_word' id='word_1_475' title='bbox 231 3362 279 3394; x_wconf 59' lang='lat' dir='ltr'>(a</span> <span class='ocrx_word' id='word_1_476' title='bbox 294 3364 516 3407; x_wconf 72' lang='lat' dir='ltr'>aegreferentes</span> <span class='ocrx_word' id='word_1_477' title='bbox 527 3388 538 3404; x_wconf 93' lang='lat'><em>,</em></span> <span class='ocrx_word' id='word_1_478' title='bbox 564 3366 646 3406; x_wconf 88' lang='lat' dir='ltr'>quod</span> <span class='ocrx_word' id='word_1_479' title='bbox 653 3366 772 3407; x_wconf 86' lang='lat' dir='ltr'>quidem</span> <span class='ocrx_word' id='word_1_480' title='bbox 783 3365 905 3407; x_wconf 85' lang='lat' dir='ltr'>faciunt</span> <span class='ocrx_word' id='word_1_481' title='bbox 915 3368 1016 3400; x_wconf 74' lang='lat' dir='ltr'>multa</span> <span class='ocrx_word' id='word_1_482' title='bbox 1026 3378 1064 3402; x_wconf 74' lang='lat' dir='ltr'>ex</span> <span class='ocrx_word' id='word_1_483' title='bbox 1075 3369 1120 3401; x_wconf 85' lang='lat' dir='ltr'>di·</span> 
     </span>
     <span class='ocr_line' id='line_1_66' title="bbox 241 3411 1120 3462; baseline 0.007 -15"><span class='ocrx_word' id='word_1_484' title='bbox 241 3411 358 3447; x_wconf 69' lang='lat' dir='ltr'>vitibus</span> <span class='ocrx_word' id='word_1_485' title='bbox 367 3438 375 3446; x_wconf 89' lang='lat'>.</span> <span class='ocrx_word' id='word_1_486' title='bbox 407 3416 454 3447; x_wconf 84' lang='lat' dir='ltr'>Et</span> <span class='ocrx_word' id='word_1_487' title='bbox 473 3425 575 3449; x_wconf 84' lang='lat' dir='ltr'>earum</span> <span class='ocrx_word' id='word_1_488' title='bbox 585 3416 706 3457; x_wconf 81' lang='lat' dir='ltr'>quidem</span> <span class='ocrx_word' id='word_1_489' title='bbox 715 3416 786 3451; x_wconf 81' lang='lat' dir='ltr'>aliae</span> <span class='ocrx_word' id='word_1_490' title='bbox 796 3415 957 3460; x_wconf 77' lang='lat' dir='ltr'>esurientes</span> <span class='ocrx_word' id='word_1_491' title='bbox 962 3415 1046 3462; x_wconf 73' lang='lat' dir='ltr'>sape</span> <span class='ocrx_word' id='word_1_492' title='bbox 1056 3419 1120 3452; x_wconf 85' lang='lat' dir='ltr'>dor-</span> 
     </span>
    </p>
   </div>
   <div class='ocr_carea' id='block_1_4' title="bbox 1138 2857 1142 2930">
    <p class='ocr_par' dir='ltr' id='par_1_5' title="bbox 1138 2857 1142 2930">
     <span class='ocr_line' id='line_1_67' title="bbox 1138 2857 1142 2930; baseline 0 794"><span class='ocrx_word' id='word_1_493' title='bbox 1138 2857 1142 2930; x_wconf 95' lang='lat' dir='ltr'> </span> 
     </span>
    </p>
   </div>
   <div class='ocr_carea' id='block_1_5' title="bbox 1441 133 2003 189">
    <p class='ocr_par' dir='ltr' id='par_1_6' title="bbox 1441 133 2003 189">
     <span class='ocr_line' id='line_1_68' title="bbox 1441 133 2003 189; baseline 0.012 -14"><span class='ocrx_word' id='word_1_494' title='bbox 1441 133 1517 176; x_wconf 82' lang='lat' dir='ltr'>I&#39;I</span> <span class='ocrx_word' id='word_1_495' title='bbox 1554 134 1587 177; x_wconf 89' lang='lat' dir='ltr'>I.</span> <span class='ocrx_word' id='word_1_496' title='bbox 1943 149 2003 189; x_wconf 84' lang='lat'>19</span> 
     </span>
    </p>
   </div>
   <div class='ocr_carea' id='block_1_6' title="bbox 1181 212 2073 557">
    <p class='ocr_par' dir='ltr' id='par_1_7' title="bbox 1181 212 2073 557">
     <span class='ocr_line' id='line_1_69' title="bbox 1182 212 2073 259; baseline 0.004 -12"><span class='ocrx_word' id='word_1_497' title='bbox 1182 220 1296 254; x_wconf 80' lang='lat' dir='ltr'>mium,</span> <span class='ocrx_word' id='word_1_498' title='bbox 1322 216 1392 247; x_wconf 83' lang='lat' dir='ltr'>aliae</span> <span class='ocrx_word' id='word_1_499' title='bbox 1405 237 1416 253; x_wconf 87' lang='lat'>‚</span> <span class='ocrx_word' id='word_1_500' title='bbox 1440 219 1532 246; x_wconf 84' lang='lat' dir='ltr'>etiam</span> <span class='ocrx_word' id='word_1_501' title='bbox 1553 215 1575 244; x_wconf 79' lang='grc' dir='ltr'><em>ἃ</em></span> <span class='ocrx_word' id='word_1_502' title='bbox 1590 212 1707 258; x_wconf 77' lang='lat' dir='ltr'>frigore</span> <span class='ocrx_word' id='word_1_503' title='bbox 1711 214 1786 257; x_wconf 86' lang='lat' dir='ltr'>sunt</span> <span class='ocrx_word' id='word_1_504' title='bbox 1800 224 1942 259; x_wconf 82' lang='lat' dir='ltr'>perpetuo</span> <span class='ocrx_word' id='word_1_505' title='bbox 1961 228 2073 258; x_wconf 78' lang='lat' dir='ltr'>conere-</span> 
     </span>
     <span class='ocr_line' id='line_1_70' title="bbox 1181 265 2072 312; baseline 0.003 -15"><span class='ocrx_word' id='word_1_506' title='bbox 1181 274 1242 305; x_wconf 59' lang='grc' dir='ltr'>ια,</span> <span class='ocrx_word' id='word_1_507' title='bbox 1270 267 1304 298; x_wconf 56' lang='grc' dir='ltr'>(τ</span> <span class='ocrx_word' id='word_1_508' title='bbox 1326 274 1427 297; x_wconf 86' lang='lat' dir='ltr'>tamen</span> <span class='ocrx_word' id='word_1_509' title='bbox 1438 265 1549 308; x_wconf 84' lang='lat' dir='ltr'>degunt</span> <span class='ocrx_word' id='word_1_510' title='bbox 1573 269 1606 296; x_wconf 85' lang='lat' dir='ltr'>in</span> <span class='ocrx_word' id='word_1_511' title='bbox 1624 270 1796 307; x_wconf 83' lang='lat' dir='ltr'>gratiarum</span> <span class='ocrx_word' id='word_1_512' title='bbox 1815 268 1929 301; x_wconf 73' lang='lat' dir='ltr'>afflone</span> <span class='ocrx_word' id='word_1_513' title='bbox 1943 270 2072 312; x_wconf 74' lang='lat' dir='ltr'>&amp;glori-</span> 
     </span>
     <span class='ocr_line' id='line_1_71' title="bbox 1181 313 2071 360; baseline 0.003 -13"><span class='ocrx_word' id='word_1_514' title='bbox 1181 316 1334 356; x_wconf 78' lang='lat' dir='ltr'>ficatione.</span> <span class='ocrx_word' id='word_1_515' title='bbox 1362 321 1403 349; x_wconf 81' lang='lat' dir='ltr'>Et</span> <span class='ocrx_word' id='word_1_516' title='bbox 1419 313 1447 354; x_wconf 80' lang='lat' dir='ltr'><em>fi</em></span> <span class='ocrx_word' id='word_1_517' title='bbox 1462 313 1575 347; x_wconf 86' lang='lat' dir='ltr'>obulum</span> <span class='ocrx_word' id='word_1_518' title='bbox 1585 315 1705 348; x_wconf 78' lang='lat' dir='ltr'>dederis</span> <span class='ocrx_word' id='word_1_519' title='bbox 1718 338 1729 353; x_wconf 95' lang='lat'>,</span> <span class='ocrx_word' id='word_1_520' title='bbox 1752 322 1874 358; x_wconf 85' lang='lat' dir='ltr'>gratias</span> <span class='ocrx_word' id='word_1_521' title='bbox 1896 327 2008 360; x_wconf 84' lang='lat' dir='ltr'>agunt,</span> <span class='ocrx_word' id='word_1_522' title='bbox 2035 320 2071 352; x_wconf 65' lang='grc' dir='ltr'>(ς</span> 
     </span>
     <span class='ocr_line' id='line_1_72' title="bbox 1183 364 2070 407; baseline 0.003 -10"><span class='ocrx_word' id='word_1_523' title='bbox 1183 367 1289 398; x_wconf 87' lang='lat' dir='ltr'>millies</span> <span class='ocrx_word' id='word_1_524' title='bbox 1312 366 1388 399; x_wconf 79' lang='lat' dir='ltr'>hona</span> <span class='ocrx_word' id='word_1_525' title='bbox 1406 373 1569 405; x_wconf 85' lang='lat' dir='ltr'>precantur</span> <span class='ocrx_word' id='word_1_526' title='bbox 1590 389 1596 395; x_wconf 91' lang='lat'>.</span> <span class='ocrx_word' id='word_1_527' title='bbox 1624 368 1671 399; x_wconf 86' lang='lat' dir='ltr'>Et</span> <span class='ocrx_word' id='word_1_528' title='bbox 1688 364 1720 406; x_wconf 86' lang='lat' dir='ltr'><em>fi</em></span> <span class='ocrx_word' id='word_1_529' title='bbox 1734 365 1814 400; x_wconf 82' lang='lat' dir='ltr'>nibil</span> <span class='ocrx_word' id='word_1_530' title='bbox 1835 367 1953 400; x_wconf 82' lang='lat' dir='ltr'>dederis</span> <span class='ocrx_word' id='word_1_531' title='bbox 1975 390 1987 407; x_wconf 84' lang='lat'><strong>,</strong></span> <span class='ocrx_word' id='word_1_532' title='bbox 2010 379 2070 402; x_wconf 87' lang='lat' dir='ltr'>non</span> 
     </span>
     <span class='ocr_line' id='line_1_73' title="bbox 1184 413 2069 459; baseline 0.006 -13"><span class='ocrx_word' id='word_1_533' title='bbox 1184 417 1260 459; x_wconf 54' lang='lat' dir='ltr'>‘egre</span> <span class='ocrx_word' id='word_1_534' title='bbox 1273 414 1383 456; x_wconf 86' lang='lat' dir='ltr'>ferunt</span> <span class='ocrx_word' id='word_1_535' title='bbox 1404 438 1414 452; x_wconf 87' lang='lat'>,</span> <span class='ocrx_word' id='word_1_536' title='bbox 1436 413 1492 456; x_wconf 89' lang='lat' dir='ltr'>sed</span> <span class='ocrx_word' id='word_1_537' title='bbox 1507 414 1545 455; x_wconf 83' lang='lat' dir='ltr'>fic</span> <span class='ocrx_word' id='word_1_538' title='bbox 1564 426 1676 456; x_wconf 83' lang='lat' dir='ltr'>quoque</span> <span class='ocrx_word' id='word_1_539' title='bbox 1698 414 1872 451; x_wconf 81' lang='lat' dir='ltr'>benedicunt</span> <span class='ocrx_word' id='word_1_540' title='bbox 1894 439 1904 455; x_wconf 91' lang='lat'><strong>,</strong></span> <span class='ocrx_word' id='word_1_541' title='bbox 1928 428 1964 450; x_wconf 84' lang='lat' dir='ltr'>ac</span> <span class='ocrx_word' id='word_1_542' title='bbox 1986 416 2069 454; x_wconf 78' lang='lat' dir='ltr'>bonis</span> 
     </span>
     <span class='ocr_line' id='line_1_74' title="bbox 1183 464 2071 507; baseline 0.003 -10"><span class='ocrx_word' id='word_1_543' title='bbox 1183 465 1284 499; x_wconf 79' lang='lat' dir='ltr'>verbis</span> <span class='ocrx_word' id='word_1_544' title='bbox 1294 464 1528 507; x_wconf 85' lang='lat' dir='ltr'>prosequuntur.</span> <span class='ocrx_word' id='word_1_545' title='bbox 1556 466 1637 496; x_wconf 77' lang='lat' dir='ltr'>Satis</span> <span class='ocrx_word' id='word_1_546' title='bbox 1659 464 1791 505; x_wconf 82' lang='lat' dir='ltr'>habent,</span> <span class='ocrx_word' id='word_1_547' title='bbox 1813 464 1843 506; x_wconf 84' lang='lat' dir='ltr'><em>fi</em></span> <span class='ocrx_word' id='word_1_548' title='bbox 1852 465 2003 507; x_wconf 86' lang='lat' dir='ltr'>fruantur</span> <span class='ocrx_word' id='word_1_549' title='bbox 2018 469 2071 500; x_wconf 88' lang='lat' dir='ltr'>ali-</span> 
     </span>
     <span class='ocr_line' id='line_1_75' title="bbox 1183 513 2073 557; baseline 0.002 -9"><span class='ocrx_word' id='word_1_550' title='bbox 1183 525 1280 549; x_wconf 81' lang='lat' dir='ltr'>mento</span> <span class='ocrx_word' id='word_1_551' title='bbox 1292 518 1459 557; x_wconf 83' lang='lat' dir='ltr'>quotidiano</span> <span class='ocrx_word' id='word_1_552' title='bbox 1471 539 1478 546; x_wconf 89' lang='lat'><em>.</em></span> <span class='ocrx_word' id='word_1_553' title='bbox 1505 515 1544 547; x_wconf 86' lang='lat' dir='ltr'>ln</span> <span class='ocrx_word' id='word_1_554' title='bbox 1558 513 1645 548; x_wconf 86' lang='lat' dir='ltr'>libris</span> <span class='ocrx_word' id='word_1_555' title='bbox 1656 515 1698 548; x_wconf 91' lang='lat' dir='ltr'>de</span> <span class='ocrx_word' id='word_1_556' title='bbox 1709 516 1899 550; x_wconf 81' lang='lat' dir='ltr'>sacerdotio</span> <span class='ocrx_word' id='word_1_557' title='bbox 1919 515 2007 553; x_wconf 83' lang='lat' dir='ltr'>idern</span> <span class='ocrx_word' id='word_1_558' title='bbox 2022 528 2073 550; x_wconf 90' lang='lat' dir='ltr'>ve·</span> 
     </span>
    </p>
   </div>
   <div class='ocr_carea' id='block_1_7' title="bbox 1180 149 1237 178">
    <p class='ocr_par' dir='ltr' id='par_1_8' title="bbox 1180 149 1237 178">
     <span class='ocr_line' id='line_1_76' title="bbox 1180 149 1237 178; baseline 0 0"><span class='ocrx_word' id='word_1_559' title='bbox 1180 154 1183 156; x_wconf 61' lang='grc'><strong>“</strong></span> <span class='ocrx_word' id='word_1_560' title='bbox 1222 149 1237 178; x_wconf 92' lang='grc'>1</span> 
     </span>
    </p>
   </div>
   <div class='ocr_carea' id='block_1_8' title="bbox 1308 150 1326 177">
    <p class='ocr_par' dir='ltr' id='par_1_9' title="bbox 1308 150 1326 177">
     <span class='ocr_line' id='line_1_77' title="bbox 1308 150 1326 177; baseline 0 0"><span class='ocrx_word' id='word_1_561' title='bbox 1308 150 1326 177; x_wconf 88' lang='lat' dir='ltr'><strong><em>S</em></strong></span> 
     </span>
    </p>
   </div>
   <div class='ocr_carea' id='block_1_9' title="bbox 1184 565 2075 664">
    <p class='ocr_par' dir='ltr' id='par_1_10' title="bbox 1184 565 2075 664">
     <span class='ocr_line' id='line_1_78' title="bbox 1186 565 2075 610; baseline 0 -11"><span class='ocrx_word' id='word_1_562' title='bbox 1186 567 1346 599; x_wconf 78' lang='lat' dir='ltr'>nerandus</span> <span class='ocrx_word' id='word_1_563' title='bbox 1358 565 1484 599; x_wconf 74' lang='lat' dir='ltr'>Dostor</span> <span class='ocrx_word' id='word_1_564' title='bbox 1498 565 1699 609; x_wconf 66' lang='lat' dir='ltr'>Epist-opalis</span> <span class='ocrx_word' id='word_1_565' title='bbox 1710 566 1822 601; x_wconf 83' lang='lat' dir='ltr'>Officii</span> <span class='ocrx_word' id='word_1_566' title='bbox 1835 577 1920 600; x_wconf 88' lang='lat' dir='ltr'>onus</span> <span class='ocrx_word' id='word_1_567' title='bbox 1944 566 2075 610; x_wconf 82' lang='lat' dir='ltr'>infigni·</span> 
     </span>
     <span class='ocr_line' id='line_1_79' title="bbox 1184 616 2073 664; baseline -0.001 -15"><span class='ocrx_word' id='word_1_568' title='bbox 1184 626 1231 649; x_wconf 83' lang='lat' dir='ltr'>ter</span> <span class='ocrx_word' id='word_1_569' title='bbox 1252 616 1391 658; x_wconf 83' lang='lat' dir='ltr'>exponit</span> <span class='ocrx_word' id='word_1_570' title='bbox 1415 626 1513 658; x_wconf 88' lang='lat' dir='ltr'>atque</span> <span class='ocrx_word' id='word_1_571' title='bbox 1542 626 1754 660; x_wconf 76' lang='lat' dir='ltr'>exaggerat,</span> <span class='ocrx_word' id='word_1_572' title='bbox 1779 617 1814 653; x_wconf 69' lang='lat' dir='ltr'>&lt;Sc</span> <span class='ocrx_word' id='word_1_573' title='bbox 1848 616 2073 664; x_wconf 81' lang='lat' dir='ltr'>prosequitur:</span> 
     </span>
    </p>
   </div>
   <div class='ocr_carea' id='block_1_10' title="bbox 1185 666 2245 759">
    <p class='ocr_par' dir='ltr' id='par_1_11' title="bbox 1185 666 2245 759">
     <span class='ocr_line' id='line_1_80' title="bbox 1186 666 2245 722; baseline 0.003 -23"><span class='ocrx_word' id='word_1_574' title='bbox 1186 670 1319 699; x_wconf 78' lang='lat' dir='ltr'>PrImum</span> <span class='ocrx_word' id='word_1_575' title='bbox 1345 666 1383 698; x_wconf 87' lang='lat' dir='ltr'>ab</span> <span class='ocrx_word' id='word_1_576' title='bbox 1405 677 1457 704; x_wconf 89' lang='lat' dir='ltr'>eo,</span> <span class='ocrx_word' id='word_1_577' title='bbox 1484 666 1563 707; x_wconf 85' lang='lat' dir='ltr'>quod</span> <span class='ocrx_word' id='word_1_578' title='bbox 1584 671 1663 699; x_wconf 85' lang='lat' dir='ltr'>inter</span> <span class='ocrx_word' id='word_1_579' title='bbox 1687 667 1751 699; x_wconf 73' lang='lat' dir='ltr'>alia</span> <span class='ocrx_word' id='word_1_580' title='bbox 1769 668 1938 711; x_wconf 82' lang='lat' dir='ltr'>leviffimum</span> <span class='ocrx_word' id='word_1_581' title='bbox 1950 667 2074 709; x_wconf 80' lang='lat' dir='ltr'>quidam</span> <span class='ocrx_word' id='word_1_582' title='bbox 2092 684 2119 712; x_wconf 54' lang='lat' dir='ltr'>L,</span> <span class='ocrx_word' id='word_1_583' title='bbox 2138 692 2165 719; x_wconf 54' lang='lat'>3,</span> <span class='ocrx_word' id='word_1_584' title='bbox 2179 690 2245 722; x_wconf 60' lang='lat'>029,</span> 
     </span>
     <span class='ocr_line' id='line_1_81' title="bbox 1185 716 2139 759; baseline 0.003 -10"><span class='ocrx_word' id='word_1_585' title='bbox 1185 717 1236 759; x_wconf 79' lang='lat' dir='ltr'>esse</span> <span class='ocrx_word' id='word_1_586' title='bbox 1253 725 1385 758; x_wconf 88' lang='lat' dir='ltr'>putant,</span> <span class='ocrx_word' id='word_1_587' title='bbox 1413 718 1601 750; x_wconf 80' lang='lat' dir='ltr'>exordiamur</span> <span class='ocrx_word' id='word_1_588' title='bbox 1618 741 1625 747; x_wconf 89' lang='lat'>.</span> <span class='ocrx_word' id='word_1_589' title='bbox 1651 716 1816 753; x_wconf 83' lang='lat' dir='ltr'>Viduarum</span> <span class='ocrx_word' id='word_1_590' title='bbox 1838 718 1958 759; x_wconf 81' lang='lat' dir='ltr'>quidem</span> <span class='ocrx_word' id='word_1_591' title='bbox 1979 719 2074 754; x_wconf 76' lang='lat' dir='ltr'>cultus</span> <span class='ocrx_word' id='word_1_592' title='bbox 2097 732 2139 759; x_wconf 86' lang='grc' dir='ltr'>ις.</span> 
     </span>
    </p>
   </div>
   <div class='ocr_carea' id='block_1_11' title="bbox 1182 765 2093 3463">
    <p class='ocr_par' dir='ltr' id='par_1_12' title="bbox 1186 765 2075 811">
     <span class='ocr_line' id='line_1_82' title="bbox 1186 765 2075 811; baseline 0.002 -12"><span class='ocrx_word' id='word_1_593' title='bbox 1186 768 1308 799; x_wconf 82' lang='lat' dir='ltr'>videtur</span> <span class='ocrx_word' id='word_1_594' title='bbox 1331 766 1416 799; x_wconf 83' lang='lat' dir='ltr'>haud</span> <span class='ocrx_word' id='word_1_595' title='bbox 1425 767 1519 803; x_wconf 84' lang='lat' dir='ltr'>aliam</span> <span class='ocrx_word' id='word_1_596' title='bbox 1537 790 1547 806; x_wconf 89' lang='lat'>,</span> <span class='ocrx_word' id='word_1_597' title='bbox 1573 776 1665 808; x_wconf 79' lang='lat' dir='ltr'>quam</span> <span class='ocrx_word' id='word_1_598' title='bbox 1682 773 1816 808; x_wconf 67' lang='lat' dir='ltr'>pecunia·</span> <span class='ocrx_word' id='word_1_599' title='bbox 1826 765 2075 811; x_wconf 74' lang='lat' dir='ltr'>insumendaesol-</span> 
     </span>
    </p>

    <p class='ocr_par' dir='ltr' id='par_1_13' title="bbox 1182 817 2093 3012">
     <span class='ocr_line' id='line_1_83' title="bbox 1185 817 2076 859; baseline 0.001 -11"><span class='ocrx_word' id='word_1_600' title='bbox 1185 818 1372 851; x_wconf 84' lang='lat' dir='ltr'>licitudinem</span> <span class='ocrx_word' id='word_1_601' title='bbox 1394 822 1436 849; x_wconf 83' lang='lat' dir='ltr'>eis</span> <span class='ocrx_word' id='word_1_602' title='bbox 1444 817 1601 858; x_wconf 60' lang='lat' dir='ltr'>praebere,</span> <span class='ocrx_word' id='word_1_603' title='bbox 1627 823 1679 859; x_wconf 80' lang='lat' dir='ltr'>qui</span> <span class='ocrx_word' id='word_1_604' title='bbox 1701 818 1821 850; x_wconf 87' lang='lat' dir='ltr'>illarum</span> <span class='ocrx_word' id='word_1_605' title='bbox 1843 817 2076 852; x_wconf 63' lang='lat' dir='ltr'>nullandas-um</span> 
     </span>
     <span class='ocr_line' id='line_1_84' title="bbox 1186 865 2076 910; baseline 0.002 -11"><span class='ocrx_word' id='word_1_606' title='bbox 1186 869 1219 899; x_wconf 77' lang='lat'><em>&amp;</em></span> <span class='ocrx_word' id='word_1_607' title='bbox 1236 868 1437 904; x_wconf 85' lang='lat' dir='ltr'>curandarum</span> <span class='ocrx_word' id='word_1_608' title='bbox 1455 873 1646 908; x_wconf 75' lang='lat' dir='ltr'>provintiam</span> <span class='ocrx_word' id='word_1_609' title='bbox 1663 865 1854 910; x_wconf 64' lang='lat' dir='ltr'>susceperunt</span> <span class='ocrx_word' id='word_1_610' title='bbox 1876 894 1884 901; x_wconf 90' lang='lat'><em>.</em></span> <span class='ocrx_word' id='word_1_611' title='bbox 1913 868 1952 904; x_wconf 76' lang='lat' dir='ltr'>ld</span> <span class='ocrx_word' id='word_1_612' title='bbox 1963 877 2076 910; x_wconf 78' lang='lat' dir='ltr'>¹autem</span> 
     </span>
     <span class='ocr_line' id='line_1_85' title="bbox 1184 915 2076 968; baseline 0.001 -18"><span class='ocrx_word' id='word_1_613' title='bbox 1184 918 1267 960; x_wconf 63' lang='lat' dir='ltr'>longe*</span> <span class='ocrx_word' id='word_1_614' title='bbox 1290 918 1377 950; x_wconf 76' lang='lat' dir='ltr'>aliter</span> <span class='ocrx_word' id='word_1_615' title='bbox 1394 915 1426 960; x_wconf 73' lang='lat' dir='ltr'><em>ft</em></span> <span class='ocrx_word' id='word_1_616' title='bbox 1448 916 1554 953; x_wconf 85' lang='lat' dir='ltr'>babet.</span> <span class='ocrx_word' id='word_1_617' title='bbox 1584 921 1670 953; x_wconf 86' lang='lat' dir='ltr'>Nam</span> <span class='ocrx_word' id='word_1_618' title='bbox 1691 924 1801 960; x_wconf 82' lang='lat' dir='ltr'>quoties</span> <span class='ocrx_word' id='word_1_619' title='bbox 1814 920 1873 954; x_wconf 77' lang='lat' dir='ltr'>ille</span> <span class='ocrx_word' id='word_1_620' title='bbox 1883 919 2051 968; x_wconf 65' lang='lat' dir='ltr'>deligendae</span> <span class='ocrx_word' id='word_1_621' title='bbox 2065 941 2076 957; x_wconf 87' lang='lat'><em>‚</em></span> 
     </span>
     <span class='ocr_line' id='line_1_86' title="bbox 1186 966 2076 1014; baseline 0.002 -15"><span class='ocrx_word' id='word_1_622' title='bbox 1186 978 1219 1000; x_wconf 86' lang='lat' dir='ltr'>ac</span> <span class='ocrx_word' id='word_1_623' title='bbox 1238 975 1393 1013; x_wconf 82' lang='lat' dir='ltr'>tamquam</span> <span class='ocrx_word' id='word_1_624' title='bbox 1412 971 1445 1003; x_wconf 84' lang='lat' dir='ltr'>in</span> <span class='ocrx_word' id='word_1_625' title='bbox 1469 966 1648 1012; x_wconf 75' lang='lat' dir='ltr'>catalogum</span> <span class='ocrx_word' id='word_1_626' title='bbox 1670 967 1835 1014; x_wconf 77' lang='lat' dir='ltr'>referendae</span> <span class='ocrx_word' id='word_1_627' title='bbox 1853 967 1945 1011; x_wconf 85' lang='lat' dir='ltr'>sunt,</span> <span class='ocrx_word' id='word_1_628' title='bbox 1974 970 2007 1001; x_wconf 63' lang='grc' dir='ltr'><em>Θ</em></span> <span class='ocrx_word' id='word_1_629' title='bbox 2029 967 2076 1002; x_wconf 83' lang='lat' dir='ltr'>hic</span> 
     </span>
     <span class='ocr_line' id='line_1_87' title="bbox 1185 1016 2077 1061; baseline 0 -11"><span class='ocrx_word' id='word_1_630' title='bbox 1185 1028 1296 1060; x_wconf 88' lang='lat' dir='ltr'>quoque</span> <span class='ocrx_word' id='word_1_631' title='bbox 1322 1016 1357 1055; x_wconf 81' lang='lat' dir='ltr'>est</span> <span class='ocrx_word' id='word_1_632' title='bbox 1378 1025 1452 1058; x_wconf 80' lang='lat' dir='ltr'>opus</span> <span class='ocrx_word' id='word_1_633' title='bbox 1480 1029 1588 1061; x_wconf 86' lang='lat' dir='ltr'>magno</span> <span class='ocrx_word' id='word_1_634' title='bbox 1608 1025 1745 1055; x_wconf 74' lang='lat' dir='ltr'>examine</span> <span class='ocrx_word' id='word_1_635' title='bbox 1764 1043 1773 1051; x_wconf 88' lang='grc'><strong>.</strong></span> <span class='ocrx_word' id='word_1_636' title='bbox 1801 1021 1840 1053; x_wconf 88' lang='lat' dir='ltr'>Id</span> <span class='ocrx_word' id='word_1_637' title='bbox 1857 1024 1936 1052; x_wconf 89' lang='lat' dir='ltr'>enim</span> <span class='ocrx_word' id='word_1_638' title='bbox 1954 1016 2052 1060; x_wconf 73' lang='lat' dir='ltr'>Ipsum</span> <span class='ocrx_word' id='word_1_639' title='bbox 2065 1042 2077 1058; x_wconf 91' lang='lat'>,</span> 
     </span>
     <span class='ocr_line' id='line_1_88' title="bbox 1187 1065 2078 1111; baseline 0.001 -11"><span class='ocrx_word' id='word_1_640' title='bbox 1187 1068 1268 1110; x_wconf 84' lang='lat' dir='ltr'>quod</span> <span class='ocrx_word' id='word_1_641' title='bbox 1275 1069 1380 1104; x_wconf 69' lang='lat' dir='ltr'>temere</span> <span class='ocrx_word' id='word_1_642' title='bbox 1392 1090 1402 1105; x_wconf 93' lang='lat'>‚</span> <span class='ocrx_word' id='word_1_643' title='bbox 1429 1068 1462 1101; x_wconf 67' lang='lat'>(9</span> <span class='ocrx_word' id='word_1_644' title='bbox 1472 1075 1505 1100; x_wconf 89' lang='lat' dir='ltr'>ut</span> <span class='ocrx_word' id='word_1_645' title='bbox 1514 1065 1598 1111; x_wconf 84' lang='lat' dir='ltr'>casus</span> <span class='ocrx_word' id='word_1_646' title='bbox 1611 1070 1680 1103; x_wconf 86' lang='lat' dir='ltr'>tulit</span> <span class='ocrx_word' id='word_1_647' title='bbox 1693 1092 1703 1108; x_wconf 92' lang='lat'>,</span> <span class='ocrx_word' id='word_1_648' title='bbox 1727 1074 1760 1101; x_wconf 84' lang='lat' dir='ltr'>in</span> <span class='ocrx_word' id='word_1_649' title='bbox 1772 1069 1874 1102; x_wconf 85' lang='lat' dir='ltr'>album</span> <span class='ocrx_word' id='word_1_650' title='bbox 1884 1067 2053 1109; x_wconf 82' lang='lat' dir='ltr'>referantur</span> <span class='ocrx_word' id='word_1_651' title='bbox 2064 1093 2078 1108; x_wconf 85' lang='lat'>,</span> 
     </span>
     <span class='ocr_line' id='line_1_89' title="bbox 1187 1117 2078 1161; baseline 0.002 -12"><span class='ocrx_word' id='word_1_652' title='bbox 1187 1124 1344 1151; x_wconf 83' lang='lat' dir='ltr'>innumera</span> <span class='ocrx_word' id='word_1_653' title='bbox 1354 1117 1422 1153; x_wconf 87' lang='lat' dir='ltr'>olim</span> <span class='ocrx_word' id='word_1_654' title='bbox 1436 1117 1517 1153; x_wconf 83' lang='lat' dir='ltr'>mala</span> <span class='ocrx_word' id='word_1_655' title='bbox 1537 1124 1673 1161; x_wconf 82' lang='lat' dir='ltr'>peperit.</span> <span class='ocrx_word' id='word_1_656' title='bbox 1701 1122 1789 1151; x_wconf 86' lang='lat' dir='ltr'>Nam</span> <span class='ocrx_word' id='word_1_657' title='bbox 1809 1118 1994 1159; x_wconf 68' lang='lat' dir='ltr'>&amp;familias</span> <span class='ocrx_word' id='word_1_658' title='bbox 2011 1117 2078 1161; x_wconf 80' lang='lat' dir='ltr'>pes·</span> 
     </span>
     <span class='ocr_line' id='line_1_90' title="bbox 1182 1166 2077 1210; baseline 0.003 -10"><span class='ocrx_word' id='word_1_659' title='bbox 1182 1166 1250 1210; x_wconf 91' lang='lat' dir='ltr'>sum</span> <span class='ocrx_word' id='word_1_660' title='bbox 1274 1168 1359 1203; x_wconf 83' lang='lat' dir='ltr'>dedit</span> <span class='ocrx_word' id='word_1_661' title='bbox 1372 1192 1382 1207; x_wconf 91' lang='lat'>‚</span> <span class='ocrx_word' id='word_1_662' title='bbox 1410 1169 1443 1204; x_wconf 60' lang='grc' dir='ltr'><strong><em>δ</em></strong></span> <span class='ocrx_word' id='word_1_663' title='bbox 1457 1173 1579 1210; x_wconf 79' lang='lat' dir='ltr'>nuptias</span> <span class='ocrx_word' id='word_1_664' title='bbox 1602 1169 1744 1204; x_wconf 70' lang='lat' dir='ltr'>divellit.</span> <span class='ocrx_word' id='word_1_665' title='bbox 1774 1170 1927 1202; x_wconf 69' lang='lat' dir='ltr'>Praetered</span> <span class='ocrx_word' id='word_1_666' title='bbox 1949 1168 2004 1201; x_wconf 85' lang='lat' dir='ltr'>bac</span> <span class='ocrx_word' id='word_1_667' title='bbox 2015 1180 2077 1203; x_wconf 77' lang='lat' dir='ltr'>una</span> 
     </span>
     <span class='ocr_line' id='line_1_91' title="bbox 1188 1215 2079 1262; baseline 0 -12"><span class='ocrx_word' id='word_1_668' title='bbox 1188 1219 1224 1253; x_wconf 87' lang='lat' dir='ltr'>de</span> <span class='ocrx_word' id='word_1_669' title='bbox 1235 1215 1320 1261; x_wconf 88' lang='lat' dir='ltr'>causa</span> <span class='ocrx_word' id='word_1_670' title='bbox 1332 1225 1510 1260; x_wconf 83' lang='lat' dir='ltr'>compertum</span> <span class='ocrx_word' id='word_1_671' title='bbox 1529 1220 1566 1257; x_wconf 80' lang='lat' dir='ltr'>cst</span> <span class='ocrx_word' id='word_1_672' title='bbox 1584 1220 1694 1254; x_wconf 84' lang='lat' dir='ltr'>viduas</span> <span class='ocrx_word' id='word_1_673' title='bbox 1705 1220 1818 1262; x_wconf 73' lang='lat' dir='ltr'>aliquot</span> <span class='ocrx_word' id='word_1_674' title='bbox 1843 1228 1908 1251; x_wconf 90' lang='lat' dir='ltr'>tum</span> <span class='ocrx_word' id='word_1_675' title='bbox 1912 1218 2052 1260; x_wconf 88' lang='lat' dir='ltr'>furando</span> <span class='ocrx_word' id='word_1_676' title='bbox 2067 1243 2079 1261; x_wconf 90' lang='lat'>,</span> 
     </span>
     <span class='ocr_line' id='line_1_92' title="bbox 1189 1270 2080 1311; baseline 0.003 -11"><span class='ocrx_word' id='word_1_677' title='bbox 1189 1278 1251 1300; x_wconf 89' lang='lat' dir='ltr'>tum</span> <span class='ocrx_word' id='word_1_678' title='bbox 1272 1270 1465 1309; x_wconf 73' lang='lat' dir='ltr'>cauponando</span> <span class='ocrx_word' id='word_1_679' title='bbox 1478 1292 1488 1308; x_wconf 90' lang='lat'>,</span> <span class='ocrx_word' id='word_1_680' title='bbox 1515 1277 1604 1311; x_wconf 88' lang='lat' dir='ltr'>atque</span> <span class='ocrx_word' id='word_1_681' title='bbox 1622 1271 1687 1302; x_wconf 81' lang='lat' dir='ltr'>alia</span> <span class='ocrx_word' id='word_1_682' title='bbox 1698 1271 1832 1311; x_wconf 85' lang='lat' dir='ltr'>idgenus</span> <span class='ocrx_word' id='word_1_683' title='bbox 1852 1271 2080 1308; x_wconf 74' lang='lat' dir='ltr'>committendo,</span> 
     </span>
     <span class='ocr_line' id='line_1_93' title="bbox 1189 1318 2080 1363; baseline 0.001 -13"><span class='ocrx_word' id='word_1_684' title='bbox 1189 1319 1281 1352; x_wconf 89' lang='lat' dir='ltr'>multa</span> <span class='ocrx_word' id='word_1_685' title='bbox 1303 1326 1416 1360; x_wconf 79' lang='lat' dir='ltr'>praeter</span> <span class='ocrx_word' id='word_1_686' title='bbox 1437 1320 1614 1361; x_wconf 74' lang='lat' dir='ltr'>dignitatem</span> <span class='ocrx_word' id='word_1_687' title='bbox 1640 1321 1816 1353; x_wconf 73' lang='lat' dir='ltr'>&amp;ordinem</span> <span class='ocrx_word' id='word_1_688' title='bbox 1824 1319 1944 1363; x_wconf 72' lang='lat' dir='ltr'>geffiffir.</span> <span class='ocrx_word' id='word_1_689' title='bbox 1972 1318 2080 1363; x_wconf 78' lang='lat' dir='ltr'>Hujus-</span> 
     </span>
     <span class='ocr_line' id='line_1_94' title="bbox 1190 1366 2082 1410; baseline 0.002 -10"><span class='ocrx_word' id='word_1_690' title='bbox 1190 1368 1267 1401; x_wconf 88' lang='lat' dir='ltr'>modi</span> <span class='ocrx_word' id='word_1_691' title='bbox 1280 1371 1353 1404; x_wconf 76' lang='lat' dir='ltr'>vero</span> <span class='ocrx_word' id='word_1_692' title='bbox 1366 1370 1477 1402; x_wconf 83' lang='lat' dir='ltr'>viduas</span> <span class='ocrx_word' id='word_1_693' title='bbox 1499 1366 1695 1409; x_wconf 60' lang='lat' dir='ltr'>Ecclefiastxa</span> <span class='ocrx_word' id='word_1_694' title='bbox 1712 1375 1839 1410; x_wconf 79' lang='lat' dir='ltr'>petuma</span> <span class='ocrx_word' id='word_1_695' title='bbox 1860 1372 1903 1402; x_wconf 87' lang='lat' dir='ltr'>ali</span> <span class='ocrx_word' id='word_1_696' title='bbox 1917 1393 1928 1407; x_wconf 92' lang='lat'>,</span> <span class='ocrx_word' id='word_1_697' title='bbox 1951 1378 2082 1409; x_wconf 75' lang='lat' dir='ltr'>prater-</span> 
     </span>
     <span class='ocr_line' id='line_1_95' title="bbox 1190 1417 2089 1461; baseline 0.003 -12"><span class='ocrx_word' id='word_1_698' title='bbox 1190 1429 1280 1460; x_wconf 88' lang='lat' dir='ltr'>quam</span> <span class='ocrx_word' id='word_1_699' title='bbox 1291 1419 1437 1461; x_wconf 83' lang='lat' dir='ltr'>quodDei</span> <span class='ocrx_word' id='word_1_700' title='bbox 1463 1418 1634 1452; x_wconf 65' lang='lat' dir='ltr'>vindiciam</span> <span class='ocrx_word' id='word_1_701' title='bbox 1653 1427 1798 1460; x_wconf 85' lang='lat' dir='ltr'>paratam</span> <span class='ocrx_word' id='word_1_702' title='bbox 1817 1417 1927 1458; x_wconf 77' lang='lat' dir='ltr'>babet,</span> <span class='ocrx_word' id='word_1_703' title='bbox 1947 1417 2028 1458; x_wconf 80' lang='lat' dir='ltr'>facit</span> <span class='ocrx_word' id='word_1_704' title='bbox 2038 1430 2089 1452; x_wconf 56' lang='lat' dir='ltr'>etr</span> 
     </span>
     <span class='ocr_line' id='line_1_96' title="bbox 1191 1467 2088 1508; baseline -0.001 -9"><span class='ocrx_word' id='word_1_705' title='bbox 1191 1474 1252 1503; x_wconf 81' lang='lat' dir='ltr'>iam</span> <span class='ocrx_word' id='word_1_706' title='bbox 1275 1475 1308 1501; x_wconf 85' lang='lat' dir='ltr'>ut</span> <span class='ocrx_word' id='word_1_707' title='bbox 1330 1469 1414 1508; x_wconf 81' lang='lat' dir='ltr'>apud</span> <span class='ocrx_word' id='word_1_708' title='bbox 1429 1467 1560 1501; x_wconf 82' lang='lat' dir='ltr'>homines</span> <span class='ocrx_word' id='word_1_709' title='bbox 1570 1479 1605 1501; x_wconf 88' lang='lat' dir='ltr'>ea</span> <span class='ocrx_word' id='word_1_710' title='bbox 1619 1478 1666 1500; x_wconf 85' lang='lat' dir='ltr'>res</span> <span class='ocrx_word' id='word_1_711' title='bbox 1681 1468 1880 1507; x_wconf 64' lang='lat' dir='ltr'>maximopere*</span> <span class='ocrx_word' id='word_1_712' title='bbox 1900 1467 2088 1508; x_wconf 20' lang='lat' dir='ltr'>improbetur*</span> 
     </span>
     <span class='ocr_line' id='line_1_97' title="bbox 1191 1517 2085 1562; baseline 0.001 -14"><span class='ocrx_word' id='word_1_713' title='bbox 1191 1527 1226 1548; x_wconf 83' lang='lat' dir='ltr'>ae</span> <span class='ocrx_word' id='word_1_714' title='bbox 1235 1518 1413 1555; x_wconf 85' lang='lat' dir='ltr'>damnetur,</span> <span class='ocrx_word' id='word_1_715' title='bbox 1442 1519 1477 1549; x_wconf 66' lang='lat' dir='ltr'>O·</span> <span class='ocrx_word' id='word_1_716' title='bbox 1489 1518 1647 1549; x_wconf 84' lang='lat' dir='ltr'>multorum</span> <span class='ocrx_word' id='word_1_717' title='bbox 1673 1526 1784 1558; x_wconf 88' lang='lat' dir='ltr'>quoque</span> <span class='ocrx_word' id='word_1_718' title='bbox 1805 1527 1965 1550; x_wconf 84' lang='lat' dir='ltr'>remoretur</span> <span class='ocrx_word' id='word_1_719' title='bbox 1977 1517 2085 1562; x_wconf 67' lang='lat' dir='ltr'>benefr.</span> 
     </span>
     <span class='ocr_line' id='line_1_98' title="bbox 1190 1567 2082 1609; baseline 0.002 -10"><span class='ocrx_word' id='word_1_720' title='bbox 1190 1571 1326 1600; x_wconf 71' lang='lat' dir='ltr'>centlum.</span> <span class='ocrx_word' id='word_1_721' title='bbox 1348 1568 1428 1609; x_wconf 73' lang='lat' dir='ltr'>‚Quis</span> <span class='ocrx_word' id='word_1_722' title='bbox 1439 1572 1519 1601; x_wconf 83' lang='lat' dir='ltr'>enim</span> <span class='ocrx_word' id='word_1_723' title='bbox 1531 1577 1661 1608; x_wconf 85' lang='lat' dir='ltr'>unquam</span> <span class='ocrx_word' id='word_1_724' title='bbox 1673 1567 1746 1599; x_wconf 80' lang='lat' dir='ltr'>velit</span> <span class='ocrx_word' id='word_1_725' title='bbox 1757 1577 1898 1608; x_wconf 84' lang='lat' dir='ltr'>eas,quas</span> <span class='ocrx_word' id='word_1_726' title='bbox 1910 1569 1978 1609; x_wconf 76' lang='lat' dir='ltr'>quis</span> <span class='ocrx_word' id='word_1_727' title='bbox 1992 1568 2082 1602; x_wconf 73' lang='lat' dir='ltr'>cbri-</span> 
     </span>
     <span class='ocr_line' id='line_1_99' title="bbox 1185 1614 2084 1660; baseline 0 -10"><span class='ocrx_word' id='word_1_728' title='bbox 1185 1615 1231 1655; x_wconf 78' lang='lat' dir='ltr'>sto</span> <span class='ocrx_word' id='word_1_729' title='bbox 1254 1614 1354 1656; x_wconf 81' lang='lat' dir='ltr'>offem</span> <span class='ocrx_word' id='word_1_730' title='bbox 1375 1617 1557 1656; x_wconf 80' lang='lat' dir='ltr'>mandavit,</span> <span class='ocrx_word' id='word_1_731' title='bbox 1577 1616 1746 1660; x_wconf 85' lang='lat' dir='ltr'>facultates</span> <span class='ocrx_word' id='word_1_732' title='bbox 1770 1623 1812 1650; x_wconf 81' lang='lat' dir='ltr'>ets</span> <span class='ocrx_word' id='word_1_733' title='bbox 1819 1615 2019 1660; x_wconf 75' lang='lat' dir='ltr'>fiistentandis</span> <span class='ocrx_word' id='word_1_734' title='bbox 2035 1625 2084 1651; x_wconf 77' lang='lat' dir='ltr'>in·</span> 
     </span>
     <span class='ocr_line' id='line_1_100' title="bbox 1187 1665 2090 1711; baseline 0.004 -13"><span class='ocrx_word' id='word_1_735' title='bbox 1187 1665 1290 1708; x_wconf 87' lang='lat' dir='ltr'>sumi,</span> <span class='ocrx_word' id='word_1_736' title='bbox 1319 1677 1387 1707; x_wconf 84' lang='lat' dir='ltr'>quae</span> <span class='ocrx_word' id='word_1_737' title='bbox 1411 1665 1523 1704; x_wconf 73' lang='lat' dir='ltr'>Christi</span> <span class='ocrx_word' id='word_1_738' title='bbox 1543 1678 1651 1700; x_wconf 87' lang='lat' dir='ltr'>nomen</span> <span class='ocrx_word' id='word_1_739' title='bbox 1677 1667 1852 1703; x_wconf 77' lang='lat' dir='ltr'>calumniari</span> <span class='ocrx_word' id='word_1_740' title='bbox 1868 1679 1925 1700; x_wconf 89' lang='lat' dir='ltr'>non</span> <span class='ocrx_word' id='word_1_741' title='bbox 1944 1668 2053 1711; x_wconf 79' lang='lat' dir='ltr'>cessant</span> <span class='ocrx_word' id='word_1_742' title='bbox 2068 1670 2090 1702; x_wconf 84' lang='lat'>?·</span> 
     </span>
     <span class='ocr_line' id='line_1_101' title="bbox 1192 1716 2083 1761; baseline 0.004 -13"><span class='ocrx_word' id='word_1_743' title='bbox 1192 1718 1262 1759; x_wconf 76' lang='lat' dir='ltr'>⁷Quo</span> <span class='ocrx_word' id='word_1_744' title='bbox 1284 1722 1397 1750; x_wconf 87' lang='lat' dir='ltr'>nomine</span> <span class='ocrx_word' id='word_1_745' title='bbox 1414 1718 1540 1750; x_wconf 87' lang='lat' dir='ltr'>multam</span> <span class='ocrx_word' id='word_1_746' title='bbox 1565 1716 1613 1751; x_wconf 87' lang='lat' dir='ltr'>hic</span> <span class='ocrx_word' id='word_1_747' title='bbox 1640 1727 1675 1749; x_wconf 88' lang='lat' dir='ltr'>ac</span> <span class='ocrx_word' id='word_1_748' title='bbox 1694 1719 1865 1761; x_wconf 78' lang='lat' dir='ltr'>diligentem</span> <span class='ocrx_word' id='word_1_749' title='bbox 1889 1716 2083 1761; x_wconf 78' lang='lat' dir='ltr'>discufflonem</span> 
     </span>
     <span class='ocr_line' id='line_1_102' title="bbox 1190 1765 2092 1812; baseline 0.004 -14"><span class='ocrx_word' id='word_1_750' title='bbox 1190 1765 1308 1808; x_wconf 85' lang='lat' dir='ltr'>adferre</span> <span class='ocrx_word' id='word_1_751' title='bbox 1318 1772 1455 1800; x_wconf 79' lang='lat' dir='ltr'>convenit</span> <span class='ocrx_word' id='word_1_752' title='bbox 1466 1792 1473 1800; x_wconf 90' lang='lat'>.</span> <span class='ocrx_word' id='word_1_753' title='bbox 1502 1769 1596 1809; x_wconf 83' lang='lat' dir='ltr'>quue</span> <span class='ocrx_word' id='word_1_754' title='bbox 1615 1779 1651 1800; x_wconf 89' lang='lat' dir='ltr'>ne</span> <span class='ocrx_word' id='word_1_755' title='bbox 1663 1779 1731 1810; x_wconf 76' lang='lat' dir='ltr'>quae</span> <span class='ocrx_word' id='word_1_756' title='bbox 1743 1766 1795 1807; x_wconf 76' lang='lat' dir='ltr'>fibi</span> <span class='ocrx_word' id='word_1_757' title='bbox 1811 1770 1855 1801; x_wconf 84' lang='lat' dir='ltr'>ad</span> <span class='ocrx_word' id='word_1_758' title='bbox 1866 1776 1962 1801; x_wconf 84' lang='lat' dir='ltr'>vitam</span> <span class='ocrx_word' id='word_1_759' title='bbox 1971 1768 2092 1812; x_wconf 70' lang='lat' dir='ltr'>suffice·v</span> 
     </span>
     <span class='ocr_line' id='line_1_103' title="bbox 1190 1816 2093 1861; baseline 0.003 -11"><span class='ocrx_word' id='word_1_760' title='bbox 1190 1828 1221 1850; x_wconf 84' lang='lat' dir='ltr'>re</span> <span class='ocrx_word' id='word_1_761' title='bbox 1230 1816 1353 1859; x_wconf 57' lang='lat' dir='ltr'>„possunt</span> <span class='ocrx_word' id='word_1_762' title='bbox 1367 1841 1378 1857; x_wconf 92' lang='lat'>,</span> <span class='ocrx_word' id='word_1_763' title='bbox 1405 1828 1440 1850; x_wconf 90' lang='lat' dir='ltr'>ne</span> <span class='ocrx_word' id='word_1_764' title='bbox 1451 1819 1522 1850; x_wconf 87' lang='lat' dir='ltr'>dum</span> <span class='ocrx_word' id='word_1_765' title='bbox 1533 1819 1594 1853; x_wconf 82' lang='lat' dir='ltr'>illae</span> <span class='ocrx_word' id='word_1_766' title='bbox 1619 1819 1774 1859; x_wconf 81' lang='lat' dir='ltr'>dequibus</span> <span class='ocrx_word' id='word_1_767' title='bbox 1801 1820 1910 1852; x_wconf 79' lang='lat' dir='ltr'>locutus</span> <span class='ocrx_word' id='word_1_768' title='bbox 1921 1818 1987 1861; x_wconf 90' lang='lat' dir='ltr'>sum</span> <span class='ocrx_word' id='word_1_769' title='bbox 1999 1843 2008 1857; x_wconf 86' lang='lat'>‚</span> <span class='ocrx_word' id='word_1_770' title='bbox 2036 1826 2093 1853; x_wconf 85' lang='lat' dir='ltr'>in·-</span> 
     </span>
     <span class='ocr_line' id='line_1_104' title="bbox 1191 1866 2081 1913; baseline 0.003 -13"><span class='ocrx_word' id='word_1_771' title='bbox 1191 1868 1354 1910; x_wconf 86' lang='lat' dir='ltr'>digentium</span> <span class='ocrx_word' id='word_1_772' title='bbox 1392 1866 1524 1909; x_wconf 84' lang='lat' dir='ltr'>mensam</span> <span class='ocrx_word' id='word_1_773' title='bbox 1557 1866 1715 1911; x_wconf 86' lang='lat' dir='ltr'>absumant</span> <span class='ocrx_word' id='word_1_774' title='bbox 1738 1894 1745 1901; x_wconf 92' lang='lat'>.</span> <span class='ocrx_word' id='word_1_775' title='bbox 1789 1871 1881 1902; x_wconf 75' lang='lat' dir='ltr'>Porro</span> <span class='ocrx_word' id='word_1_776' title='bbox 1907 1868 2081 1913; x_wconf 74' lang='lat' dir='ltr'>defiuffionis</span> 
     </span>
     <span class='ocr_line' id='line_1_105' title="bbox 1190 1917 2081 1963; baseline 0.003 -13"><span class='ocrx_word' id='word_1_777' title='bbox 1190 1917 1279 1957; x_wconf 83' lang='lat' dir='ltr'>hujus</span> <span class='ocrx_word' id='word_1_778' title='bbox 1315 1919 1499 1962; x_wconf 77' lang='lat' dir='ltr'>diligentiam</span> <span class='ocrx_word' id='word_1_779' title='bbox 1528 1918 1661 1963; x_wconf 84' lang='lat' dir='ltr'>sequitur</span> <span class='ocrx_word' id='word_1_780' title='bbox 1697 1930 1769 1953; x_wconf 85' lang='lat' dir='ltr'>cura</span> <span class='ocrx_word' id='word_1_781' title='bbox 1819 1932 1877 1953; x_wconf 87' lang='lat' dir='ltr'>non</span> <span class='ocrx_word' id='word_1_782' title='bbox 1905 1921 2056 1954; x_wconf 83' lang='lat' dir='ltr'>mediocris</span> <span class='ocrx_word' id='word_1_783' title='bbox 2073 1934 2081 1953; x_wconf 74' lang='grc' dir='ltr'>ε</span> 
     </span>
     <span class='ocr_line' id='line_1_106' title="bbox 1192 1969 2081 2014; baseline 0.004 -14"><span class='ocrx_word' id='word_1_784' title='bbox 1192 1969 1335 2001; x_wconf 72' lang='lat' dir='ltr'>Videlicet</span> <span class='ocrx_word' id='word_1_785' title='bbox 1349 1974 1382 2003; x_wconf 77' lang='lat' dir='ltr'>ui</span> <span class='ocrx_word' id='word_1_786' title='bbox 1394 1971 1498 2002; x_wconf 84' lang='lat' dir='ltr'>relatis</span> <span class='ocrx_word' id='word_1_787' title='bbox 1521 1974 1554 2003; x_wconf 83' lang='lat' dir='ltr'>in</span> <span class='ocrx_word' id='word_1_788' title='bbox 1574 1970 1676 2004; x_wconf 84' lang='lat' dir='ltr'>album</span> <span class='ocrx_word' id='word_1_789' title='bbox 1696 1971 1801 2004; x_wconf 81' lang='lat' dir='ltr'>viduis</span> <span class='ocrx_word' id='word_1_790' title='bbox 1817 1971 1961 2007; x_wconf 84' lang='lat' dir='ltr'>alimenta</span> <span class='ocrx_word' id='word_1_791' title='bbox 1975 1995 1986 2011; x_wconf 90' lang='lat'><strong>,</strong></span> <span class='ocrx_word' id='word_1_792' title='bbox 2012 1982 2081 2014; x_wconf 84' lang='lat' dir='ltr'>quae</span> 
     </span>
     <span class='ocr_line' id='line_1_107' title="bbox 1187 2017 2083 2062; baseline 0.006 -12"><span class='ocrx_word' id='word_1_793' title='bbox 1187 2017 1360 2059; x_wconf 84' lang='lat' dir='ltr'>praestanda</span> <span class='ocrx_word' id='word_1_794' title='bbox 1376 2017 1450 2062; x_wconf 68' lang='lat' dir='ltr'>sumt</span> <span class='ocrx_word' id='word_1_795' title='bbox 1476 2043 1486 2058; x_wconf 92' lang='lat'><strong>,</strong></span> <span class='ocrx_word' id='word_1_796' title='bbox 1513 2019 1634 2060; x_wconf 82' lang='lat' dir='ltr'>affatim</span> <span class='ocrx_word' id='word_1_797' title='bbox 1669 2029 1821 2062; x_wconf 85' lang='lat' dir='ltr'>tamquam</span> <span class='ocrx_word' id='word_1_798' title='bbox 1856 2031 1894 2052; x_wconf 79' lang='lat' dir='ltr'>ex</span> <span class='ocrx_word' id='word_1_799' title='bbox 1913 2020 2001 2059; x_wconf 73' lang='lat' dir='ltr'>sonte</span> <span class='ocrx_word' id='word_1_800' title='bbox 2019 2021 2083 2055; x_wconf 81' lang='lat' dir='ltr'>ad-</span> 
     </span>
     <span class='ocr_line' id='line_1_108' title="bbox 1186 2067 2080 2114; baseline 0.002 -13"><span class='ocrx_word' id='word_1_801' title='bbox 1186 2067 1285 2110; x_wconf 82' lang='lat' dir='ltr'>fluant</span> <span class='ocrx_word' id='word_1_802' title='bbox 1312 2093 1323 2108; x_wconf 92' lang='lat'>,</span> <span class='ocrx_word' id='word_1_803' title='bbox 1350 2080 1401 2103; x_wconf 89' lang='lat' dir='ltr'>nec</span> <span class='ocrx_word' id='word_1_804' title='bbox 1426 2081 1557 2114; x_wconf 85' lang='lat' dir='ltr'>unquam</span> <span class='ocrx_word' id='word_1_805' title='bbox 1576 2070 1668 2111; x_wconf 76' lang='lat' dir='ltr'>desint</span> <span class='ocrx_word' id='word_1_806' title='bbox 1685 2094 1692 2100; x_wconf 91' lang='lat'><strong>.</strong></span> <span class='ocrx_word' id='word_1_807' title='bbox 1721 2070 1822 2102; x_wconf 89' lang='lat' dir='ltr'>Hanc</span> <span class='ocrx_word' id='word_1_808' title='bbox 1849 2068 2080 2103; x_wconf 75' lang='lat' dir='ltr'>diffisultatem</span> 
     </span>
     <span class='ocr_line' id='line_1_109' title="bbox 1190 2119 2081 2163; baseline 0 -11"><span class='ocrx_word' id='word_1_809' title='bbox 1190 2130 1369 2163; x_wconf 83' lang='lat' dir='ltr'>exaggerat</span> <span class='ocrx_word' id='word_1_810' title='bbox 1383 2143 1393 2159; x_wconf 90' lang='lat'><strong>,</strong></span> <span class='ocrx_word' id='word_1_811' title='bbox 1420 2120 1454 2154; x_wconf 69' lang='grc' dir='ltr'>ὅ(</span> <span class='ocrx_word' id='word_1_812' title='bbox 1466 2119 1634 2153; x_wconf 87' lang='lat' dir='ltr'>concludit</span> <span class='ocrx_word' id='word_1_813' title='bbox 1647 2131 1658 2152; x_wconf 82' lang='lat'>.-</span> <span class='ocrx_word' id='word_1_814' title='bbox 1684 2121 1772 2151; x_wconf 87' lang='lat' dir='ltr'>Nam</span> <span class='ocrx_word' id='word_1_815' title='bbox 1793 2120 1957 2151; x_wconf 81' lang='lat' dir='ltr'>viduarum</span> <span class='ocrx_word' id='word_1_816' title='bbox 1963 2130 2059 2161; x_wconf 84' lang='lat' dir='ltr'>genus</span> <span class='ocrx_word' id='word_1_817' title='bbox 2070 2145 2081 2161; x_wconf 90' lang='lat'>,</span> 
     </span>
     <span class='ocr_line' id='line_1_110' title="bbox 1190 2168 2080 2211; baseline 0.001 -9"><span class='ocrx_word' id='word_1_818' title='bbox 1190 2178 1253 2202; x_wconf 90' lang='lat' dir='ltr'>tum</span> <span class='ocrx_word' id='word_1_819' title='bbox 1261 2175 1456 2210; x_wconf 81' lang='lat' dir='ltr'>paupertatis</span> <span class='ocrx_word' id='word_1_820' title='bbox 1468 2191 1479 2206; x_wconf 96' lang='lat'>‚</span> <span class='ocrx_word' id='word_1_821' title='bbox 1507 2176 1571 2200; x_wconf 86' lang='lat' dir='ltr'>tum</span> <span class='ocrx_word' id='word_1_822' title='bbox 1595 2173 1700 2201; x_wconf 82' lang='lat' dir='ltr'>aetatis</span> <span class='ocrx_word' id='word_1_823' title='bbox 1713 2191 1723 2207; x_wconf 94' lang='lat'>,</span> <span class='ocrx_word' id='word_1_824' title='bbox 1751 2177 1816 2200; x_wconf 88' lang='lat' dir='ltr'>tum</span> <span class='ocrx_word' id='word_1_825' title='bbox 1833 2168 1929 2209; x_wconf 83' lang='lat' dir='ltr'>sexus</span> <span class='ocrx_word' id='word_1_826' title='bbox 1943 2176 2080 2211; x_wconf 84' lang='lat' dir='ltr'>nomine,</span> 
     </span>
     <span class='ocr_line' id='line_1_111' title="bbox 1189 2215 2082 2263; baseline 0.006 -15"><span class='ocrx_word' id='word_1_827' title='bbox 1189 2218 1374 2248; x_wconf 81' lang='lat' dir='ltr'>immodicam</span> <span class='ocrx_word' id='word_1_828' title='bbox 1389 2216 1445 2256; x_wconf 84' lang='lat' dir='ltr'>fibi</span> <span class='ocrx_word' id='word_1_829' title='bbox 1456 2216 1624 2251; x_wconf 83' lang='lat' dir='ltr'>libertatem</span> <span class='ocrx_word' id='word_1_830' title='bbox 1645 2215 1789 2259; x_wconf 85' lang='lat' dir='ltr'>usurpat.</span> <span class='ocrx_word' id='word_1_831' title='bbox 1821 2219 2007 2263; x_wconf 77' lang='lat' dir='ltr'>Vociferatur</span> <span class='ocrx_word' id='word_1_832' title='bbox 2027 2226 2082 2254; x_wconf 84' lang='lat' dir='ltr'>im-</span> 
     </span>
     <span class='ocr_line' id='line_1_112' title="bbox 1186 2263 2082 2310; baseline 0.004 -12"><span class='ocrx_word' id='word_1_833' title='bbox 1186 2267 1314 2307; x_wconf 74' lang='lat' dir='ltr'>portune</span> <span class='ocrx_word' id='word_1_834' title='bbox 1326 2263 1464 2306; x_wconf 83' lang='lat' dir='ltr'>semper,</span> <span class='ocrx_word' id='word_1_835' title='bbox 1493 2267 1592 2299; x_wconf 76' lang='lat' dir='ltr'>&amp;abs</span> <span class='ocrx_word' id='word_1_836' title='bbox 1620 2278 1653 2298; x_wconf 83' lang='lat' dir='ltr'>re</span> <span class='ocrx_word' id='word_1_837' title='bbox 1674 2274 1858 2310; x_wconf 85' lang='lat' dir='ltr'>conqueritur</span> <span class='ocrx_word' id='word_1_838' title='bbox 1880 2280 1915 2301; x_wconf 91' lang='lat' dir='ltr'>ac</span> <span class='ocrx_word' id='word_1_839' title='bbox 1938 2271 2082 2303; x_wconf 87' lang='lat' dir='ltr'>lamenta-</span> 
     </span>
     <span class='ocr_line' id='line_1_113' title="bbox 1190 2312 2082 2362; baseline 0.011 -18"><span class='ocrx_word' id='word_1_840' title='bbox 1190 2321 1239 2345; x_wconf 85' lang='lat' dir='ltr'>tur</span> <span class='ocrx_word' id='word_1_841' title='bbox 1251 2336 1262 2351; x_wconf 94' lang='lat'>,</span> <span class='ocrx_word' id='word_1_842' title='bbox 1287 2312 1338 2346; x_wconf 82' lang='lat' dir='ltr'>ubi</span> <span class='ocrx_word' id='word_1_843' title='bbox 1353 2320 1460 2356; x_wconf 76' lang='lat' dir='ltr'>gratia</span> <span class='ocrx_word' id='word_1_844' title='bbox 1483 2314 1624 2349; x_wconf 84' lang='lat' dir='ltr'>habenda</span> <span class='ocrx_word' id='word_1_845' title='bbox 1637 2340 1647 2355; x_wconf 93' lang='lat'>‚</span> <span class='ocrx_word' id='word_1_846' title='bbox 1676 2318 1710 2350; x_wconf 70' lang='lat'>(5</span> <span class='ocrx_word' id='word_1_847' title='bbox 1723 2316 1837 2361; x_wconf 85' lang='lat' dir='ltr'>incusat</span> <span class='ocrx_word' id='word_1_848' title='bbox 1858 2322 1938 2362; x_wconf 85' lang='lat' dir='ltr'>quod</span> <span class='ocrx_word' id='word_1_849' title='bbox 1954 2322 2082 2356; x_wconf 73' lang='lat' dir='ltr'>laudan-</span> 
     </span>
     <span class='ocr_line' id='line_1_114' title="bbox 1190 2363 2084 2414; baseline 0.012 -19"><span class='ocrx_word' id='word_1_850' title='bbox 1190 2363 1279 2395; x_wconf 83' lang='lat' dir='ltr'>dum.</span> <span class='ocrx_word' id='word_1_851' title='bbox 1307 2364 1382 2405; x_wconf 76' lang='lat' dir='ltr'>‚Qua</span> <span class='ocrx_word' id='word_1_852' title='bbox 1404 2369 1435 2396; x_wconf 86' lang='lat' dir='ltr'>in</span> <span class='ocrx_word' id='word_1_853' title='bbox 1444 2372 1536 2407; x_wconf 86' lang='lat' dir='ltr'>parte</span> <span class='ocrx_word' id='word_1_854' title='bbox 1555 2365 1722 2404; x_wconf 79' lang='lat' dir='ltr'>Antistitem</span> <span class='ocrx_word' id='word_1_855' title='bbox 1745 2376 1854 2409; x_wconf 85' lang='lat' dir='ltr'>oportet</span> <span class='ocrx_word' id='word_1_856' title='bbox 1877 2377 1978 2403; x_wconf 83' lang='lat' dir='ltr'>omnia</span> <span class='ocrx_word' id='word_1_857' title='bbox 1994 2383 2084 2414; x_wconf 89' lang='lat' dir='ltr'>gene-</span> 
     </span>
     <span class='ocr_line' id='line_1_115' title="bbox 1189 2411 2081 2461; baseline 0.009 -16"><span class='ocrx_word' id='word_1_858' title='bbox 1189 2414 1254 2445; x_wconf 74' lang='lat' dir='ltr'>rose</span> <span class='ocrx_word' id='word_1_859' title='bbox 1265 2411 1430 2457; x_wconf 83' lang='lat' dir='ltr'>acfortiter</span> <span class='ocrx_word' id='word_1_860' title='bbox 1442 2420 1534 2456; x_wconf 87' lang='lat' dir='ltr'>pati,</span> <span class='ocrx_word' id='word_1_861' title='bbox 1562 2426 1657 2457; x_wconf 83' lang='lat' dir='ltr'>neque</span> <span class='ocrx_word' id='word_1_862' title='bbox 1679 2421 1816 2458; x_wconf 81' lang='lat' dir='ltr'>irritari,</span> <span class='ocrx_word' id='word_1_863' title='bbox 1834 2416 1866 2458; x_wconf 85' lang='lat' dir='ltr'><em>fi</em></span> <span class='ocrx_word' id='word_1_864' title='bbox 1882 2421 1999 2461; x_wconf 88' lang='lat' dir='ltr'>quando</span> <span class='ocrx_word' id='word_1_865' title='bbox 2018 2422 2081 2455; x_wconf 82' lang='lat' dir='ltr'>illae</span> 
     </span>
     <span class='ocr_line' id='line_1_116' title="bbox 1189 2462 2083 2510; baseline 0.009 -15"><span class='ocrx_word' id='word_1_866' title='bbox 1189 2473 1243 2496; x_wconf 83' lang='lat' dir='ltr'>aut</span> <span class='ocrx_word' id='word_1_867' title='bbox 1268 2462 1470 2505; x_wconf 70' lang='lat' dir='ltr'>intempestive</span> <span class='ocrx_word' id='word_1_868' title='bbox 1490 2465 1677 2505; x_wconf 77' lang='lat' dir='ltr'>obtundant,</span> <span class='ocrx_word' id='word_1_869' title='bbox 1705 2477 1760 2499; x_wconf 86' lang='lat' dir='ltr'>aut</span> <span class='ocrx_word' id='word_1_870' title='bbox 1786 2472 1934 2501; x_wconf 69' lang='lat' dir='ltr'>immerita</span> <span class='ocrx_word' id='word_1_871' title='bbox 1952 2469 2083 2510; x_wconf 80' lang='lat' dir='ltr'>expostu-</span> 
     </span>
     <span class='ocr_line' id='line_1_117' title="bbox 1189 2514 2082 2564; baseline 0.006 -17"><span class='ocrx_word' id='word_1_872' title='bbox 1189 2514 1251 2547; x_wconf 83' lang='lat' dir='ltr'>lent</span> <span class='ocrx_word' id='word_1_873' title='bbox 1264 2539 1271 2546; x_wconf 86' lang='lat'><strong>.</strong></span> <span class='ocrx_word' id='word_1_874' title='bbox 1300 2515 1425 2546; x_wconf 82' lang='lat' dir='ltr'>Illarum</span> <span class='ocrx_word' id='word_1_875' title='bbox 1436 2520 1514 2547; x_wconf 81' lang='lat' dir='ltr'>enlm</span> <span class='ocrx_word' id='word_1_876' title='bbox 1523 2515 1690 2557; x_wconf 83' lang='lat' dir='ltr'>infelicitas</span> <span class='ocrx_word' id='word_1_877' title='bbox 1714 2516 1948 2560; x_wconf 82' lang='lat' dir='ltr'>misericordiam</span> <span class='ocrx_word' id='word_1_878' title='bbox 1956 2521 2057 2564; x_wconf 77' lang='lat' dir='ltr'>potius</span> <span class='ocrx_word' id='word_1_879' title='bbox 2068 2543 2082 2560; x_wconf 90' lang='lat'>‚</span> 
     </span>
     <span class='ocr_line' id='line_1_118' title="bbox 1189 2566 2082 2609; baseline 0.01 -14"><span class='ocrx_word' id='word_1_880' title='bbox 1189 2567 1282 2607; x_wconf 79' lang='lat' dir='ltr'>quam</span> <span class='ocrx_word' id='word_1_881' title='bbox 1294 2566 1500 2598; x_wconf 82' lang='lat' dir='ltr'>contumeliam</span> <span class='ocrx_word' id='word_1_882' title='bbox 1521 2576 1650 2600; x_wconf 84' lang='lat' dir='ltr'>meretur</span> <span class='ocrx_word' id='word_1_883' title='bbox 1663 2591 1670 2600; x_wconf 78' lang='grc'><strong>,</strong></span> <span class='ocrx_word' id='word_1_884' title='bbox 1699 2566 1778 2601; x_wconf 88' lang='lat' dir='ltr'>Hoc</span> <span class='ocrx_word' id='word_1_885' title='bbox 1790 2578 1933 2609; x_wconf 88' lang='lat' dir='ltr'>utroque</span> <span class='ocrx_word' id='word_1_886' title='bbox 1957 2571 1989 2602; x_wconf 90' lang='lat' dir='ltr'>in</span> <span class='ocrx_word' id='word_1_887' title='bbox 2004 2571 2082 2604; x_wconf 88' lang='lat' dir='ltr'>loco</span> 
     </span>
     <span class='ocr_line' id='line_1_119' title="bbox 1189 2613 2081 2660; baseline 0.009 -14"><span class='ocrx_word' id='word_1_888' title='bbox 1189 2613 1360 2648; x_wconf 75' lang='lat' dir='ltr'>manifeste</span> <span class='ocrx_word' id='word_1_889' title='bbox 1370 2616 1439 2659; x_wconf 86' lang='lat' dir='ltr'>agit</span> <span class='ocrx_word' id='word_1_890' title='bbox 1452 2615 1494 2650; x_wconf 85' lang='lat' dir='ltr'>de</span> <span class='ocrx_word' id='word_1_891' title='bbox 1519 2614 1711 2660; x_wconf 84' lang='lat' dir='ltr'>pauperibus</span> <span class='ocrx_word' id='word_1_892' title='bbox 1725 2617 1956 2653; x_wconf 78' lang='lat' dir='ltr'>Ecclefiasticae</span> <span class='ocrx_word' id='word_1_893' title='bbox 1969 2621 2081 2654; x_wconf 86' lang='lat' dir='ltr'>matri·</span> 
     </span>
     <span class='ocr_line' id='line_1_120' title="bbox 1187 2664 2081 2711; baseline 0.009 -14"><span class='ocrx_word' id='word_1_894' title='bbox 1187 2664 1266 2697; x_wconf 83' lang='lat' dir='ltr'>culae</span> <span class='ocrx_word' id='word_1_895' title='bbox 1280 2664 1406 2699; x_wconf 85' lang='lat' dir='ltr'>viduis.</span> <span class='ocrx_word' id='word_1_896' title='bbox 1435 2665 1545 2701; x_wconf 76' lang='lat' dir='ltr'>Etiam</span> <span class='ocrx_word' id='word_1_897' title='bbox 1567 2667 1639 2711; x_wconf 69' lang='grc' dir='ltr'>ἱρῆς</span> <span class='ocrx_word' id='word_1_898' title='bbox 1664 2666 1802 2703; x_wconf 82' lang='lat' dir='ltr'>affirmat</span> <span class='ocrx_word' id='word_1_899' title='bbox 1821 2670 1884 2703; x_wconf 78' lang='lat' dir='ltr'>effe</span> <span class='ocrx_word' id='word_1_900' title='bbox 1905 2669 1997 2704; x_wconf 89' lang='lat' dir='ltr'>suum</span> <span class='ocrx_word' id='word_1_901' title='bbox 2018 2681 2081 2704; x_wconf 55' lang='lat' dir='ltr'>coev</span> 
     </span>
     <span class='ocr_line' id='line_1_121' title="bbox 1188 2715 2079 2761; baseline 0.007 -14"><span class='ocrx_word' id='word_1_902' title='bbox 1188 2726 1259 2748; x_wconf 85' lang='lat' dir='ltr'>tum</span> <span class='ocrx_word' id='word_1_903' title='bbox 1282 2715 1335 2749; x_wconf 89' lang='lat' dir='ltr'>seu</span> <span class='ocrx_word' id='word_1_904' title='bbox 1355 2725 1472 2758; x_wconf 84' lang='lat' dir='ltr'>corpus</span> <span class='ocrx_word' id='word_1_905' title='bbox 1497 2739 1508 2757; x_wconf 88' lang='lat'><strong>,</strong></span> <span class='ocrx_word' id='word_1_906' title='bbox 1534 2716 1765 2761; x_wconf 73' lang='lat' dir='ltr'>Episcopalem</span> <span class='ocrx_word' id='word_1_907' title='bbox 1787 2717 1979 2753; x_wconf 61' lang='lat' dir='ltr'>electionem</span> <span class='ocrx_word' id='word_1_908' title='bbox 2005 2744 2014 2757; x_wconf 87' lang='lat'><strong><em>‚</em></strong></span> <span class='ocrx_word' id='word_1_909' title='bbox 2041 2731 2079 2753; x_wconf 87' lang='lat' dir='ltr'>ac</span> 
     </span>
     <span class='ocr_line' id='line_1_122' title="bbox 1188 2765 2081 2812; baseline 0.003 -13"><span class='ocrx_word' id='word_1_910' title='bbox 1188 2774 1346 2809; x_wconf 82' lang='lat' dir='ltr'>magnum</span> <span class='ocrx_word' id='word_1_911' title='bbox 1367 2765 1514 2801; x_wconf 79' lang='lat' dir='ltr'>officium</span> <span class='ocrx_word' id='word_1_912' title='bbox 1528 2791 1535 2800; x_wconf 86' lang='lat'><strong>.</strong></span> <span class='ocrx_word' id='word_1_913' title='bbox 1564 2767 1695 2810; x_wconf 83' lang='lat' dir='ltr'>Nempe</span> <span class='ocrx_word' id='word_1_914' title='bbox 1716 2768 1786 2803; x_wconf 87' lang='lat' dir='ltr'>dies</span> <span class='ocrx_word' id='word_1_915' title='bbox 1805 2769 1839 2802; x_wconf 76' lang='grc' dir='ltr'>ἀ</span> <span class='ocrx_word' id='word_1_916' title='bbox 1852 2771 1960 2803; x_wconf 71' lang='lat' dir='ltr'>nostes</span> <span class='ocrx_word' id='word_1_917' title='bbox 1972 2768 2081 2812; x_wconf 77' lang='lat' dir='ltr'>psalle·</span> 
     </span>
     <span class='ocr_line' id='line_1_123' title="bbox 1188 2815 2079 2861; baseline 0.006 -13"><span class='ocrx_word' id='word_1_918' title='bbox 1188 2825 1219 2848; x_wconf 90' lang='lat' dir='ltr'>re</span> <span class='ocrx_word' id='word_1_919' title='bbox 1234 2838 1245 2854; x_wconf 92' lang='lat'>‚</span> <span class='ocrx_word' id='word_1_920' title='bbox 1269 2826 1307 2848; x_wconf 90' lang='lat' dir='ltr'>ac</span> <span class='ocrx_word' id='word_1_921' title='bbox 1318 2815 1439 2852; x_wconf 84' lang='lat' dir='ltr'>divinis</span> <span class='ocrx_word' id='word_1_922' title='bbox 1463 2817 1586 2851; x_wconf 75' lang='lat' dir='ltr'>adesse.</span> <span class='ocrx_word' id='word_1_923' title='bbox 1618 2817 1698 2852; x_wconf 87' lang='lat' dir='ltr'>Hoc</span> <span class='ocrx_word' id='word_1_924' title='bbox 1722 2818 1954 2861; x_wconf 84' lang='lat' dir='ltr'>officiumipfis</span> <span class='ocrx_word' id='word_1_925' title='bbox 1964 2818 2079 2853; x_wconf 88' lang='lat' dir='ltr'>dedere</span> 
     </span>
     <span class='ocr_line' id='line_1_124' title="bbox 1189 2865 2078 2911; baseline 0.006 -14"><span class='ocrx_word' id='word_1_926' title='bbox 1189 2865 1343 2909; x_wconf 84' lang='lat' dir='ltr'>Apostoli</span> <span class='ocrx_word' id='word_1_927' title='bbox 1371 2889 1382 2907; x_wconf 89' lang='lat'>,</span> <span class='ocrx_word' id='word_1_928' title='bbox 1418 2866 1459 2900; x_wconf 88' lang='lat' dir='ltr'>ad</span> <span class='ocrx_word' id='word_1_929' title='bbox 1495 2867 1683 2911; x_wconf 83' lang='lat' dir='ltr'>exemplum</span> <span class='ocrx_word' id='word_1_930' title='bbox 1717 2867 1923 2909; x_wconf 78' lang='lat' dir='ltr'>Evangelicae</span> <span class='ocrx_word' id='word_1_931' title='bbox 1949 2868 2078 2909; x_wconf 60' lang='lat' dir='ltr'>viduas,</span> 
     </span>
     <span class='ocr_line' id='line_1_125' title="bbox 1187 2915 2077 2968; baseline 0.006 -21"><span class='ocrx_word' id='word_1_932' title='bbox 1187 2926 1258 2959; x_wconf 80' lang='lat' dir='ltr'>quae</span> <span class='ocrx_word' id='word_1_933' title='bbox 1268 2925 1330 2949; x_wconf 86' lang='lat' dir='ltr'>nec</span> <span class='ocrx_word' id='word_1_934' title='bbox 1340 2915 1436 2950; x_wconf 65' lang='lat' dir='ltr'>noste</span> <span class='ocrx_word' id='word_1_935' title='bbox 1446 2926 1507 2950; x_wconf 85' lang='lat' dir='ltr'>nec</span> <span class='ocrx_word' id='word_1_936' title='bbox 1517 2917 1571 2951; x_wconf 88' lang='lat' dir='ltr'>die</span> <span class='ocrx_word' id='word_1_937' title='bbox 1581 2917 1766 2954; x_wconf 86' lang='lat' dir='ltr'>discedebat</span> <span class='ocrx_word' id='word_1_938' title='bbox 1777 2917 1795 2950; x_wconf 70' lang='lat' dir='ltr'>a</span> <span class='ocrx_word' id='word_1_939' title='bbox 1809 2918 1933 2962; x_wconf 84' lang='lat' dir='ltr'>templo</span> <span class='ocrx_word' id='word_1_940' title='bbox 1946 2943 1953 2951; x_wconf 91' lang='lat'><strong><em>.</em></strong></span> <span class='ocrx_word' id='word_1_941' title='bbox 1974 2918 2077 2968; x_wconf 77' lang='lat' dir='ltr'>Qdd</span> 
     </span>
     <span class='ocr_line' id='line_1_126' title="bbox 1187 2963 2076 3012; baseline 0.004 -13"><span class='ocrx_word' id='word_1_942' title='bbox 1187 2964 1226 2999; x_wconf 89' lang='lat' dir='ltr'>ad</span> <span class='ocrx_word' id='word_1_943' title='bbox 1239 2963 1334 3008; x_wconf 79' lang='lat' dir='ltr'>hujus</span> <span class='ocrx_word' id='word_1_944' title='bbox 1359 2965 1438 3000; x_wconf 83' lang='lat' dir='ltr'>sacri</span> <span class='ocrx_word' id='word_1_945' title='bbox 1450 2976 1555 3002; x_wconf 83' lang='lat' dir='ltr'>coetus</span> <span class='ocrx_word' id='word_1_946' title='bbox 1577 2968 1724 3012; x_wconf 88' lang='lat' dir='ltr'>regimen</span> <span class='ocrx_word' id='word_1_947' title='bbox 1748 2966 1906 3010; x_wconf 80' lang='lat' dir='ltr'>Apostoli</span> <span class='ocrx_word' id='word_1_948' title='bbox 1929 2969 2076 3003; x_wconf 84' lang='lat' dir='ltr'>institue-</span> 
     </span>
    </p>

    <p class='ocr_par' dir='ltr' id='par_1_14' title="bbox 1188 3016 2076 3061">
     <span class='ocr_line' id='line_1_127' title="bbox 1188 3016 2076 3061; baseline 0.006 -13"><span class='ocrx_word' id='word_1_949' title='bbox 1188 3016 1254 3049; x_wconf 85' lang='lat' dir='ltr'>rint</span> <span class='ocrx_word' id='word_1_950' title='bbox 1265 3016 1386 3059; x_wconf 86' lang='lat' dir='ltr'>septem</span> <span class='ocrx_word' id='word_1_951' title='bbox 1412 3016 1533 3059; x_wconf 84' lang='lat' dir='ltr'>primos</span> <span class='ocrx_word' id='word_1_952' title='bbox 1544 3017 1734 3059; x_wconf 79' lang='lat' dir='ltr'>Diaconos,</span> <span class='ocrx_word' id='word_1_953' title='bbox 1759 3017 1859 3051; x_wconf 82' lang='lat' dir='ltr'>etiam</span> <span class='ocrx_word' id='word_1_954' title='bbox 1883 3018 1915 3054; x_wconf 87' lang='lat' dir='ltr'>in</span> <span class='ocrx_word' id='word_1_955' title='bbox 1933 3020 2076 3061; x_wconf 74' lang='lat' dir='ltr'>superius</span> 
     </span>
    </p>

    <p class='ocr_par' dir='ltr' id='par_1_15' title="bbox 1187 3064 2078 3161">
     <span class='ocr_line' id='line_1_128' title="bbox 1187 3064 2078 3111; baseline 0.006 -13"><span class='ocrx_word' id='word_1_956' title='bbox 1187 3065 1315 3100; x_wconf 86' lang='lat' dir='ltr'>laudata</span> <span class='ocrx_word' id='word_1_957' title='bbox 1337 3064 1379 3100; x_wconf 85' lang='lat' dir='ltr'>ad</span> <span class='ocrx_word' id='word_1_958' title='bbox 1392 3065 1623 3110; x_wconf 84' lang='lat' dir='ltr'>Apostolicum</span> <span class='ocrx_word' id='word_1_959' title='bbox 1645 3066 1863 3111; x_wconf 83' lang='lat' dir='ltr'>deeligendis</span> <span class='ocrx_word' id='word_1_960' title='bbox 1887 3067 1995 3102; x_wconf 88' lang='lat' dir='ltr'>viduis</span> <span class='ocrx_word' id='word_1_961' title='bbox 2008 3079 2078 3103; x_wconf 86' lang='lat' dir='ltr'>vet-</span> 
     </span>
     <span class='ocr_line' id='line_1_129' title="bbox 1187 3114 2075 3161; baseline 0.003 -11"><span class='ocrx_word' id='word_1_962' title='bbox 1187 3115 1266 3150; x_wconf 89' lang='lat' dir='ltr'>bum</span> <span class='ocrx_word' id='word_1_963' title='bbox 1278 3114 1418 3151; x_wconf 81' lang='lat' dir='ltr'>homilia</span> <span class='ocrx_word' id='word_1_964' title='bbox 1438 3116 1571 3152; x_wconf 61' lang='lat' dir='ltr'>Sanctus</span> <span class='ocrx_word' id='word_1_965' title='bbox 1585 3116 1727 3161; x_wconf 80' lang='lat' dir='ltr'>Ioannes</span> <span class='ocrx_word' id='word_1_966' title='bbox 1751 3118 1910 3153; x_wconf 85' lang='lat' dir='ltr'>affirmat.</span> <span class='ocrx_word' id='word_1_967' title='bbox 1939 3119 2001 3152; x_wconf 83' lang='lat' dir='ltr'>Iste</span> <span class='ocrx_word' id='word_1_968' title='bbox 2012 3130 2075 3153; x_wconf 68' lang='grc' dir='ltr'>σαε-</span> 
     </span>
    </p>

    <p class='ocr_par' dir='ltr' id='par_1_16' title="bbox 1186 3165 2074 3212">
     <span class='ocr_line' id='line_1_130' title="bbox 1186 3165 2074 3212; baseline 0.002 -11"><span class='ocrx_word' id='word_1_969' title='bbox 1186 3177 1238 3201; x_wconf 87' lang='lat' dir='ltr'>tus</span> <span class='ocrx_word' id='word_1_970' title='bbox 1256 3165 1302 3202; x_wconf 90' lang='lat' dir='ltr'>ob</span> <span class='ocrx_word' id='word_1_971' title='bbox 1322 3166 1463 3201; x_wconf 78' lang='lat' dir='ltr'>nimiam</span> <span class='ocrx_word' id='word_1_972' title='bbox 1487 3167 1732 3203; x_wconf 85' lang='lat' dir='ltr'>multitudinem</span> <span class='ocrx_word' id='word_1_973' title='bbox 1767 3168 1878 3212; x_wconf 85' lang='lat' dir='ltr'>paffitn</span> <span class='ocrx_word' id='word_1_974' title='bbox 1906 3168 2074 3206; x_wconf 82' lang='lat' dir='ltr'>laborabat</span> 
     </span>
    </p>

    <p class='ocr_par' dir='ltr' id='par_1_17' title="bbox 1186 3215 2073 3262">
     <span class='ocr_line' id='line_1_131' title="bbox 1186 3215 2073 3262; baseline 0.003 -12"><span class='ocrx_word' id='word_1_975' title='bbox 1186 3216 1298 3261; x_wconf 78' lang='lat' dir='ltr'>inopia</span> <span class='ocrx_word' id='word_1_976' title='bbox 1320 3240 1331 3257; x_wconf 91' lang='lat'>‚</span> <span class='ocrx_word' id='word_1_977' title='bbox 1358 3215 1498 3262; x_wconf 85' lang='lat' dir='ltr'>ideoque</span> <span class='ocrx_word' id='word_1_978' title='bbox 1519 3217 1656 3261; x_wconf 76' lang='lat' dir='ltr'>eit-ipso</span> <span class='ocrx_word' id='word_1_979' title='bbox 1674 3218 1791 3262; x_wconf 79' lang='lat' dir='ltr'>aliquae</span> <span class='ocrx_word' id='word_1_980' title='bbox 1814 3217 1966 3253; x_wconf 87' lang='lat' dir='ltr'>videntur</span> <span class='ocrx_word' id='word_1_981' title='bbox 1987 3218 2073 3253; x_wconf 81' lang='lat' dir='ltr'>inter</span> 
     </span>
    </p>

    <p class='ocr_par' dir='ltr' id='par_1_18' title="bbox 1185 3264 2072 3313">
     <span class='ocr_line' id='line_1_132' title="bbox 1185 3264 2072 3313; baseline 0.001 -13"><span class='ocrx_word' id='word_1_982' title='bbox 1185 3267 1332 3313; x_wconf 85' lang='lat' dir='ltr'>vulgares</span> <span class='ocrx_word' id='word_1_983' title='bbox 1343 3277 1495 3311; x_wconf 85' lang='lat' dir='ltr'>pauperes</span> <span class='ocrx_word' id='word_1_984' title='bbox 1507 3264 1624 3303; x_wconf 63' lang='lat' dir='ltr'>stetisse</span> <span class='ocrx_word' id='word_1_985' title='bbox 1646 3267 1688 3303; x_wconf 87' lang='lat' dir='ltr'>ad</span> <span class='ocrx_word' id='word_1_986' title='bbox 1703 3268 1917 3303; x_wconf 82' lang='lat' dir='ltr'>Ecclefiarum</span> <span class='ocrx_word' id='word_1_987' title='bbox 1942 3279 2072 3312; x_wconf 77' lang='lat' dir='ltr'>portas,</span> 
     </span>
    </p>

    <p class='ocr_par' dir='ltr' id='par_1_19' title="bbox 1184 3316 2072 3362">
     <span class='ocr_line' id='line_1_133' title="bbox 1184 3316 2072 3362; baseline 0.002 -12"><span class='ocrx_word' id='word_1_988' title='bbox 1184 3316 1300 3352; x_wconf 85' lang='lat' dir='ltr'>&amp;istic</span> <span class='ocrx_word' id='word_1_989' title='bbox 1320 3316 1531 3352; x_wconf 75' lang='lat' dir='ltr'>mendicasse.</span> <span class='ocrx_word' id='word_1_990' title='bbox 1560 3317 1649 3352; x_wconf 84' lang='lat' dir='ltr'>Nam</span> <span class='ocrx_word' id='word_1_991' title='bbox 1675 3317 1764 3362; x_wconf 86' lang='lat' dir='ltr'>quod</span> <span class='ocrx_word' id='word_1_992' title='bbox 1779 3317 1992 3352; x_wconf 82' lang='lat' dir='ltr'>Ecclefiarum</span> <span class='ocrx_word' id='word_1_993' title='bbox 2004 3328 2072 3352; x_wconf 81' lang='lat' dir='ltr'>ma·</span> 
     </span>
    </p>

    <p class='ocr_par' dir='ltr' id='par_1_20' title="bbox 1186 3367 2069 3413">
     <span class='ocr_line' id='line_1_134' title="bbox 1186 3367 2069 3413; baseline 0 -13"><span class='ocrx_word' id='word_1_994' title='bbox 1186 3367 1364 3407; x_wconf 85' lang='lat' dir='ltr'>tricularii,</span> <span class='ocrx_word' id='word_1_995' title='bbox 1391 3368 1476 3403; x_wconf 79' lang='lat' dir='ltr'>inter</span> <span class='ocrx_word' id='word_1_996' title='bbox 1500 3378 1583 3411; x_wconf 87' lang='lat' dir='ltr'>quos</span> <span class='ocrx_word' id='word_1_997' title='bbox 1606 3379 1698 3402; x_wconf 88' lang='lat' dir='ltr'>erant</span> <span class='ocrx_word' id='word_1_998' title='bbox 1721 3368 1921 3413; x_wconf 82' lang='lat' dir='ltr'>&amp;pauperes</span> <span class='ocrx_word' id='word_1_999' title='bbox 1943 3369 2069 3409; x_wconf 82' lang='lat' dir='ltr'>viduae,</span> 
     </span>
    </p>

    <p class='ocr_par' dir='ltr' id='par_1_21' title="bbox 1184 3417 2068 3463">
     <span class='ocr_line' id='line_1_135' title="bbox 1184 3417 2068 3463; baseline 0.002 -12"><span class='ocrx_word' id='word_1_1000' title='bbox 1184 3417 1410 3454; x_wconf 81' lang='lat' dir='ltr'>consueverint</span> <span class='ocrx_word' id='word_1_1001' title='bbox 1430 3418 1478 3454; x_wconf 80' lang='lat' dir='ltr'>ita</span> <span class='ocrx_word' id='word_1_1002' title='bbox 1497 3417 1683 3455; x_wconf 81' lang='lat' dir='ltr'>mendicare</span> <span class='ocrx_word' id='word_1_1003' title='bbox 1696 3442 1707 3461; x_wconf 91' lang='lat'>‚</span> <span class='ocrx_word' id='word_1_1004' title='bbox 1733 3418 1840 3463; x_wconf 78' lang='lat' dir='ltr'>docet.</span> <span class='ocrx_word' id='word_1_1005' title='bbox 1851 3418 1936 3463; x_wconf 82' lang='lat' dir='ltr'>apud</span> <span class='ocrx_word' id='word_1_1006' title='bbox 1946 3417 2068 3453; x_wconf 84' lang='lat' dir='ltr'>Hiero·</span> 
     </span>
    </p>
   </div>
   <div class='ocr_carea' id='block_1_12' title="bbox 1957 3478 2018 3515">
    <p class='ocr_par' dir='ltr' id='par_1_22' title="bbox 1957 3478 2018 3515">
     <span class='ocr_line' id='line_1_136' title="bbox 1957 3478 2018 3515; baseline 0 -14"><span class='ocrx_word' id='word_1_1007' title='bbox 1957 3478 2018 3515; x_wconf 55' lang='lat' dir='ltr'>ny*</span> 
     </span>
    </p>
   </div>
  </div>
 </body>
</html>
