2346 3724
725 157 1141 201 CAP'IT

1212 171 1227 200 1
1271 168 1320 200 's
1424 156 1624 200 XXIV.
1919 177 2012 220 223

252 235 446 308 Personis
490 240 534 284 &
569 235 701 285 causis
735 236 933 304 quaedam
969 236 1341 303 reprehendebant
1364 273 1377 297 ,
1428 238 1474 286 in
1508 254 1605 304 quae
1653 239 1697 286 «Sc
1732 237 1810 303 ipsi
1843 242 1964 307 aeque
2001 260 2081 311 pro

255 306 520 376 temporibus
554 311 597 357 &
631 305 820 377 personis
855 311 899 356 &
932 306 1068 356 causis
1106 307 1448 357 committebant
1483 328 1495 356 :

1104 378 1224 445 quod
1259 378 1494 446 prohibens
1528 378 1904 428 circumcisionem
1941 414 1954 437 ,
2000 385 2083 430 cir-

256 384 412 428 Petrus
458 378 786 446 reprehenderet
822 377 1004 426 Paulum
1045 402 1056 424 .-

1544 307 1928 379 Qemadmodum
1963 312 1993 360 fi
2039 317 2083 363 δε

251 447 511 498 cumciderit
546 448 635 517 ipse
672 449 954 498 Timotheum
979 484 993 496 .
1030 447 1234 513 Viderint
1266 452 1345 517 qui
1380 447 1436 498 de
1472 449 1698 517 Apostolis
1730 446 1929 514 judicant
1953 483 1964 495 .
2003 454 2083 499 Be-

250 519 309 568 ne
343 517 467 588 quod
503 523 654 569 Petrus
688 521 826 569 Paulo
861 523 904 567 δε
941 520 987 568 in
1024 522 1240 587 martyrio
1274 517 1555 586 adaequatur.
1592 519 1674 569 Sed
1709 519 1787 568 etsi
1822 521 1868 567 in
1904 521 2082 567 tertium

247 588 385 657 usque
421 591 578 639 coelum
615 594 791 659 ereptus
829 588 987 638 Paulus
1014 627 1026 650 ,
1063 595 1105 639 &
1140 593 1187 639 in
1224 589 1472 640 Paradisum
1508 589 1675 639 delatus
1712 589 1851 639 audiit
1884 588 2085 656 quaedam

246 662 345 710 ¹:illic
373 697 388 721 ,
421 678 507 710 non
542 660 711 730 poffunt
745 660 883 711 videri
920 658 1039 710 fuiffe
1070 695 1085 720 ‚
1114 678 1211 728 quae
1247 662 1370 710 illum
1407 664 1454 710 in
1490 663 1621 710 aliam
1655 661 1897 710 doetrinam
1935 660 2087 708 instru-

248 733 430 780 &iorem
466 732 711 799 praestarent
747 753 765 790 ,-
811 732 912 781 cum
950 734 1014 780 ita
1050 731 1179 781 fuerit
1212 733 1414 782 conditio
1446 750 1598 782 eorum
1639 769 1652 793 ‚
1707 747 1755 781 ut
1800 731 1910 779 nulli
1947 731 2086 779 homi-

249 817 357 850 nurn
393 801 681 870 proderentur
719 839 733 850 .

253 871 365 938 quid
400 871 508 921 illud
541 910 554 934 ,
604 877 649 922 &
683 873 768 922 hoc
803 872 843 922 se
879 874 1027 941 aliqua
1064 872 1224 922 haeresis
1260 871 1380 940 sequi
1415 874 1603 923 affirmat

783 802 917 870 Qod
953 801 983 850 fi
1018 801 1073 850 ad
1110 803 1292 867 alicuius
1337 802 1652 854 conscientiam
1704 804 1903 852 manavit
1941 800 2087 858 nescio

1643 895 1659 930 ;
1706 890 1783 922 aut
1820 873 1978 921 Paulus
2015 876 2089 920 Se-

251 945 365 992 creti
401 942 564 1010 proditi
600 961 697 993 reus
732 943 794 992 est
817 979 830 1003 ‚
866 960 942 992 aut
977 947 1020 990 &
1054 944 1164 991 alius
1200 943 1345 1011 postea
1381 946 1428 993 in
1465 942 1715 994 Paradisum
1751 959 1921 1012 ereptus
1956 941 2089 1009 debet

251 1011 418 1062 ostendi
442 1050 457 1074 ‚
502 1017 575 1062 cui
609 1011 853 1081 permissum
889 1013 941 1062 fit
975 1013 1165 1080 eloqui,
1211 1032 1308 1084 quae
1344 1016 1480 1065 Paulo
1514 1017 1674 1065 mutire
1711 1033 1800 1064 non
1836 1015 1988 1063 licuit.

475 1189 971 1244 ὃςιῐῡιιοινι.μ

359 1339 468 1400 Non
491 1333 585 1383 mihi
607 1351 692 1383 tam
718 1333 802 1383 bene
828 1335 884 1383 est
898 1371 911 1395 ,
946 1338 1038 1382 &c-

350 1492 453 1526 Ostor
473 1491 539 1534 jam
563 1491 673 1525 datam
695 1492 739 1526 de
749 1492 836 1527 Petri
858 1492 947 1535 lapsu
961 1491 1142 1526 dominam

374 1543 540 1577 retractat.
566 1541 714 1588 Qaerit‚
742 1541 799 1576 An
817 1540 931 1576 Petrus
949 1542 1046 1575 fuerit
1059 1551 1144 1575 reve·

250 1593 285 1628 xa
297 1592 400 1636 lapsus
417 1616 427 1632 ,
453 1591 601 1635 adeoque
615 1593 648 1625 &
661 1590 940 1636 reprehenfibilis?
966 1591 1023 1625 An
1036 1591 1053 1625 a
1065 1593 1143 1626 San-

252 1644 306 1677 Cto
318 1642 424 1676 Paulo
435 1642 532 1675 fuerit
543 1641 627 1676 serio
640 1641 869 1687 reprehensus?
897 1640 954 1675 An
977 1641 1028 1674 isti
1052 1640 1144 1684 Apo-

253 1691 415 1727 stolorum
440 1692 600 1726 Primates
622 1693 729 1727 revera
755 1693 790 1726 ἀ
805 1691 981 1726 seriointet
1002 1691 1141 1726 [edisce-

253 1743 415 1786 ptaverint
429 1743 441 1775 ?
469 1741 512 1775 Et
526 1751 602 1776 ante
612 1743 724 1776 omnIa
736 1743 837 1777 edicit
847 1743 976 1776 causam
987 1765 997 1782 ,
1024 1752 1066 1775 ex
1077 1752 1140 1784 qua

251 1793 463 1828 Marcionitae
474 1803 512 1826 ac
523 1792 580 1826 alii
595 1793 857 1827 Gnosticiistam
869 1791 1140 1835 disceptationem

251 1841 435 1877 avidiffime
457 1841 750 1886 apprehenderint,
776 1852 814 1874 ac
826 1840 1073 1885 pertinaciffime
1093 1842 1140 1875 su-

254 1892 429 1927 stinuerint
450 1917 458 1924 .
487 1891 617 1935 Nempe
636 1898 670 1924 ut
687 1890 856 1935 suspellam
870 1891 1014 1933 facerent
1033 1889 1140 1924 doari-

252 1954 325 1978 nam
341 1942 542 1987 superiorem.
570 1940 625 1975 Ad
648 1941 719 1986 qnae
742 1941 838 1976 verba
861 1941 974 1976 scribit
995 1940 1141 1975 eruditus

251 1992 388 2029 Gabriel
414 1992 660 2035 -Albaspinaeusz
691 1993 830 2033 Plerique
841 2000 907 2024 cum
927 1991 1140 2033 interpretibus

255 2040 427 2082 existimant
441 2039 518 2083 hisce
529 2040 633 2074 verbis
655 2064 667 2082 ‚
693 2040 889 2075 Dominam
922 2041 1141 2083 superiorem,

249 2103 286 2126 ea
308 2091 436 2133 intelllgi
458 2089 563 2124 debere
576 2114 588 2131 ,
613 2099 681 2133 quae
697 2090 902 2132 Apostoliante
925 2091 1016 2123 Pauli
1027 2091 1141 2124 adven-

254 2138 323 2177 tum'
335 2136 544 2185 praedicarant
556 2165 564 2172 .
590 2141 699 2174 Verum
713 2139 744 2182 si
761 2142 1044 2175 animadverterent
1062 2143 1113 2182 eju
1114 2139 1142 2183 fi

253 2194 335 2226 modi
347 2192 500 2226 baereticos
511 2202 568 2224 non
576 2189 671 2234 solam
688 2194 772 2224 Petri
789 2215 800 2231 ‚
825 2192 931 2224 verum
953 2197 1046 2224 etiam
1063 2194 1142 2224 Pau·

250 2244 295 2283 ii,
321 2251 553 2284 caeterorumque
579 2240 768 2283 Apostolorum
790 2240 958 2274 doctrinam
975 2239 1142 2284 suspec‘lam

248 2293 399 2337 habuiffe,
424 2293 614 2325 concederent
638 2290 714 2323 mibi
734 2290 799 2324 haec
818 2292 857 2323 de
870 2295 947 2324 omni
959 2301 994 2322 ea
1007 2289 1142 2324 doffrina

251 2349 344 2385 accipi
354 2342 457 2376 debere
467 2365 478 2381 ‚
504 2352 565 2384 qua
576 2341 714 2374 dicebant
721 2342 884 2382 pleniorem
891 2339 988 2382 postea
996 2339 1141 2381 superve-

248 2397 317 2429 nire
320 2393 396 2435 posse
407 2417 415 2424 .
436 2390 639 2433 Respondeo
650 2399 762 2423 tamen
773 2389 967 2430 interpretes
982 2389 1061 2422 reaa
1075 2390 1142 2422 sen·

251 2443 329 2477 tire.
358 2440 493 2474 Etenim
504 2439 734 2474 Tertullianus
745 2438 813 2483 agit
825 2437 978 2472 adversus
999 2438 1141 2473 Marcio·

251 2503 329 2526 nem
341 2515 351 2532 ‚
377 2492 411 2525 &
423 2490 505 2524 alios
517 2488 659 2534 ejusdem
673 2488 777 2523 classis
788 2487 965 2522 Gnosticos
977 2512 988 2528 ,
1015 2490 1073 2532 qui
1087 2488 1143 2522 ad-

252 2540 429 2577 mittebant
449 2540 533 2575 solas
555 2540 663 2574 Sancti
689 2538 783 2573 Pauli
798 2539 935 2573 litteras.
967 2539 1037 2586 Qii
1059 2538 1141 2584 Pau-

255 2591 327 2626 lum
349 2602 426 2625 cum
448 2590 521 2624 aliis
552 2589 725 2634 Apostolis
743 2588 1003 2623 committebant
1024 2615 1032 2621 .
1070 2585 1140 2637 Qi

257 2652 327 2675 non
338 2640 444 2674 solum
458 2641 592 2674 Petrum
604 2664 615 2680 ‚
640 2640 692 2674 sed
702 2640 802 2674 etiam
814 2639 976 2683 Joannem
999 2650 1038 2673 ac
1050 2640 1142 2684 Jaco-

254 2688 338 2725 bum
359 2689 514 2724 dicebant
534 2690 552 2722 a
564 2689 888 2736 Pauloreprehensos
906 2688 942 2722 &
954 2699 1142 2733 correptos,

255 2741 401 2783 ideoque
422 2739 482 2774 hos
507 2740 576 2783 post
602 2739 689 2773 illius
700 2739 875 2774 adventum
893 2738 1027 2782 coepiffe
1047 2739 1142 2774 aliter

259 2789 446 2834 praedicate.
474 2790 517 2823 Et
537 2791 570 2824 se
592 2788 774 2825 fundabant
796 2790 831 2824 in
842 2788 980 2832 epistola
992 2789 1033 2824 ad
1045 2787 1142 2825 Gala‘-

260 2851 329 2876 tas.
1134 2861 1136 2865 ⁷

326 2988 563 3058 Respondebo
585 2990 690 3057 quast
706 3008 779 3060 pro
807 2992 918 3040 Ferro
931 3028 944 3053 ,
977 2995 1070 3039 &a

309 3140 462 3177 Eundem
486 3140 522 3174 in
544 3140 671 3174 sensum
693 3140 820 3175 Ductor
841 3141 954 3176 scribit
976 3142 1011 3176 in
1026 3151 1143 3186 quarto

122 3207 198 3245 Cap,
213 3213 245 3243 3,
261 3191 347 3228 libro
367 3190 519 3227 adversus
539 3190 748 3225 Marcionem
767 3204 780 3224 .·
805 3194 853 3224 Et
870 3200 974 3226 tamen
994 3203 1061 3226 cum
1084 3192 1144 3238 ipse

265 3243 378 3277 Paulus
402 3241 538 3275 omnibus
546 3246 645 3275 omnia
662 3240 749 3283 fieret
760 3265 771 3281 ‚
797 3248 830 3274 ut
840 3251 941 3275 omnes
952 3243 1141 3286 lucraretur,

260 3298 358 3333 potuit
365 3294 401 3326 (tt
414 3294 502 3326 Petro
511 3290 563 3325 boc
573 3297 607 3325 in
617 3289 819 3334 confiliofuiffe
829 3291 950 3335 aliquid
957 3293 1044 3327 aliter
1055 3306 1143 3338 agen-

258 3340 302 3374 ’ἀι
310 3364 321 3382 ,
343 3344 435 3384 quim
444 3341 565 3376 docebat
575 3366 583 3375 .
609 3342 761 3385 Exponit
783 3342 817 3376 in
838 3341 977 3386 septimo
992 3344 1143 3381 Stroma-

1214 1201 1284 1226 tum
1296 1192 1381 1227 libro
1390 1194 1525 1228 Sanetus
1536 1193 1691 1228 Clemens
1704 1190 1949 1226 Alexandrinus
1966 1203 1973 1223 z
2002 1197 2033 1225 11
2046 1197 2096 1234 qui

1212 1242 1251 1282 est
1268 1250 1427 1288 cognitione
1442 1246 1595 1287 praeditus
1607 1269 1617 1284 ,
1644 1244 1795 1286 quidquid
1813 1241 1904 1274 babet
1924 1247 1957 1273 in
1976 1252 2093 1282 mente,

1211 1293 1414 1336 idetiamsert
1424 1301 1457 1327 in
1465 1297 1570 1339 lingua
1581 1295 1667 1336 apud
1681 1306 1725 1327 eos
1739 1299 1790 1335 qui
1800 1294 1883 1334 digm'
1907 1290 1982 1334 sunt
2008 1293 2095 1325 audi-

1209 1354 1243 1375 re
1253 1368 1263 1383 ,
1290 1356 1329 1377 ex
1337 1344 1485 1386 affenfione
1494 1347 1529 1378 Θ
1542 1354 1623 1377 certa
1629 1342 1760 1386 scientia
1767 1343 1856 1384 fimul
1865 1343 1966 1374 dicens
1991 1344 2025 1375 (5
2049 1347 2097 1375 vl·

1209 1403 1304 1426 vens.
1332 1397 1414 1427 Vera
1434 1401 1515 1427 enim
1527 1393 1617 1435 fimul
1630 1391 1724 1435 sentit
1738 1393 1877 1430 indicit,
1904 1390 1960 1432 msi
1975 1393 2095 1434 quando

1207 1442 1299 1476 Iocum
1322 1445 1497 1485 medicinae,
1522 1453 1557 1476 ut
1581 1444 1714 1476 Medicus
1734 1443 1779 1474 ad
1809 1450 1992 1485 aegrotantes
2014 1467 2023 1481 ,
2052 1444 2096 1475 ad

1207 1504 1305 1525 eorum
1316 1519 1327 1535 ,
1352 1499 1403 1535 qui
1416 1493 1553 1526 laborant
1563 1516 1573 1531 ,
1594 1491 1722 1535 salutem
1732 1498 1891 1525 mentietur
1903 1514 1913 1529 ‚
1924 1501 1976 1524 aut
1983 1492 2094 1534 saltem

1207 1543 1304 1583 dicet,
1330 1551 1364 1574 ut
1384 1545 1475 1583 ajunt
1496 1542 1637 1584 Sophistae
1661 1566 1666 1574 .
1702 1545 1778 1575 Ecce
1796 1547 1877 1574 em'm
1908 1542 2095 1574 Timotheum

1203 1593 1371 1633 praeclarus
1390 1593 1574 1627 circumcidit
1597 1591 1744 1634 Apostolus
1756 1617 1766 1631 ‚
1793 1592 1858 1624 cum
1876 1590 2093 1633 vociferaretur

1206 1641 1385 1685 &scriberet
1396 1641 1643 1684 circumcisionem
1653 1641 1860 1684 manufaHam
1869 1641 1947 1674 nihil
1950 1643 2094 1685 prodesse,

1203 1691 1262 1735 sed
1281 1705 1317 1726 ne
1337 1695 1458 1736 repente
1481 1695 1574 1737 ilege
1594 1686 1751 1734 avellens',
1775 1694 1820 1725 ad
1836 1703 1904 1725 eam
1928 1704 1995 1735 quae
2006 1692 2044 1733 est
2055 1704 2092 1726 ex

1201 1743 1264 1785 fide
1284 1746 1383 1776 cordis
1402 1743 1643 1785 circumcifionem
1665 1742 1762 1775 adbuc
1785 1741 1963 1775 reluctantes
1981 1754 2028 1776 eos
2040 1749 2092 1784 qui

1176 1805 1182 1809 ³
1205 1793 1369 1827 audiebant
1392 1794 1533 1828 Hebraeos
1559 1817 1571 1833 ‚
1595 1795 1616 1825 ἃ
1640 1794 1789 1835 synagoga
1810 1790 1876 1834 fifi-
1896 1802 2008 1835 cogeret
2041 1794 2094 1824 di·-

1204 1840 1353 1884 (lrabere,
1377 1842 1413 1886 se
1430 1843 1560 1888 Judaeis
1572 1843 1764 1875 accomodans
1766 1840 1878 1882 faHus
1904 1841 1940 1882 est
1954 1844 2095 1886 Judaeus

1204 1901 1238 1925 ut
1259 1904 1358 1926 omnes
1389 1892 1577 1935 lucrifaceret
1601 1917 1609 1925 .
1647 1891 1836 1926 Gentilium
1869 1891 2096 1935 Sophistarum

1205 1942 1330 1977 sensum
1343 1944 1482 1986 exponit
1504 1941 1589 1986 apud
1602 1942 1786 1986 origenem
1808 1941 1926 1974 Celsus
1938 1940 2096 1976 Philoso-

1204 1992 1308 2035 phus:
1335 1995 1396 2026 Pro
1409 1994 1621 2027 medicamento
1641 1992 1790 2025 interdum
1809 1996 1999 2032 permittitur
2022 1991 2094 2035 usus

1204 2042 1367 2085 impostura
1390 2054 1425 2076 ac
1446 2044 1609 2076 mendacii.
1639 2041 1682 2074 Et
1702 2041 1878 2084 adjungit:
1904 2043 1951 2074 sic
1972 2044 2007 2076 c&
2027 2053 2094 2076 cum

1204 2098 1333 2131 inimicis
1343 2095 1491 2138 agendum
1501 2093 1545 2125 ad
1566 2091 1765 2135 effugiendum
1780 2120 1782 2122 .
1784 2092 1964 2133 periculum.
1993 2092 2093 2127 Istam

1205 2144 1349 2187 regulam
1373 2143 1490 2186 probat
1514 2143 1650 2176 sanstus
1673 2140 1829 2175 Clemens
1850 2166 1860 2181 ‚
1886 2141 2092 2186 affirmatque

1204 2193 1271 2236 ipsa
1295 2194 1387 2226 usum
1411 2193 1505 2226 fuisse
1526 2192 1628 2226 etiam
1640 2193 1794 2226 Sanctum
1811 2192 1949 2225 Paulum
1975 2194 2007 2226 in
2021 2194 2094 2227 Cir-

1204 2242 1402 2276 cumcifione
1425 2241 1624 2276 Timothei.
1651 2242 1805 2276 Affirmat
1834 2242 1949 2276 omnia
1972 2243 2094 2287 legalia

1204 2292 1409 2327 Sacramenta
1423 2293 1517 2327 suiffe
1530 2292 1570 2326 ab
1582 2292 1652 2335 ipso
1667 2291 1840 2335 reprobata
1854 2316 1865 2331 ‚
1890 2292 2093 2336 quandoque

1205 2351 1314 2375 tamen
1326 2352 1442 2375 contra
1452 2352 1599 2376 mentem
1614 2352 1746 2384 accepta
1760 2352 1816 2375 aut
1828 2341 1902 2375 data
1925 2341 1966 2376 ad
1984 2354 2093 2377 carna»

1206 2390 1292 2424 libus
1314 2391 1430 2434 Judaeis
1462 2391 1716 2434 impartiendum
1748 2391 1913 2434 quandam
1945 2392 2092 2428 fratetnae

1205 2440 1438 2484 compassionis
1449 2439 1646 2475 medicinam
1659 2467 1666 2474 .
1698 2441 1846 2476 Eandem
1856 2441 2037 2477 doctrinam
2049 2442 2090 2478 ad

1206 2492 1359 2525 Sanssum
1368 2490 1503 2526 Petrum
1515 2493 1532 2525 ὲ
1543 2491 1660 2536 quovis
1672 2491 1755 2525 vitio
1767 2491 1863 2535 plene
1882 2493 2090 2537 purgandum

1205 2539 1260 2575 hic
1273 2540 1388 2584 probat
1398 2541 1432 2575 &
1444 2542 1574 2576 assumit
1586 2541 1762 2585 Septimius
1774 2566 1781 2573 .
1809 2542 1963 2575 Affirmat
1985 2544 2089 2586 ipsum

1204 2591 1297 2625 fuiffe
1307 2589 1390 2626 adeo
1402 2591 1547 2627 alienum
1559 2592 1577 2625 a
1588 2591 1830 2635 praedicationis
1843 2593 1927 2626 vitio
1940 2617 1951 2633 ,
1979 2603 2015 2627 ut
2028 2604 2089 2628 nec

1203 2640 1237 2674 in
1252 2642 1535 2677 conversationem
1546 2642 1721 2686 impegerit
1733 2667 1741 2675 .
1767 2642 1922 2685 *Affirmat
1947 2643 2089 2676 Marcio·

1202 2702 1276 2725 nem
1296 2692 1332 2726 &
1352 2691 1435 2727 alios
1455 2689 1637 2727 Gnosticos
1657 2692 1744 2725 circa
1768 2691 1861 2724 istam
1895 2689 2087 2732 Principum

1203 2741 1440 2785 Apostolorum
1460 2742 1729 2783 disceptationem
1752 2739 1836 2772 adeo
1858 2739 1929 2772 falli
1943 2762 1953 2770 .
1984 2739 2087 2773 Affir-

1203 2802 1269 2826 mat
1282 2791 1417 2826 Petrum
1430 2793 1463 2825 in
1479 2791 1541 2824 isto
1553 2790 1637 2823 fasto
1652 2800 1712 2822 nec
1734 2788 1828 2821 fuisse
1851 2787 2087 2831 reprehensibi-

1202 2843 1286 2876 lem:
1317 2840 1450 2885 Utpote
1468 2837 1621 2884 quinihil
1645 2838 1778 2879 fecerit,
1804 2836 1896 2879 quod
1920 2850 1988 2873 non
2007 2840 2086 2874 fecit

1202 2893 1300 2927 etiam
1322 2891 1461 2925 Paulus.
1489 2889 1669 2924 Praesertim
1693 2889 1728 2921 in
1752 2889 2012 2924 circumcisione
2022 2890 2086 2924 Ti·

1203 2941 1346 2977 mothei.
1372 2940 1701 2982 Affirmatutriusque
1712 2939 1833 2973 fastum
1855 2939 2086 2985 fuiffedispenf

1203 2993 1359 3027 ratorium
1380 3003 1420 3026 ac
1438 2991 1672 3025 simulatorium
1691 3001 1702 3022 τ
1729 2987 1934 3034 Medicinale
1953 2989 2085 3026 menda·

1204 3045 1312 3078 cium.
1339 3041 1464 3077 Lucide
1488 3040 1693 3084 semetipsum
1714 3039 1855 3084 exponit
1875 3040 1910 3074 in
1933 3039 2020 3075 libro
2042 3041 2084 3075 de

2113 1411 2160 1443 Fol
2183 1421 2247 1448 730·

2116 2032 2175 2063 Lib.
2184 2046 2215 2070 4·

2112 2071 2166 2104 fol·
2187 2083 2251 2108 171·

1205 3091 1425 3138 Monogamia
1442 3104 1451 3124 2
1481 3093 1595 3125 Paulus
1614 3090 1757 3133 quaedam
1775 3091 1930 3124 adversus
1946 3090 2083 3133 sormam
2098 3102 2172 3142 Cap,
2191 3112 2238 3141 14,

1202 3145 1310 3188 regulae
1326 3142 1392 3187 suae
1401 3151 1454 3185 pro
1474 3142 1634 3176 conditione
1652 3148 1817 3183 temporum
1833 3141 1913 3184 gefflt
1926 3165 1937 3182 ‚
1960 3147 2082 3174 circum-

1204 3195 1306 3229 cidens
1324 3193 1510 3227 Timotheum
1525 3198 1647 3233 propter
1667 3188 1890 3233 superindut‘los
1905 3189 2083 3234 falfhsfrae·

1203 3253 1266 3279 tres·
1279 3269 1290 3285 ‚
1316 3246 1352 3279 (9⁹
1362 3242 1414 3287 ras
1411 3256 1442 3277 os
1452 3240 1594 3286 quosdam
1604 3242 1744 3276 inducens
1756 3247 1790 3274 in
1809 3242 1950 3283 templum
1957 3249 2082 3284 propter

1205 3294 1436 3339 observationem
1442 3297 1475 3339 J
1477 3293 1637 3327 udaeorum.
1663 3291 1718 3325 Ille
1728 3296 1778 3334 qui
1789 3292 1941 3333 Galatas,
1964 3297 2001 3325 in
2019 3293 2082 3337 lege

1207 3345 1338 3380 volentes
1347 3356 1433 3390 agere
1440 3363 1459 3387 ,-
1476 3342 1621 3387 castigat.
1646 3343 1761 3377 Sedita
1777 3352 1829 3377 res
1839 3341 2001 3387 exigebant
2012 3366 2024 3386 2
2047 3350 2079 3377 ut

1943 3395 2032 3425 omni-
