2346 3724
671 104 867 160 INDEX
907 107 1070 152 Reno
1090 123 1148 164 Μ,

307 195 382 230 Vide
401 192 528 227 sanda:
542 192 650 223 Petrus
664 217 670 223 .

257 245 458 289 Apostolicae
471 240 619 274 Ecclefiae
630 267 641 283 ,
670 252 817 285 quaenam
831 241 1008 277 dicantur?
1023 253 1097 288 194.
1111 252 1143 277 2.

259 294 415 339 Apostoli
449 290 624 325 duodecim
650 294 745 326 annis
766 294 784 326 a
808 301 914 327 morte
940 291 1063 326 Christi
1087 302 1143 336 per

308 343 447 387 Judaeam
469 343 502 375 ὅ(
518 343 642 376 vicinas
658 342 858 376 Provincias
879 342 1021 377 fundant
1035 343 1146 378 Eccle-

257 415 259 417 -
306 394 379 426 sias.
882 399 948 439 190.
965 401 996 426 2.
1022 404 1142 440 192.1-

258 443 413 487 Apostoli
432 444 466 476 in
491 442 642 488 erigenda
655 441 851 477 Hierarchia
878 445 952 477 sunt
968 445 1068 477 secuti
1084 443 1144 476 for-

305 504 391 526 mam
407 495 566 528 Romanae
583 492 804 527 Monarchiae.
895 504 952 540 191.
965 504 995 528 2.
1026 504 1099 539 192.
1112 504 1143 527 2.

253 543 410 588 Apostoli
436 557 503 578 non
530 545 591 578 alia
606 544 790 578 docuerunt
812 545 954 586 secreto,
981 547 1142 588 quampu-

258 612 262 617 ·
305 594 416 628 blice.
445 606 524 642 227.
552 595 586 627 &
615 587 687 637 setis
707 594 882 639 Proprium
910 595 943 628 id
966 588 1144 631 haereticis,

303 655 373 678 non
389 644 591 678 Catholicis.
623 656 701 691 227.
715 658 746 680 2.
778 644 932 687 Apostoli
951 645 1015 678 fine
1027 645 1144 677 timore

304 693 559 738 praedicaverunt
572 706 705 728 omnem
721 694 888 728 veritatem
904 720 910 726 .
1022 703 1107 740 234.
1123 703 1144 725 1.

254 744 411 789 Apostoli
439 757 506 778 non
533 757 588 788 per
603 745 791 788 linguarum
806 744 999 784 Charisma,
1024 745 1145 786 sedrper

305 795 459 829 dimitam
481 795 499 827 ὲ.
513 793 632 838 spiritu
646 796 765 829 Sansto
790 796 995 829 sortitionem
1020 803 1144 837 accepe-

306 856 383 879 runt
396 847 459 879 suae
471 844 711 889 praedicationis
723 845 917 879 Provincias
928 870 935 876 .
1026 854 1103 891 190.
1115 852 1145 875 2.

255 895 412 941 Apostoli
426 896 577 929 omnium
592 895 752 929 Gentium
768 895 890 939 linguis
901 895 1004 928 locuti
1016 919 1023 927 .
1043 893 1144 930 1863.-

306 946 413 990 &seq-
428 944 693 979 Charismaillud
707 946 741 978 in
766 944 848 979 alios
862 944 973 978 fideles
1000 943 1145 977 traduxe-

305 1006 403 1031 runt.
429 995 504 1029 ihm.
538 995 688 1029 Plurium
713 995 901 1039 linguarum
924 993 1039 1036 peritia
1064 992 1145 1025 olim

306 1046 402 1080 valde
415 1050 483 1079 rara
496 1071 504 1077 .
666 1063 669 1066 ·
716 1063 718 1065 ·
779 1061 781 1064 ⁴
1028 1039 1103 1077 186-
1121 1054 1146 1077 ι.

252 1094 410 1139 Apostoli
430 1094 524 1137 plene
544 1094 587 1127 de
606 1093 761 1127 omnibus
784 1092 800 1125 a
823 1091 959 1127 Christo
982 1091 1146 1126 instructi.

307 1155 389 1190 209.
415 1144 505 1177 Ante
530 1144 668 1186 Spiritus
689 1142 798 1177 Sancti
821 1142 1037 1176 donationem
1058 1153 1145 1176 com·

306 1195 399 1238 plura
423 1194 679 1238 ignoraverunt.
706 1202 817 1239 215.1.
845 1193 975 1228 Patrem
998 1192 1070 1227 filio
1083 1204 1146 1226 ma·

250 1254 252 1256 ·
307 1245 411 1288 jorem
424 1243 593 1277 credideru
600 1253 635 1276 nt
648 1267 655 1274 .
671 1243 756 1275 ibuit-
782 1242 861 1276 Post
873 1253 1041 1286 acceptum
1053 1243 1146 1286 Spiri-

307 1303 380 1329 tum
407 1293 558 1327 Sanctum
584 1292 671 1326 nihil
701 1294 895 1336 ignorarunt
915 1304 1050 1334 eorum,
1076 1304 1146 1336 quae

304 1345 407 1382 scire,
432 1344 466 1377 &
482 1345 569 1386 posse
592 1354 648 1376 eos
659 1341 844 1386 oportebat.
865 1342 990 1381 2162.
1018 1344 1149 1377 Huma—

304 1402 422 1428 narum
434 1392 692 1437 disputationum
707 1393 847 1436 imperiti
861 1418 873 1434 ‚
900 1394 999 1428 etiam
1010 1403 1146 1437 accepto

305 1444 430 1488 Spiritu
444 1445 564 1478 Sansto
574 1467 583 1476 .
611 1443 685 1476 ibid.
714 1442 816 1477 Ratio
829 1455 886 1478 cur
899 1444 945 1478 ita
957 1445 1076 1479 fastum
1087 1444 1126 1478 sit
1137 1469 1144 1476 .

307 1503 351 1530 21
383 1520 390 1527 .
408 1505 435 1529 1.
461 1504 463 1506 ’

255 1505 498 1588 ΑΡοΩζΙοωιη
527 1538 661 1578 Chorus
683 1545 813 1580 diversis
832 1545 978 1590 personis
998 1544 1126 1580 constat
1139 1568 1149 1584 ,

306 1605 377 1628 non
388 1593 555 1628 dostrina.
1020 1603 1142 1631 211-2·

256 1643 499 1688 Apostolorum
512 1649 655 1687 quatuor
664 1656 802 1689 genera.
1016 1656 1096 1692 255.
1114 1656 1146 1680 2-

255 1694 457 1738 Apostolum
469 1720 480 1735 ,
508 1696 565 1738 qui
582 1696 612 1728 se
625 1696 789 1736 affirmat,
815 1696 1001 1730 miffionem
1013 1696 1146 1739 probet.

305 1755 429 1790 2551.
457 1753 493 1778 ut
518 1746 600 1779 novi
626 1756 774 1780 creentur
795 1746 974 1790 Apostoli,
999 1746 1082 1790 opus
1103 1744 1147 1778 est

303 1804 395 1827 novo
411 1793 545 1827 Christo
561 1821 568 1827 .
1070 1795 1145 1827 ibid.

253 1843 417 1887 'Apparitio
430 1868 441 1884 ‚
459 1846 631 1883 ‘apparitor
644 1866 656 1882 ,
681 1849 871 1883 Appamurae
893 1868 906 1884 ,
931 1845 1013 1887 quid
1033 1844 1147 1889 fignifi-

305 1895 408 1927 cent?
1067 1906 1105 1926 .ι.
1141 1919 1146 1925 .

253 1942 417 1988 Apulejus
442 1937 690 1976 Madaurensis,
717 1947 758 1970 an
783 1947 855 1971 vera
878 1904 1149 1981 miracuiaiiaatri-

305 1992 388 2023 verit
401 1989 414 2021 ?
1017 1985 1096 2036 378.
1113 2000 1146 2025 2.

253 2039 482 2084 Aquariorum
494 2036 668 2071 exordium
683 2062 690 2069 .
1018 2035 1096 2084 308.
1115 2049 1142 2074 1.

247 2089 475 2135 =Aquileiensis
490 2088 629 2121 Ecclesia
650 2089 669 2121 a
683 2088 800 2122 saneto
813 2087 964 2122 Barnaba
985 2087 1142 2123 fundata.

309 2151 324 2176 1
382 2165 388 2172 .
403 2151 435 2176 2.

252 2151 486 2232 'Arcb‡{raesul.
499 2189 579 2224 Vox
604 2188 650 2222 est
665 2188 778 2232 primis
791 2188 938 2224 Ecclesiae
947 2189 1146 2234 temporibus

245 2255 250 2261 ·
304 2240 465 2274 recentior
477 2264 484 2271 .
1016 2243 1095 2286 263-
1110 2251 1144 2277 2·

253 2289 455 2326 Archontici
477 2288 617 2324 haeretici
632 2287 854 2334 Apocryphos
874 2291 1032 2334 quosdam
1046 2291 1146 2324 libros

308 2341 546 2375 confinxerunt
559 2366 567 2372 .
1021 2350 1097 2387 174.
1116 2352 1152 2377 1:

256 2386 377 2425 Ariani
389 2389 616 2434 Apostolicam
628 2389 745 2425 Sedem
758 2390 1029 2425 circumscribunt
1040 2414 1047 2421 .
1064 2391 1144 2426 624.

309 2441 481 2475 Liberium
503 2439 704 2475 Pontificem
731 2439 787 2473 sibi
815 2441 992 2486 adjungere
1018 2441 1145 2474 studue-

308 2498 387 2524 runt
396 2515 403 2522 .
961 2500 964 2504 “
1041 2489 1061 2528 8
1090 2516 1096 2522 -
1116 2502 1145 2527 2-

258 2539 378 2575 Ariani
389 2541 475 2574 inter
487 2541 518 2573 se
528 2540 622 2575 divisi
635 2566 646 2582 ,
671 2541 704 2575 δε
715 2539 859 2575 Cadmaei
873 2543 984 2576 fratres
994 2566 1002 2575 .
1055 2501 1109 2577 692.
1120 2553 1141 2574 i.

258 2590 380 2625 Ariani
393 2588 451 2623 sub
463 2589 661 2625 orthodoxis
674 2591 810 2625 vocibus
821 2592 979 2636 dogmata
991 2593 1046 2626 sua
1059 2601 1143 2636 tege-

305 2649 515 2675 reconantur
527 2664 535 2672 .
563 2639 618 2676 62·
635 2650 665 2677 ι.
691 2642 725 2676 &
739 2642 800 2685 seq.
822 2642 952 2677 Falsant
964 2642 1143 2686 Scripturas

305 2691 449 2725 Divinas
464 2716 471 2723 .
925 2688 930 2698 “
1020 2702 1096 2740 143.
1110 2705 1140 2730 2.

244 2738 459 2775 ³Arian0rum
473 2740 622 2776 aemulata
634 2738 768 2776 sanitas.
901 2741 957 2778 66.
978 2754 1006 2779 1.
1028 2743 1064 2776 ἀ
1078 2744 1140 2787 seq.

256 2789 473 2826 Ariminensis
485 2793 641 2834 Synodus
653 2804 706 2837 per
719 2791 897 2827 Ursacium
919 2794 953 2826 &
963 2791 1138 2828 Valentem

305 2841 352 2876 ita
364 2842 607 2886 circumscripta
618 2868 630 2884 ‚
657 2852 694 2876 ut
713 2842 933 2887 ingemiscens
954 2843 1063 2886 postea
1074 2851 1140 2878 ter-

234 2923 237 2926 .
304 2903 413 2926 rarum
422 2892 510 2927 orbis
525 2893 624 2933 fuerit
634 2893 768 2927 miratus
781 2894 813 2928 se
826 2892 989 2927 Arianum
1000 2919 1008 2927 .
1035 2894 1093 2940 ⁶3-
1106 2905 1138 2930 2.

254 2938 444 2978 'Aristotelis
467 2941 649 2977 Dialestiea
674 2943 792 2977 artifex
814 2942 958 2978 struendi
980 2968 992 2984 ,
1028 2944 1063 2977 δε
1085 2944 1139 2978 de-

302 2992 466 3034 struendi,
494 2992 667 3036 versipellis
690 2992 726 3027 in
752 2993 922 3028 sententiis
943 3016 956 3034 ‚
982 2995 1091 3028 coafla
1102 2994 1136 3028 in

305 3042 500 3086 conjesturis
525 3068 536 3085 ,
562 3042 641 3078 dura
666 3041 702 3077 in
728 3044 931 3088 argumentis
952 3067 965 3083 ‚
990 3045 1135 3087 operaria

303 3093 562 3128 contentionum
574 3117 586 3134 ,
605 3093 740 3127 molesta
750 3095 850 3128 etiam
861 3094 918 3128 sibi
930 3093 986 3137 ipsi
997 3118 1009 3135 ,
1022 3094 1134 3130 omnia

303 3146 473 3178 retractans
482 3169 494 3186 ‚
519 3154 561 3177 ne
571 3143 651 3186 quid
662 3143 805 3178 omnino
816 3144 998 3179 trattaverit
1009 3169 1016 3176 .
1039 3153 1131 3182 10¹·2-

301 3191 543 3228 Gnosticorum
556 3192 771 3237 blasphemias
781 3194 913 3238 adjuvat
924 3218 932 3226 .
946 3205 1037 3240 ¹¹52·
1051 3194 1133 3230 Eam

306 3238 511 3283 Epiphanius
534 3248 622 3277 virur
634 3243 795 3284 Aristotelis
818 3245 958 3289 appellat
970 3269 977 3277 .
1014 3253 1091 3292 117.
1106 3257 1135 3282 1-

256 3285 445 3325 Aristotelis
457 3291 667 3338 Philosophia
680 3293 809 3328 Parisiis
819 3295 928 3330 doceri
949 3293 1113 3337 prohibita
1127 3321 1134 3328 .

310 3346 326 3371 1
335 3337 388 3372 16-
401 3346 430 3371 2·
443 3338 538 3375 Varii
550 3343 715 3378 Authores
727 3346 832 3380 notati
844 3370 855 3387 ,
876 3342 965 3390 quod
976 3344 1044 3390 ejus
1056 3346 1132 3380 Dia-

304 3384 425 3420 lesticae
437 3389 576 3426 nimium
586 3393 763 3428 tribuerent
775 3420 783 3427 .
1059 3395 1135 3429 ibid.

350 3435 462 3481 chnst.
474 3442 554 3482 Lupi
567 3445 664 3484 opera
682 3447 786 3477 T.1X.

1201 104 1666 153 ETVERBORUM.
1924 112 2012 170 385

1205 192 1305 227 Arius
1327 191 1549 235 septingentas
1558 188 1713 234 Virgines
1735 191 1769 227 in
1783 191 1920 228 haerefim
1943 195 2031 229 solus
2041 196 2085 231 se-

1253 242 1363 276 ducit.
1977 257 1999 282 2
2028 270 2033 277 .
2051 257 2080 282 1.

1205 293 1383 325 Audientes.
1412 290 1541 326 Gradus
1565 289 1725 325 secundus
1740 255 2061 330 Catechumenoxiim
2074 321 2081 328 .

1257 352 1334 390 342.
1348 354 1380 378 2-
1406 341 1653 376 Instruebantur
1674 340 1715 374 de
1739 341 1862 375 Divina
1883 344 2082 386 substantia,

1254 404 1293 426 ac
1305 392 1508 434 providentia
1521 416 1528 423 .
1554 391 1630 425 ibid.
1653 389 1792 425 Admiffi
1814 391 1855 424 ad
1867 393 2031 434 publicum
2046 396 2080 428 in

1256 442 1398 476 Ecclesia
1416 442 1550 476 verbum
1566 467 1572 474 .
2010 445 2081 476 ibid.

1206 492 1386 536 Augustini
1400 492 1577 526 Dialestica
1592 491 1718 525 Parisiis
1729 491 1811 525 olim
1824 491 1981 535 praelesta.
1994 494 2081 530 1162.

1256 542 1433 585 Expediret
1447 543 1537 577 illam
1548 542 1665 576 resumi
1680 543 1712 575 in
1727 540 1871 575 scholas.
1937 564 1941 574 .
2012 543 2083 575 ibid.

1206 591 1386 636 Augustini
1409 593 1570 638 singulare
1591 592 1759 631 studium,
1785 590 2085 626 utillustresuteDo-

1255 643 1323 676 nati
1347 639 1435 687 p'arte
1455 644 1604 687 personas
1622 643 1662 676 ad
1677 641 1887 676 catholicam
1909 642 2086 676 Ecclesiam

1255 693 1420 727 reduceret
1435 718 1442 725 .
1992 704 2044 738 52.
2060 704 2086 728 1.

1207 743 1385 787 Augustini
1413 753 1559 786 tempore
1583 742 1616 776 &
1638 754 1735 786 opera
1764 741 1921 775 Africana
1944 742 2090 776 Ecclefia·

1256 794 1355 837 coepit
1377 793 1519 827 virorum
1540 793 1574 826 &
1599 793 1769 837 virginum
1793 791 1954 826 Coenobia
1979 817 1989 833 ‚
2017 803 2088 835 quae

1257 844 1348 877 antea
1364 843 1557 888 ignorabat,
1587 844 1763 887 agnoscere
1775 868 1782 874 .
1983 852 2040 888 41.
2058 853 2086 877 1.

1209 893 1386 938 Augustini
1401 904 1509 927 tomus
1521 893 1669 927 decimus
1682 893 1809 938 indiget
1828 903 1947 936 magna
1960 891 2090 926 revisio-

1256 956 1298 977 ne
1313 966 1324 983 ,
1351 952 1446 985 atque
1458 946 1659 978 correctione
1672 968 1679 974 .
1968 953 2042 989 143.
2058 953 2088 977 2·

1210 993 1412 1038 Augustinus
1422 995 1440 1028 a
1452 994 1732 1038 Semipelagianis,
1743 994 1777 1027 δε
1791 993 2000 1028 calumniosis
2012 992 2091 1025 Gal·

1257 1045 1297 1077 lis
1310 1045 1471 1087 perperam
1495 1045 1680 1078 accusatus.
1711 1044 1765 1079 16.
1779 1056 1811 1080 2.
1834 1043 1916 1078 Item
1929 1045 1945 1077 a
1959 1042 2094 1076 Genna-

1259 1094 1315 1127 dio
1335 1094 1521 1127 Maffilienfi
1534 1094 1574 1128 de
1585 1094 1815 1127 resurrectione
1829 1093 2067 1127 Abortivorum
2082 1117 2089 1123 .

1257 1155 1314 1180 112·
1345 1154 1374 1179 1.
1402 1144 1584 1187 Culpatur,
1611 1143 1665 1177 sed
1688 1143 1793 1182 male,
1820 1143 1909 1187 quod
1933 1141 2092 1186 Baptismi

1258 1192 1447 1235 mysterium
1462 1195 1524 1226 suis
1535 1194 1661 1235 scriptis
1673 1194 1867 1226 enuntiasset
1880 1217 1887 1223 .
1964 1201 2041 1239 330-
2056 1204 2091 1228 2-

1210 1242 1416 1287 Augustinus
1438 1244 1548 1276 censet
1575 1241 1804 1285 disputationis
1828 1252 1905 1274 cum
1936 1240 2093 1275 haereticis

1259 1292 1388 1327 nullum
1400 1293 1462 1326 effe
1474 1292 1613 1326 frustum
1626 1317 1633 1324 .
1974 1289 2048 1337 178-
2059 1301 2093 1326 2.

1210 1342 1417 1387 Augustinus
1430 1353 1472 1376 ex
1485 1353 1630 1385 tempore
1642 1350 1757 1376 contra
1769 1339 1975 1374 Manichaeos
1987 1340 2096 1374 decla-

1257 1402 1326 1428 mat
1338 1418 1346 1426 .
1970 1400 2047 1438 322.
2064 1402 2091 1426 1·

1211 1443 1417 1488 Augustinus
1446 1442 1546 1477 titulo
1560 1442 1683 1485 Apostoli
1702 1440 1956 1476 condecoratus.
1985 1438 2052 1487 184.
2064 1453 2095 1476 2.

1258 1494 1314 1527 Est
1332 1494 1455 1527 titulus
1469 1492 1608 1526 nimium
1630 1493 1792 1526 eminens.
2019 1492 2095 1524 thid.

1214 1543 1387 1577 Autboritas
1415 1569 1422 1575 .
1460 1544 1511 1576 Ex
1538 1544 1694 1577 Romano
1719 1542 1785 1585 jure
1811 1552 1877 1575 vox
1905 1542 2090 1585 desumpta.

1260 1593 1347 1637 quid³
1364 1592 1547 1638 signis-icet?
1574 1603 1649 1640 315.
1668 1603 1696 1627 1.
1724 1591 1780 1626 Est
1801 1592 1943 1637 suffragii
1967 1592 2095 1626 Praero—

1262 1643 1370 1688 gativa
1384 1668 1392 1674 .
2019 1641 2094 1675 ibid.

1214 1693 1387 1727 Authoritas
1398 1719 1405 1726 .
1417 1693 1630 1729 Tertulliano
1641 1692 1800 1739 significat
1813 1693 2092 1739 originem.285·¹·

1637 1795 1667 1825 B

1212 1894 1242 1928 S.
1321 1892 1447 1932 Abylas
1468 1892 1699 1933 Imperatorem
1725 1891 1966 1925 Numerianum
1986 1892 2005 1926 a
2028 1893 2097 1928 Dei

1342 1940 1467 1983 templo
1477 1941 1586 1984 exegit
1596 1965 1606 1980 ‚
1630 1941 1663 1974 ὃς
1676 1941 1899 1985 Episcopalem
1910 1941 2095 1978 libertatem

1260 1990 1319 2023 suo
1331 1990 1490 2034 sanguine
1501 1990 1708 2034 obsignavit.
1821 1990 1900 2036 326.
1915 2004 1950 2028 2-
1967 2003 2035 2041 374
2062 2003 2091 2027 1.

1208 2037 1393 2081 Babylonis
1418 2041 1556 2073 nomine
1580 2064 1591 2079 ,
1625 2040 1705 2084 quid
1733 2041 1933 2076 intellexerit
1959 2043 2096 2077 sanstus

1259 2089 1395 2124 Petrus?
1425 2099 1498 2135 190.
1518 2102 1549 2126 2.
1576 2089 1720 2124 Petrus&
1735 2091 2096 2127 MarcaintellexitBa-

1259 2139 1418 2182 bylonem
1431 2139 1637 2183 Assyriorum
1650 2165 1658 2174 .
1690 2151 1767 2188 191.
1785 2153 1813 2177 1.
1839 2142 1968 2185 Opinio
1990 2144 2096 2187 suspe-

1257 2192 1307 2224 sta
1319 2190 1364 2224 est
1377 2216 1385 2223 .
2018 2192 2093 2227 ibid.

1209 2235 1394 2284 Baptismus
1417 2250 1568 2284 acceptus
1589 2241 1656 2277 fine
1667 2241 1787 2276 notitia
1801 2241 1952 2285 Symboli
1965 2267 1977 2283 ‚
2004 2244 2094 2278 valet

1258 2290 1392 2334 quidem
1417 2315 1429 2332 ,
1455 2291 1509 2325 sed
1529 2301 1638 2326 tamen
1666 2291 1712 2325 est
1737 2292 1890 2326 informis
1913 2317 1921 2325 .
1961 2293 2038 2339 156.
2062 2304 2092 2329 1.

1257 2341 1442 2387 Qomodo
1464 2340 1646 2375 Eunuchus
1669 2341 1831 2375 Candacis
1856 2343 1995 2386 Reginae
2017 2367 2028 2383 ,
2056 2344 2093 2377 &

1257 2392 1384 2434 aliquot
1400 2390 1581 2434 Judaeorum
1594 2391 1696 2425 millia
1707 2391 1858 2435 Symboli
1870 2393 2024 2426 notitiam
2041 2405 2096 2427 ac·

1256 2442 1398 2483 ceperint
1414 2466 1427 2482 ‚
1454 2442 1640 2486 priusquam
1665 2442 1905 2486 baptizarentur
1923 2467 1931 2475 .
1966 2453 2042 2490 157.
2059 2454 2095 2479 2.

1259 2494 1334 2537 158-
1353 2503 1383 2527 1·
2081 2496 2084 2499 ⁴

1206 2535 1389 2584 Baptismus
1409 2540 1504 2576 datus
1523 2543 1541 2577 a
1562 2542 1697 2578 muliere
1719 2542 1765 2577 est
1791 2542 1935 2578 validus.
1964 2552 2043 2590 349.
2059 2555 2090 2580 2·

1254 2591 1411 2626 Dissentit
1424 2593 1655 2628 Tertullianus
1666 2617 1675 2625 .
1979 2604 2088 2640 349⁴·

1204 2637 1386 2685 Baptismus
1394 2643 1558 2676 extraneis
1568 2643 1652 2677 olim
1665 2653 1733 2676 non
1745 2642 1973 2678 enuntiandus.
1986 2652 2087 2688 3301.

1251 2691 1459 2735 Augustinus
1482 2692 1656 2733 culpatus,
1683 2689 1964 2730 licetimtnerito‚
1993 2691 2087 2734 quod

1252 2741 1456 2783 Baptismum
1474 2739 1538 2773 suis
1550 2739 1673 2782 scriptis
1682 2738 1879 2773 enuntiasset
1894 2764 1902 2770 .
2012 2740 2084 2773 ibid.

1202 2788 1387 2834 Baptismus
1396 2815 1407 2832 ‚
1434 2800 1503 2823 non
1517 2789 1639 2830 semel,
1667 2788 1721 2823 sed
1731 2787 1829 2822 tertio
1842 2788 1928 2834 apud
1940 2789 2089 2825 Marcio·

1250 2841 1337 2875 nitas
1355 2839 1496 2875 collatus
1509 2865 1517 2872 .
1964 2844 2042 2887 246.
2054 2853 2086 2878 2·

1202 2887 1386 2934 Baptismus
1399 2889 1608 2935 Paganorum
1630 2889 1670 2924 ad
1692 2888 1913 2924 imitationem
1936 2890 2087 2925 Catholi-

1249 2951 1382 2975 corum.
1410 2941 1490 2987 306.
1516 2951 1545 2977 1.
1572 2940 1691 2974 Valere
1712 2938 1828 2974 dicunt
1850 2940 1891 2974 ad
1917 2940 2086 2985 purgatio-

1251 3002 1326 3026 nem
1338 2991 1521 3026 animarum
1533 2992 1663 3026 suarum
1675 3016 1683 3022 .
1855 3025 1858 3028 ,
1960 2994 2039 3036 306.
2053 3004 2085 3029 2.

1201 3039 1385 3086 Baptismus
1397 3051 1548 3086 praeparat
1559 3064 1571 3081 ,
1591 3052 1628 3075 ac
1637 3039 1756 3075 imbuit
1767 3052 1828 3076 nos
1840 3039 1880 3076 ad
1893 3040 2083 3085 legitimum

1249 3092 1495 3136 interpretandae
1506 3092 1673 3134 Scripturae
1684 3091 1811 3126 donum
1822 3117 1830 3124 .
1956 3101 2032 3139 123.
2052 3101 2081 3126 1.

1200 3139 1382 3185 Baptismus
1392 3141 1605 3176 Tertulliano
1617 3141 1736 3176 dicitur
1746 3143 1858 3175 Τὶηέῖὶο
1868 3167 1875 3174 .
1895 3139 1972 3185 184.-
1988 3153 2016 3178 1.
2030 3142 2083 3185 Ju-

1247 3192 1355 3227 lianus
1365 3192 1406 3227 ab
1418 3191 1608 3236 Augustino
1619 3190 1830 3236 reprehensus
1839 3217 1849 3233 ‚
1877 3192 1966 3234 quod
1978 3201 2082 3226 utere-

1249 3252 1301 3277 tur
1313 3255 1394 3277 voce
1410 3266 1421 3282 ‚
1445 3241 1592 3283 Perflcfio.
2007 3242 2079 3275 ibid.

1200 3288 1389 3336 Baptizandi
1402 3292 1483 3327 olim
1494 3291 1659 3325 intrabant
1683 3293 1810 3327 fontem
1824 3290 2013 3328 naturaliter
2024 3304 2084 3325 nu·

1248 3343 1300 3377 di.
1326 3354 1381 3389 24.
1400 3354 1428 3380 1·
1449 3340 1548 3387 Apud
1562 3343 1692 3378 Graecos
1704 3343 1917 3388 ungebantur
1925 3351 1999 3377 toto
2012 3353 2079 3374 cor·

1251 3404 1343 3438 pore.
2005 3390 2080 3424 ibid.

1565 3441 1598 3475 K
1624 3440 1648 3476 k
1698 3449 1721 3487 3
1918 3439 2030 3485 Bapti-
