2346 3724
83 631 148 664 Lib.
177 642 192 661 a

86 680 150 711 cap.
158 682 169 703 ι
174 651 203 710 9.,

64 2865 140 2896 can.
154 2875 196 2903 ¹9·

68 3212 143 3243 Can.
153 3215 180 3242 6.

704 166 851 227 ,Ga
917 167 1546 216 1³⁴1·‘·r'1²s'X‘LI.

470 354 622 405 Pariter
654 352 832 407 audiunt.

266 505 305 540 In
316 514 414 549 opere
423 504 465 540 de
475 506 613 550 antiquo
626 508 782 543 sacratum
797 505 1015 542 Contionum
1028 504 1095 541 ritu

216 555 404 592 franciscus
422 557 641 592 Bernardinus
651 558 814 593 Ferrarius
836 557 946 592 laudat
965 557 1097 601 praesen·

167 616 172 620 ·
215 616 285 641 tem
295 606 499 641 Tertulliani
512 607 645 647 locum,
671 619 709 642 ac
729 607 949 651 prosequitur:
979 607 1096 640 Tertul-

216 656 317 689 lianus
326 667 390 689 cum
400 658 529 699 affirmat
549 661 582 690 in
593 656 717 699 Ecclefia
727 656 790 700 ipso
811 664 976 692 concionum
986 665 1095 698 tempo-

216 704 370 749 resecernt
381 706 437 741 viic
446 708 520 750 poffe
540 706 739 751 &internosci
755 707 860 750 fideles
871 709 892 741 ἃ
904 706 1095 741 Catechume-

215 762 265 789 ms
276 781 288 797 ‚
314 757 489 797 demonstrat
497 763 599 800 utique
609 758 652 791 ad
660 756 741 800 ipsas
761 763 908 792 conciones
919 758 1094 791 audiendas

216 806 445 840 catechumenis
472 810 556 850 aeque
580 819 615 841 ac
643 807 782 849 fidelibus
813 809 931 841 aditum
952 807 1098 850 patutffe.

216 854 324 890 Nulla
333 857 488 891 discernit
501 857 646 891 Ecclefiae
656 868 803 901 tempora
815 883 826 899 ‚
852 869 890 892 ac
902 869 945 891 ex
968 858 1095 901 praesen-

215 907 243 942 ti
255 906 492 941 D06torisloco
508 908 615 941 censet
637 907 810 942 &Fideles
835 908 869 942 δε
881 906 1098 942 Catechume-

215 967 279 990 nos
299 956 422 1000 semper
444 957 554 990 adiisse
567 956 659 990 simul
680 969 718 991 ac
739 957 896 992 audivisse
910 982 919 990 .
948 956 1003 990 Est
1020 957 1096 989 Eru-

215 1005 290 1040 dito
311 1006 381 1040 viro
403 1004 585 1041 horrendus
606 1006 712 1050 lapsus
725 1032 732 1038 .
763 1007 895 1040 Etenim
919 1005 1095 1048 Septimius

214 1067 286 1089 non
307 1055 418 1090 laudat
437 1055 494 1090 hic
517 1054 701 1089 Catholicae
720 1056 841 1088 Matris
863 1055 1071 1098 disciplinam
1084 1078 1095 1095 ‚

214 1104 270 1138 sed
292 1104 428 1137 damnat
447 1104 606 1138 haereticae
631 1105 891 1140 conversationis
904 1105 1091 1146 levitatem,

213 1153 469 1189 inconstantiam
481 1178 493 1195 ,
519 1154 640 1188 variam
652 1155 965 1197 praevaricationem.
993 1156 1035 1189 Et
1049 1155 1095 1188 in-

212 1214 263 1239 ter
285 1203 345 1238 ista
363 1204 480 1247 ponit,
507 1203 597 1247 quod
617 1215 732 1238 eorum
758 1205 868 1239 fideles
890 1206 1099 1240 &Catechu-

213 1254 302 1288 meni
315 1253 407 1288 simul
420 1253 561 1293 adeant,
589 1253 826 1289 fimulaudiant
838 1279 849 1295 ,
870 1256 962 1289 simul
976 1266 1071 1289 orent
1088 1280 1094 1287 .

215 1303 283 1338 Uti
294 1304 428 1338 Sanctus
441 1302 647 1348 Augustinus
664 1305 784 1349 scripsit
798 1304 918 1340 librum
942 1304 983 1339 de
996 1306 1090 1340 mori·

213 1353 274 1388 bus
287 1354 570 1394 Manichaeorum,
595 1365 694 1398 atque
716 1366 758 1389 ex
781 1355 916 1389 istorum
940 1357 1096 1399 pravitate

211 1404 313 1438 infert
329 1405 519 1448 pravitatem
540 1405 728 1449 dogmatis,
756 1406 800 1439 ita
824 1405 908 1439 istud
925 1406 1031 1449 ipsum
1053 1405 1096 1439 de

213 1455 264 1488 sui
276 1454 435 1497 temporis
446 1453 668 1488 haereticishic
681 1455 760 1488 facit
775 1455 1003 1489 Tertullianus
1018 1480 1026 1488 .
1052 1456 1095 1489 Et

211 1503 262 1538 est
283 1502 416 1537 firmum
439 1515 672 1548 argumentum
686 1529 693 1536 .
723 1504 856 1538 Etenim
874 1516 948 1539 vera
961 1505 1041 1539 fides
1062 1506 1095 1539 ὅ(

213 1551 477 1596 reetadisciplina
499 1554 574 1587 sunt
594 1554 726 1597 penitus
748 1565 900 1588 connexa
916 1578 927 1594 ,
955 1554 1096 1597 ideoque

213 1604 281 1638 sese
293 1603 411 1637 mutuo
424 1613 554 1647 ponunt
574 1615 612 1639 ac
633 1603 770 1639 tollunt.
800 1603 946 1638 Proinde
965 1606 1096 1648 praesens

212 1653 474 1688 Doaorislocus
495 1654 604 1696 palim
625 1653 748 1689 evincit
761 1679 770 1695 ‚
796 1655 884 1698 quod
898 1654 960 1688 isto
973 1666 1099 1698 tempo·

213 1702 530 1743 reCatechumeni,
558 1704 656 1749 longe
677 1706 781 1748 magis
804 1704 947 1749 gentiles
967 1715 1023 1739 aut
1046 1704 1098 1747 Ju-

213 1752 295 1791 daei,
321 1752 362 1787 ad
374 1753 574 1787 audiendum
585 1754 649 1788 Dei
664 1755 696 1788 in
713 1755 855 1789 Ecclesia
875 1754 1010 1789 verbum
1021 1766 1096 1788 cum

214 1801 368 1837 fidelibus
390 1814 459 1837 non
480 1802 729 1838 admitterentur
747 1829 756 1836 .
783 1803 878 1838 Istius
897 1804 1098 1838 admistionis

213 1853 345 1888 nullum
365 1853 411 1886 est
435 1851 627 1897 vestigium.
653 1852 801 1886 Plurima
823 1855 1015 1896 persuadent
1029 1865 1095 1887 non

211 1903 325 1937 fuisse.
354 1903 398 1937 Et
409 1902 468 1936 ista
489 1902 663 1945 disciplina
685 1901 812 1936 videtur
833 1901 942 1936 adhuc
965 1902 1099 1948 viguisse

212 1963 360 1997 tempore
377 1952 486 1987 Sansti
509 1950 706 1991 Athanasii,
733 1951 785 1984 vel
807 1952 946 1993 cujusvis
967 1952 1098 1986 alterius

210 2001 342 2041 Patris,
367 2003 424 2043 qui
443 2001 563 2043 scripsit
583 2000 744 2033 famosam
756 1999 927 2043 Synopsim
941 2001 1098 2035 sacrarum

212 2051 436 2084 Litterarum.
464 2048 599 2083 Etenim
624 2047 696 2092 post
718 2059 947 2083 enumeratum
969 2050 1100 2091 antiqui

212 2099 423 2134 Testamenti
438 2098 613 2133 Canonem
625 2096 792 2144 subiungit
805 2112 815 2131 s
829 2102 944 2132 Praeter
955 2098 1100 2143 istossune

211 2149 315 2184 >adhuc:
327 2150 380 2183 altt
399 2147 530 2191 ejusdem
552 2154 661 2182 veteris
674 2148 860 2189 instrument!
880 2149 951 2183 libri
971 2161 1029 2183 non
1041 2154 1100 2182 Ca·

214 2205 334 2241 notrici,
355 2204 407 2243 qui
428 2198 655 2233 Catechuments
673 2199 792 2232 tantum
812 2200 952 2243 legantur
965 2225 973 2232 .
1000 2200 1043 2234 Et
1055 2209 1101 2234 ta-

214 2250 263 2285 les
273 2252 336 2284 effe
346 2249 428 2284 dicit
436 2249 638 2292 Sapientiam
651 2249 838 2284 Salomonis
851 2274 862 2290 ,
889 2249 1026 2285 Librum
1040 2249 1100 2284 Ec-

212 2300 402 2340 clesiastici‚
430 2298 568 2340 Esther,
597 2297 710 2342 Iudith
729 2324 740 2340 ‚
766 2311 804 2334 ac
829 2299 951 2335 Tobiae
969 2325 976 2333 .
1007 2301 1101 2335 Istius

210 2349 388 2394 Scriptoris
400 2348 541 2385 Ecclesia
553 2349 661 2393 primae
670 2350 774 2385 claffis
789 2349 890 2385 libros
909 2351 986 2385 solis
999 2351 1100 2386 fideli-

213 2398 293 2439 bus,
319 2408 352 2434 at
365 2399 442 2433 vero
454 2399 605 2434 laudatos
618 2399 719 2435 libros
743 2399 872 2434 locabat
897 2401 932 2434 in
957 2401 1099 2435 secunda

212 2450 332 2490 elaffe,
357 2448 508 2484 censebat
519 2450 683 2493 optimos,
710 2450 851 2495 ideoque
873 2451 922 2484 uti
946 2450 987 2485 ad
1007 2452 1101 2486 altio·

210 2510 246 2533 ra
272 2500 514 2542 praeparatorios
539 2499 669 2545 legebat
706 2501 784 2535 solis
822 2499 1100 2535 Catechumenis.

212 2544 358 2583 Proinde
383 2548 434 2582 uti
460 2549 572 2583 fideles
596 2551 630 2584 &
656 2549 927 2585 Catechumenos
952 2563 1022 2586 non
1058 2551 1100 2586 ad

211 2609 410 2633 communes
425 2598 527 2633 libros
538 2599 754 2642 admittebat,
780 2601 825 2635 ita
838 2611 944 2643 neque
954 2602 995 2635 ad
1012 2612 1100 2636 eom·

213 2659 336 2689 mune,
361 2646 452 2692 quod
476 2648 656 2696 Episcopus
679 2651 885 2696 exponebat,
913 2652 948 2692 in
960 2651 1100 2687 Ecclesia

214 2698 353 2733 verbum
367 2723 375 2731 .

265 2748 443 2796 quuid
467 2750 525 2789 sit,
551 2749 624 2785 data
646 2763 701 2794 per
714 2752 974 2787 Constantinum
991 2752 1100 2787 Eccle-

214 2799 268 2833 siis
282 2811 345 2843 pax
354 2799 456 2834 alium
469 2801 602 2835 induxit
614 2812 739 2836 morem
750 2827 759 2835 .
790 2803 896 2838 Lucet
908 2814 949 2836 ex
962 2801 1101 2844 synodo

216 2848 410 2885 Laodicenfi
424 2863 436 2883 .-
463 2851 556 2894 ,Quod
564 2860 678 2893 oportet
695 2851 758 2894 post
771 2851 934 2896 sermonem
945 2853 1101 2896 Episcopo·

215 2911 283 2938 rum
302 2905 406 2943 peragi
427 2906 586 2934 orationem
613 2902 896 2936 Catechumenorum
919 2928 927 2935 .
956 2903 1040 2947 Agit
1060 2903 1101 2938 de

215 2949 356 2984 secunda
367 2975 377 2990 ‚
406 2961 490 2992 quos
503 2950 688 2986 Substratos
698 2954 902 2996 appellamus
915 2976 927 2992 ‚
938 2951 1100 2987 Catechu-

214 3010 388 3034 menorum
409 3001 524 3035 classe·
549 3001 691 3036 Mandat
714 3003 763 3036 eis
787 3015 854 3038 non
873 3004 932 3040 nisi
957 3003 1027 3046 post
1042 3004 1100 3037 ser-

214 3061 350 3085 monem
362 3050 518 3094 Episcopi
540 3050 687 3095 impendi
709 3053 780 3087 suas
798 3053 964 3088 orationes
986 3064 1024 3086 ac
1035 3065 1100 3088 ma·

214 3110 275 3135 nus
287 3100 512 3143 impositiones
526 3125 537 3141 ,
563 3111 662 3145 atque
675 3101 721 3136 ita
734 3103 889 3146 supponit
912 3103 998 3147 ipsos
1011 3102 1099 3137 disto

213 3151 352 3185 fermoni
365 3150 518 3186 adfuisse.
545 3150 665 3196 Longe
677 3152 772 3186 aliter
782 3153 897 3188 statuit
918 3153 960 3187 de
973 3152 1098 3188 haereti-

214 3200 281 3234 cis:
307 3202 403 3245 ,Qued
414 3211 471 3233 non
482 3209 614 3244 oporteat
638 3201 788 3236 baeretici:
809 3204 986 3243 concedere,
1011 3212 1044 3236 ut
1066 3209 1099 3237 tn

214 3250 331 3282 domum
343 3255 399 3284 Del
411 3252 640 3295 ingrediantur,
660 3249 730 3292 filu
753 3251 860 3295 haerefi
876 3261 1094 3295 permaneant.

212 3299 398 3334 pertinaces
421 3301 501 3346 ergo
524 3300 690 3336 haereticos
712 3313 772 3336 nec
793 3302 835 3337 ad
846 3302 1017 3346 publicum
1030 3304 1098 3338 Dei

212 3349 351 3384 verbum
362 3349 573 3385 admittebat.
600 3351 688 3386 istud
702 3353 794 3388 enim
815 3352 913 3389 fiebat
936 3353 971 3388 in
985 3353 1107 3389 Eccle-'

263 3400 271 3420 ἶ
313 3396 420 3438 Christ.
436 3403 514 3442 Lupi
525 3406 623 3444 Opera
646 3405 680 3435 Τ.
694 3404 753 3435 tx.

1158 256 1202 290 sia
1214 279 1223 287 .
1248 254 1342 289 Hinc
1354 253 1454 299 longe
1464 252 1576 289 minus
1594 253 1849 294 admittebantur
1859 259 1962 303 Judaei
1974 268 2034 298 aue

1157 305 1311 352 gentiles.
1338 305 1522 339 Haereticos
1536 314 1647 340 tamen
1662 316 1731 340 non
1742 306 1867 343 dudum
1878 312 1947 354 post
1957 312 2038 347 fuis.

1157 357 1188 391 se
1209 353 1402 401 generaliter
1420 355 1598 397 admissos,
1625 355 1712 390 lucet
1730 366 1774 390 ex
1788 355 1960 399 Responsis
1970 363 2036 397 cg.

1157 405 1290 441 tholicis
1301 403 1475 440 Timothei
1487 404 1683 440 patriarchae
1693 405 1911 440 Alexandrini
1924 431 1932 440 .
1943 408 2037 446 Atia.

1157 467 1218 491 nos
1235 456 1270 489 dc
1291 454 1373 490 alios
1395 456 1526 499 quosvis
1545 479 1558 496 ‚
1583 456 1661 490 licet
1683 467 1779 501 agere
1805 457 2037 500 poenitentiam

1156 506 1189 540 &
1208 503 1347 539 haerefim
1371 505 1476 540 vitare
1496 517 1567 541 non
1589 507 1803 550 profiteantur
1823 529 1835 546 ,
1860 507 1995 541 mandat
2016 507 2038 541 ὲ

1158 554 1224 590 sola
1235 554 1407 590 oblatione
1429 556 1624 591 &oratione
1635 557 1756 600 expelli
1775 567 1855 590 cum
1874 555 2040 591 Catechu·

1157 606 1278 647 menis,
1306 605 1448 649 ideoque
1468 606 1555 649 ipsos
1575 606 1706 640 admitti
1727 604 1768 640 ad
1787 606 1941 650 Episcopi
1960 618 2040 641 con-

1158 657 1308 690 cionem.
1336 655 1502 699 Loquitur
1523 655 1567 690 de
1580 655 1952 701 constantinopolitana
1965 681 1977 696 ,
2002 657 2039 690 &

1157 704 1437 740 omniThtacurn
1463 705 1630 740 Ecclesia.
1657 705 1810 741 Eundem
1839 716 1965 740 morem
1993 706 2043 740 vi-

1158 756 1261 800 guisse
1271 755 1358 799 apud
1371 755 1722 800 Antiochenosliquet
1741 768 1783 791 ex
1807 756 1925 790 Sansto
1936 756 2040 800 Joan-

1160 817 1200 839 ne
1213 803 1454 848 chrysostomo
1467 830 1475 838 .
1502 806 1771 840 Catechumenos
1783 806 1920 841 adfuisse
1931 806 2042 850 palam
2055 791 2176 821 'roffi‘

1157 855 1201 888 est
1213 866 1253 888 ex
1263 856 1331 898 ejus
1342 857 1492 891 sermone
1513 857 1547 890 in
1559 856 1704 891 Domini
1715 855 1972 899 Praecursorem3
1997 867 2043 889 ex

1158 905 1296 939 secunda
1320 905 1387 949 ejus
1407 905 1547 941 homilia
1569 907 1612 941 de
1632 905 1955 951 incomprehenfibili
1975 904 2044 941 Dei

1157 965 1269 988 natura
1290 955 1378 990 lucet
1407 956 1544 991 adfuisse
1567 956 1733 991 haereticos
1754 957 1936 991 Anomaeos
1957 978 1967 989 .
1994 956 2047 989 At

1158 1006 1234 1038 vero
1255 1005 1289 1038 in
1306 1005 1408 1049 prima
1429 1007 1521 1049 super
1543 1005 1757 1050 Apostolicos
1780 1007 1882 1041 Actus
1905 1004 2045 1040 homilia
2058 1025 2177 1057 'rom-²-

1156 1055 1316 1089 declamat
1334 1053 1375 1089 ad
1397 1056 1580 1100 gentilem:
1609 1058 1704 1101 ‚Quod
1720 1054 1751 1098 fi
1769 1056 1868 1090 adbuc
1892 1056 2047 1100 ambigis,

1155 1116 1197 1137 an
1208 1104 1342 1145 Christus
1362 1103 1398 1145 fit
1415 1108 1517 1146 Deus,
1537 1106 1618 1146 stato
1639 1106 1721 1147 forts
1734 1130 1745 1146 ,
1772 1118 1809 1140 ne
1820 1110 1951 1139 Divinos
1979 1108 2048 1139 ser·

1157 1165 1256 1187 mones
1279 1155 1388 1187 audias
1414 1178 1426 1194 ,
1453 1166 1530 1188 neve
1555 1155 1681 1197 tetpfism
1706 1161 1785 1188 inter
1810 1155 2047 1189 Catechumenos

1157 1210 1361 1238 numeraveris
1372 1229 1381 1236 .
1393 1203 1571 1238 Manifeste
1581 1204 1721 1240 affirmat
1732 1204 1873 1249 gentiles
1884 1217 1954 1239 non
1970 1203 2050 1239 fuis·

1159 1256 1191 1288 se
1212 1254 1384 1288 admissos.

1208 1304 1335 1338 Eadem
1348 1305 1454 1339 forma
1472 1314 1552 1339 tunc
1572 1303 1680 1349 viguit
1693 1304 1728 1339 in
1744 1305 1839 1339 Italia
1850 1327 1858 1336 .
1885 1305 1991 1339 Lucet
2005 1314 2055 1339 ex

1159 1354 1267 1388 Sancti
1291 1354 1458 1388 Ambrosii
1483 1354 1620 1397 epistola
1642 1355 1683 1388 ad
1703 1356 1846 1388 sororem
1870 1353 1940 1396 eius
1961 1355 2051 1388 Mar-

1160 1403 1332 1439 eellinam:
1364 1403 1429 1443 Post
1453 1403 1591 1437 lectiones
1614 1413 1706 1446 atque
1727 1404 1905 1438 Tractatum
1925 1404 2050 1444 dimiffis
2066 1403 2203 1445 sspistae·

1160 1453 1389 1487 Catechuments
1412 1477 1423 1493 ,
1450 1453 1611 1492 symbolum
1629 1454 1779 1497 aliquibus
1802 1453 2050 1497 Competenttbus

1158 1510 1192 1537 in
1213 1503 1390 1545 Baptisterit
1411 1503 1571 1537 tradebam
1585 1503 1734 1545 Basilica.
1760 1504 1889 1546 Lucide‘
1907 1504 2050 1539 affirmat

1161 1565 1228 1587 non
1241 1553 1326 1586 solos
1339 1553 1577 1596 Competentes
1588 1578 1599 1595 ‚
1625 1553 1679 1587 sed
1691 1565 1808 1588 omnes
1830 1553 1975 1588 omnino
1985 1554 2052 1587 Ca-

1160 1601 1376 1637 techumenos
1400 1603 1587 1647 Episcopali
1612 1602 1785 1637 Tractatui
1803 1629 1814 1645 ‚
1842 1605 1895 1639 seu
1915 1602 2053 1646 publico

1159 1653 1198 1687 ad
1211 1653 1371 1696 populum
1391 1652 1492 1687 verbo
1515 1653 1671 1688 adfuisse.
1701 1653 1813 1688 Etiam
1836 1665 1895 1698 pro
1909 1653 2052 1688 Gallica-

1160 1714 1202 1737 na
1225 1703 1368 1736 Ecclesia
1392 1703 1503 1737 statuit
1525 1704 1629 1746 prima
1653 1704 1848 1738 Arausicana
1869 1703 2051 1746 Synodus:

1161 1754 1338 1795 Evangelia
1353 1753 1490 1793 deinceps
1498 1753 1620 1794 placuit
1638 1752 1869 1787 catechumeni:
1888 1755 1946 1797 legt
1966 1752 2055 1795 apud
2068 1755 2140 1786 Can.
2158 1752 2208 1783 18-

1159 1813 1258 1835 omnes
1267 1801 1428 1841 nostrarum
1452 1807 1680 1842 provinciarum
1694 1802 1854 1843 Ecclest‘aes.
1887 1802 1939 1835 Eo
1949 1802 2052 1847 igitur

1159 1852 1263 1893 usque
1283 1850 1432 1894 quaedam
1454 1850 1639 1884 Galliarum
1669 1851 1820 1885 Ecclefiae
1846 1851 1958 1886 statim
1980 1851 2053 1895 post

1162 1902 1280 1935 [edium
1307 1900 1511 1944 Apostolum
1537 1900 1732 1943 expulerant
1758 1900 2052 1942 Catechumenos,

1161 1950 1309 1992 adeoque
1321 1959 1379 1982 nec
1390 1949 1587 1982 admiserant
1609 1949 1650 1983 ad
1666 1949 1820 1993 Episcopi
1831 1951 2028 1985 concionem
2039 1976 2051 1984 .

1161 1999 1256 2045 Qin
1279 1998 1314 2031 &
1326 1997 1383 2031 diu
1397 1996 1469 2040 post
1495 1996 1581 2032 hanc
1593 1999 1767 2042 synodum
1792 2000 1910 2043 scripsit
1928 2001 1963 2035 in
1975 2012 2053 2044 ope-

1162 2059 1195 2081 re
1207 2046 1248 2081 de
1259 2047 1398 2081 Divinis
1408 2046 1528 2081 officiis
1540 2047 1729 2082 Amalarius
1740 2049 1956 2084 Fortunatus:
1975 2055 2052 2084 Con-

1159 2095 1284 2141 suetudo
1306 2096 1401 2137 nostra
1422 2107 1523 2139 tenet,
1557 2107 1591 2132 ut
1613 2099 1847 2134 Catechumenos
1868 2101 2049 2143 repellamus
2067 2097 2127 2130 Lib.
2154 2106 2184 2135 3·

1163 2149 1235 2181 ante*
1257 2149 1464 2192 Evangeltum
1482 2171 1490 2179 .
1518 2147 1651 2192 Nempe
1674 2149 1844 2186 laudatum
1873 2152 2052 2187 Canonem
2066 2148 2128 2180 ωΡ·
2141 2143 2189 2178 3⁶4

1164 2197 1304 2232 necdum
1331 2198 1505 2233 admiserat
1532 2197 1677 2234 Ecclesia
1699 2223 1712 2241 ‚
1745 2212 1803 2237 aut
1829 2202 1941 2237 omnis
1967 2202 2054 2237 forte

1163 2247 1367 2282 Trevirensis
1382 2247 1558 2285 Provincia
1570 2246 1596 2292 ,'
1607 2249 1643 2284 in
1663 2261 1727 2293 qua
1740 2251 1929 2286 Amalarius
1952 2253 2054 2287 credi·
2105 2291 2110 2303 l

1163 2306 1215 2332 tur
1226 2297 1389 2333 docuisse.
1416 2298 1464 2333 At
1477 2300 1554 2335 vero
1566 2300 1724 2336 Africana
1737 2302 1881 2336 Ecclesia
1901 2303 1937 2336 in
1960 2313 2056 2346 quar-

1162 2357 1196 2382 ta
1217 2347 1464 2393 Carthaginensi
1485 2350 1623 2393 synodo
1643 2351 1708 2386 fuit
1734 2351 1836 2397 longe
1858 2351 2027 2387 liberalior
2041 2365 2055 2386 .-

1165 2396 1328 2440 Episcopus
1350 2401 1464 2432 nullum
1479 2400 1637 2442 prohibeat
1659 2403 1778 2446 ingredi
1803 2401 1960 2443 Ecclesiam
1980 2425 1991 2441 ,
2019 2404 2057 2437 <5-

1163 2449 1270 2483 audt're
1284 2449 1414 2483 Verbum
1427 2452 1485 2483 Det
1495 2473 1506 2489 ,
1526 2450 1592 2492 five
1597 2454 1740 2495 gentilem
1751 2476 1762 2493 ,
1782 2450 1845 2492 sive
1858 2451 2055 2496 baereneum;

1159 2498 1224 2542 five
1232 2499 1406 2544 Judaeum,
1432 2499 1523 2544 usque
1545 2503 1590 2534 ad
1607 2502 1723 2544 Mzffltm
1747 2501 2054 2536 Catechumenorum.

1166 2549 1217 2584 Εό
1244 2549 1344 2593 igitur
1366 2550 1468 2594 usque
1491 2551 1554 2585 soli
1577 2550 1817 2586 Catechumeni
1837 2550 2057 2588 admitteban-

1163 2609 1215 2633 tur
1239 2623 1247 2630 .
1286 2600 1369 2634 Haec
1395 2601 1552 2643 Synodus
1578 2600 1709 2636 admisit
1735 2600 1837 2637 etiam
1864 2600 2058 2647 haereticot,

1165 2648 1309 2693 Judaeos,
1338 2659 1435 2693 atque
1447 2650 1615 2685 Gentiles.

1212 2698 1364 2734 Canonis
1387 2699 1508 2735 author
1532 2701 1662 2736 videtur
1676 2702 1771 2736 fuisse
1791 2704 1926 2737 Sanctus
1937 2701 2055 2745 Augu·

1163 2749 1264 2783 stinus
1274 2775 1281 2782 .
1310 2749 1446 2783 Etenim
1467 2750 1503 2783 iu
1515 2749 1583 2791 ejus
1596 2752 1662 2784 vita
1682 2750 1792 2784 scribit
1804 2751 1937 2785 Sanctus
1952 2751 2055 2785 Posu-

1163 2801 1236 2834 dius
1261 2811 1270 2831 ι
1298 2797 1406 2831 Libros
1433 2798 1587 2842 Augustini
1606 2798 1672 2840 five
1696 2799 1859 2833 Traaatus
1880 2823 1892 2839 ,
1917 2800 2054 2834 mtrabili

1166 2853 1220 2883 Det
1231 2853 1338 2893 gratia
1342 2850 1554 2891 procedentes,
1582 2848 1737 2888 instrudos
1762 2855 1842 2882 omn}
1861 2854 1989 2883 rationis
2008 2861 2053 2884 co-

1161 2907 1215 2943 pia
1240 2907 1331 2942 atque
1351 2897 1534 2932 authoritate
1555 2900 1714 2932 Sacrarum
1726 2900 1972 2941 scripturarum,
1998 2899 2058 2942 ipss

1163 2960 1274 2994 quoque
1286 2952 1427 2983 Haerettet
1436 2956 1639 2983 concurrentes
1663 2960 1728 2982 cum
1742 2948 1910 2983 catholtess
1936 2954 2054 2994 ingenti

1164 3002 1271 3034 ardore
1296 2997 1464 3034 audiebant
1489 3023 1497 3032 .
1524 2998 1778 3034 Concurrebant
1812 3000 1913 3035 etiam
1939 2999 2054 3034 Mani-

1163 3049 1244 3085 chaei
1257 3074 1264 3082 .
1296 3048 1549 3084 Concurrebant
1562 3047 1808 3084 clandestine&
1823 3061 1878 3094 per
1888 3049 2054 3092 obreptio·

1164 3112 1239 3135 nem
1256 3125 1264 3133 .
1291 3100 1428 3135 Etenim
1449 3099 1570 3134 Canon
1585 3123 1596 3138 ‚
1622 3100 1679 3143 qui
1698 3099 1830 3140 nullos,
1858 3100 1916 3133 nisi
1928 3098 2057 3144 Catho-

1163 3151 1262 3185 licam
1285 3149 1450 3195 Regulam
1472 3149 1630 3193 professos
1658 3158 1735 3184 ante
1757 3159 1908 3193 portam,
1935 3146 2051 3183 admit-

1164 3201 1253 3236 tebat
1274 3199 1316 3234 ad
1334 3199 1514 3245 ingressum
1535 3198 1678 3234 Bafilicae
1693 3223 1704 3239 ‚
1732 3198 1779 3233 est
1800 3199 1892 3243 supra
1915 3197 2053 3245 demon-

1164 3252 1278 3287 stratus
1302 3250 1440 3295 viguisse
1461 3249 1495 3282 in
1519 3248 1634 3283 Africa
1649 3274 1657 3281 .
1685 3248 1796 3284 Etiam
1811 3248 1898 3293 apud
1911 3248 2051 3284 Donati-

1165 3301 1244 3336 stas.
1271 3299 1327 3335 Ob
1340 3298 1523 3334 istiusmodi
1544 3299 1784 3333 clancularium
1808 3299 1919 3334 nescio
1937 3297 2050 3340 cujus,

1164 3361 1261 3397 quem
1272 3349 1504 3395 corrigendum
1516 3349 1659 3395 elegerat
1676 3349 1801 3387 Divina
1817 3348 1946 3395 gratia,
1975 3348 2049 3388 Ma-

1677 3399 1708 3434 E
1731 3409 1752 3435 e
1953 3398 2005 3433 ni-
