2346 3724
718 140 1309 187 Cavrzns·

68 203 80 222 s
224 225 276 257 tus
291 222 416 265 percuffi
434 219 591 253 interirent
612 242 620 250 .
649 220 734 253 Unde
756 219 892 259 Synodali
914 222 1036 253 Decreta
1052 217 1108 262 sub

225 273 417 307 anathemate
442 268 482 309 est
488 277 670 312 praeceptum
682 293 693 309 ‚
714 279 750 303 ut
764 272 884 305 Canon
895 268 1048 312 deinceps
1062 269 1109 303 di-

226 333 351 357 ceretur
363 318 482 355 secreto
495 344 507 360 ,
533 330 632 364 atque
644 321 688 355 ita
701 320 837 363 mystica
848 319 905 354 illa
919 318 1013 353 verba
1025 319 1042 353 a
1055 330 1109 362 po·

226 374 308 417 pulo
321 382 388 405 non
411 369 621 404 audirentur.
646 370 752 417 Qiod
774 370 880 414 ipsum
903 369 939 402 in
963 368 1049 404 libro
1067 368 1108 403 de

99 457 111 462 „
227 418 366 457 Divinis
386 420 517 455 Officiis
539 420 634 455 refert
647 419 789 456 Albinus
803 420 963 459 Flaccus,
987 417 1109 454 addens

82 466 157 517 Cap.
167 491 212 515 40-
229 472 426 509 sacrosansta
438 470 492 505 illa
505 471 602 505 verba
613 495 625 512 ,
651 470 732 505 dum
747 470 868 505 Canon
881 469 963 504 olim
975 470 1041 504 alta
1055 481 1111 504 vo-

92 522 166 568 qap.
189 531 212 549 ¹·
229 533 267 556 ce
287 522 467 560 diceretur,
492 521 605 565 passim
630 531 685 564 per
706 519 795 555 vicos
810 521 845 555 δε
869 521 991 564 plateas
1013 520 1107 554 fuisse

91 563 166 629 βξ·
189 569 213 593 7’
228 571 401 606 decantata
412 573 430 605 a
444 571 573 615 populis
585 596 597 613 ,
621 581 719 614 atque
733 570 779 605 ita
798 582 866 606 non
877 571 990 614 parum
1003 571 1112 605 viluis-

92 603 157 677 Iplar'.
185 612 215 670 26'
229 623 276 657 se.
308 621 419 655 Refert
437 620 696 655 &Innocentius
718 621 831 656 tertius
851 622 888 656 in
909 621 1007 655 tertio
1025 619 1112 654 libro

92 688 209 718 cap.13.
228 672 271 707 de
292 672 460 707 Sacrificio
471 671 595 712 Miffae,
623 670 704 704 &in
727 671 876 706 Ecclefiae
897 671 1029 715 speculo
1042 670 1113 704 Hu-

227 735 275 769 go
288 722 478 757 Victorinus
489 746 501 763 ,
522 721 705 766 adjungens
718 721 751 756 in
765 733 863 766 opere
875 721 917 755 de
929 722 1114 756 Sacramen-

228 775 289 807 tis:
318 774 456 815 ‚Quidam
475 771 647 813 existimant
672 771 766 806 verba
786 773 855 810 illa,
883 783 952 814 quae
975 772 1019 803 ad
1028 770 1112 813 confi-

224 824 367 857 ciendam
382 821 603 863 Eucharistiam
622 821 757 863 instituta
775 821 849 865 sunt
866 845 877 862 ,
902 824 923 854 ἰι
934 831 1114 864 quacumque

225 871 353 916 persona
372 897 383 914 ‚
403 872 468 913 five
486 878 519 906 in
539 883 717 915 quocumque
739 873 798 906 loco
818 897 829 913 ,
857 874 891 906 Θ
912 872 1114 914 qualicumque

226 929 391 957 intentione
410 921 502 966 super
510 930 624 965 panem
641 924 675 956 (5
688 928 794 958 vinum
811 923 955 965 prolata,
981 921 1115 962 effeHum

227 972 455 1016 consecutionis
478 974 513 1007 Θ
521 970 768 1016 sanHificationis
788 971 916 1006 babere.
942 971 1055 1005 Etiam
1074 970 1115 1004 de

228 1023 341 1058 nescio
363 1021 483 1068 quibus
508 1023 556 1056 sui
583 1023 686 1056 saeculi
714 1021 915 1056 Doctoribus
940 1018 1050 1054 scribit
1072 1019 1112 1054 ad

92 1066 144 1102 ΕΡ·
164 1069 213 1102 ⁶3·
228 1073 427 1107 Lendonem
448 1072 678 1120 Presbyterum
704 1071 840 1105 Sanetus
859 1070 920 1104 lvo
933 1068 1114 1114 Episcopus

206 1161 210 1166 ,
227 1122 437 1156 Carnutensis
449 1133 459 1152 z
487 1124 601 1153 Dicunt
611 1118 807 1164 quascumque
823 1118 970 1163 personas
987 1144 1000 1161 ,
1022 1125 1115 1154 etiam

221 1170 345 1217 sacrum
355 1172 499 1204 Ordinem
513 1182 571 1203 non
581 1169 725 1205 babentes
734 1196 747 1212 ,
772 1170 867 1205 verba
882 1174 1039 1204 Dominlca
1048 1179 1115 1213 pro·

220 1221 360 1265 serentes
378 1245 389 1262 ,
415 1222 607 1253 Sacramenta
634 1222 749 1254 Altaris
766 1244 777 1261 ‚
803 1222 959 1255 &caetera
976 1218 1117 1263 Ecclefia-

223 1272 297 1313 stica
321 1274 513 1305 Sacramenta
530 1271 605 1314 poffe
628 1271 762 1314 conficere
776 1296 788 1313 ,
812 1272 847 1306 &
859 1268 1022 1315 salubriter
1043 1276 1115 1304 acci·

228 1321 380 1367 mentibus
398 1320 564 1360 ministrare
582 1346 589 1354 .
628 1321 720 1367 Ergo
744 1321 833 1363 quod
858 1321 965 1364 quivis
988 1321 1115 1361 fidelis,

228 1372 307 1406 licet
330 1382 399 1405 non
413 1372 572 1406 exercitio
593 1371 627 1405 &
641 1371 812 1406 functione
825 1396 838 1412 ‚
862 1371 931 1415 jure
950 1382 1059 1406 tamen
1082 1372 1116 1406 &

227 1422 364 1456 radicali
389 1421 656 1462 consecratione,
682 1422 737 1456 cui
758 1421 877 1465 qumvis
899 1422 986 1456 sacra
1001 1421 1113 1458 munia

226 1472 361 1517 poffunt
374 1471 504 1516 injungi
517 1497 527 1513 ,
553 1471 591 1506 fit
602 1472 780 1513 sacerdos,
804 1471 938 1507 videtur
949 1472 1012 1508 effe
1031 1473 1115 1508 anti·

1426 138 1571 194 XLI.
1893 148 1991 205 355

1172 230 1236 262 qua
1258 216 1509 254 Catholicorum
1535 219 1718 257 Doctorum
1739 223 1919 267 sententia,
1948 227 2053 263 adeo-r

1173 280 1236 312 que
1262 269 1341 304 hinc
1366 269 1538 305 adversum
1563 266 1732 304 haereticos
1757 285 1826 307 nou
1853 277 1941 319 posse
1968 290 2052 323 pra:-

1171 319 1284 353 scribi.

1221 369 1419 413 Respondeo
1444 372 1603 406 Doctores
1624 368 1702 404 istos
1722 368 1764 404 ab
1777 369 1924 416 Hugone
1936 376 2055 413 Victo.

1171 420 1246 454 rino
1260 420 1430 464 imperitos
1442 446 1453 463 ‚
1477 422 1495 456 a
1507 422 1623 457 Sancto
1641 420 1744 454 lvone
1762 422 1916 465 appellati
1936 426 2052 470 simpli.

1173 481 1246 511 ces,
1273 470 1378 507 immd
1400 472 1509 506 forsan
1535 470 1571 506 δε
1591 469 1758 514 duplices,
1784 471 1886 515 &qui
1907 475 2053 510 nesciant

1174 520 1214 555 de
1230 520 1349 564 quibus
1373 530 1494 566 negent
1511 521 1561 556 vel
1573 522 1754 555 affirment.
1784 520 1951 556 Videntur
1961 524 2054 559 fuisse

1173 571 1259 605 Petri
1281 570 1396 605 Bruffii
1411 595 1422 612 ‚
1448 572 1596 606 &totius
1617 572 1879 607 Sacramentariae
1902 570 2055 609 haereseos

1174 620 1388 656 praecursores
1403 646 1410 654 .
1440 621 1547 656 Unde
1569 623 1603 657 δε
1616 620 1797 656 sacerdotii
1809 622 2055 659 Sacramentum

1172 681 1288 705 contra
1298 671 1374 705 illos
1387 671 1533 706 laudatus
1545 672 1604 706 lvo
1616 671 1786 716 insigniter
1808 672 1843 707 ἀ
1853 673 1970 708 acriter
1979 686 2057 708 cou-

1174 722 1298 755 firmat.
1326 722 1456 756 Factam
1478 720 1518 755 ad
1542 722 1736 756 rusticorum
1761 722 1857 757 verba
1883 726 2058 758 consecra-

1174 771 1300 805 tionem
1312 796 1324 813 ,
1336 783 1403 807 non
1416 771 1588 806 verborum
1600 772 1711 806 virtuti
1724 796 1735 812 ,
1748 772 1801 806 sed
1813 772 1946 808 Divino
1953 784 2062 808 teme·-

1175 821 1301 855 ritatem
1324 822 1505 857 vindicanti
1519 822 1678 857 miraculo
1697 822 2059 867 affignantAlcuinuS,

1175 871 1346 906 Honorius
1359 871 1664 917 Augustodunensis
1676 896 1688 914 ,
1715 872 1907 907 Vistorinus
1927 873 2035 919 Hugo
2047 896 2060 914 ,

1176 933 1214 955 ac
1234 921 1394 957 Pontifex
1419 923 1634 958 Innocentius
1653 948 1661 956 .
1698 922 1743 956 Et
1769 933 1885 958 omnes
1913 923 2060 958 addunt:

1177 975 1308 1014 Fertur,
1333 983 1410 1014 aut,
1437 975 1571 1008 Dicitur.
1598 970 1700 1020 Qod
1715 984 1789 1007 non·
1807 973 1843 1008 fit
1854 977 1909 1007 'res
1925 973 2063 1008 authen-

1178 1021 1242 1057 tica
1259 1049 1265 1055 .
1281 1022 1385 1057 Sancti
1397 1022 1573 1066 Sophronii
1588 1024 1703 1058 relatio
1714 1022 1842 1058 videtur
1852 1023 2041 1059 authentica
2053 1048 2063 1056 .

1177 1072 1239 1106 Sed
1261 1072 1295 1106 <Sc
1311 1074 1377 1116 ipse
1389 1074 1530 1108 affirmat
1552 1075 1643 1108 illam
1665 1074 1727 1108 esse
1746 1074 2059 1109 extraordinariam.

1178 1121 1222 1155 Et
1232 1121 1311 1156 hinc
1323 1124 1411 1157 lucet
1422 1125 1521 1157 etiam
1543 1123 1562 1157 a
1574 1124 1687 1158 Graeca
1708 1124 1793 1158 olim
1805 1123 1948 1158 Ecclesia
1961 1125 2065 1159 sacro-

1179 1173 1322 1206 sanstam
1348 1172 1586 1207 Eucharistiam
1613 1184 1682 1207 non
1706 1184 1762 1216 per
1774 1174 1885 1207 nescio
1906 1185 1985 1217 quas
1997 1184 2066 1217 pre·

1178 1233 1252 1262 cess,
1279 1222 1425 1257 laudatas
1442 1220 1543 1257 hodie
1562 1222 1582 1255 ὲ
1594 1222 1753 1258 Photiani
1770 1221 1951 1257 schismatis
1962 1224 2066 1257 Secta-

1178 1271 1323 1313 toribus,
1354 1272 1409 1307 sed
1432 1284 1487 1316 per
1508 1272 1665 1307 solemnia
1677 1271 1800 1307 Christi
1815 1272 1956 1306 Domini
1969 1271 2065 1307 verba

1178 1322 1270 1358 fuiffe
1290 1323 1511 1357 consecratam
1527 1348 1534 1355 .
1562 1323 1631 1357 Cur
1653 1333 1786 1363 autem,
1810 1322 1988 1366 &quaudo
2014 1334 2067 1357 ea·

1177 1373 1252 1407 dem
1265 1373 1360 1407 verba
1381 1373 1415 1407 ὅ(
1427 1383 1562 1409 omnem
1576 1372 1682 1406 Miffae
1693 1373 1866 1407 Canonem
1877 1397 1887 1413 ,
1914 1383 1985 1416 quae
1996 1372 2064 1406 alt&

1178 1423 1303 1458 dudum
1323 1422 1409 1456 dixit
1423 1446 1434 1462 ‚
1461 1421 1582 1457 secieto
1602 1423 1710 1457 dicere
1721 1423 1855 1467 coeperit
1869 1423 1989 1458 Latina
2002 1422 2066 1458 Ec?

1177 1473 1269 1509 clefia
1280 1497 1292 1515 ,
1318 1484 1388 1508 non
1400 1472 1446 1508 est
1459 1470 1554 1517 hujus
1577 1473 1643 1508 loci
1657 1500 1665 1508 .

479 1644 558 1728 C
679 1570 760 1728 A
875 1644 940 1726 P
1052 1645 1138 1728 U
1249 1636 1335 1726 T
1517 1641 1820 1728 XLII.

321 1812 648 1893 Studium
685 1808 774 1907 est
808 1811 1147 1890 haereticis
1171 1807 1313 1912 sua
1354 1810 1643 1887 variare
1676 1870 1695 1899 ‚
1757 1806 1976 1908 nostra

898 1920 1319 2026 subvertere
1363 1983 1380 1998 .

486 2088 526 2135 E
560 2085 684 2136 verbi
739 2101 886 2135 autem
920 2085 1296 2136 administratione
1329 2083 1439 2152 quid
1475 2084 1659 2145 dicam3
1707 2086 1808 2136 cum
1846 2085 1978 2136 hodie
2014 2087 2067 2136 fit

523 2159 749 2220 negotium
777 2157 864 2205 illis
892 2188 905 2212 ‚
945 2174 1034 2206 non
1060 2157 1260 2205 ethnicos
1293 2155 1583 2206 convertendi
1608 2193 1622 2218 ‚
1658 2154 1729 2206 sed
1755 2157 1926 2207 nostros
1949 2176 2074 2214 ever-

232 2088 485 2315 D
523 2225 693 2276 tendi?
728 2231 856 2276 Hanc
885 2230 1021 2291 magis
1057 2228 1242 2290 gloriam
1268 2242 1451 2294 captant
1489 2263 1503 2288 ,
1561 2227 1593 2275 fi
1629 2226 1839 2277 stantibus
1874 2230 2073 2289 ruinam,

524 2313 614 2347 non
648 2297 679 2346 si
702 2297 947 2363 jacentibus
974 2299 1266 2347 elevationem
1292 2312 1527 2365 operentur
1554 2317 1566 2345 ε
1606 2301 1828 2359 Quoniam
1866 2304 1909 2349 δε
1936 2297 2074 2367 ipsum

229 2385 341 2436 opus
375 2385 524 2418 eorum
561 2386 651 2418 non
684 2368 742 2417 de
771 2368 844 2417 suo
880 2371 1059 2436 proprio
1093 2368 1277 2417 aedificio
1303 2371 1452 2428 venit,
1489 2366 1560 2416 sed
1594 2367 1650 2418 de
1687 2371 1887 2419 veritatis
1912 2369 2075 2418 destru-

228 2442 374 2489 ‹stione
408 2438 550 2487 nostra
584 2437 820 2494 suffodiunr
849 2475 861 2498 ‚
898 2455 947 2488 ut
984 2438 1056 2487 sua
1091 2437 1335 2487 aedificent.
1372 2437 1533 2488 Adime
1559 2439 1647 2487 illis
1682 2441 1820 2503 legem
1859 2440 2006 2508 Moysi
2030 2443 2076 2489 &

230 2510 474 2576 Prophetas
497 2546 512 2569 ‚
547 2513 593 2558 &
622 2511 884 2558 Creatorem
911 2514 1058 2559 Deum
1090 2530 1103 2568 3
1140 2507 1459 2558 accusationem
1484 2509 1636 2576 eloqui
1665 2527 1755 2559 non
1780 2510 1969 2560 habent.
2006 2513 2078 2559 Ita

227 2575 280 2628 fit
304 2594 354 2627 ut
372 2581 517 2628 ruinas
544 2578 717 2629 facilius
741 2597 975 2648 operentur
999 2580 1203 2628 stantium
1229 2578 1510 2628 aedificiorum
1527 2616 1542 2640 ‚
1577 2578 1715 2646 quam
1744 2581 2076 2630 exstrufflonem

228 2650 481 2716 jacentium
510 2651 758 2698 ruinarum.
795 2649 868 2699 Ad
903 2652 994 2699 haec
1032 2648 1304 2699 solummodo
1333 2667 1468 2717 opera
1492 2651 1712 2711 humiles,
1746 2655 1791 2700 δε
1816 2650 1996 2709 blandi,
2032 2654 2078 2698 &

229 2718 418 2767 submiffi
443 2735 578 2782 agunt
594 2756 606 2767 .
642 2721 863 2769 Caeterum
886 2757 898 2781 2
921 2738 1004 2769 nec
1031 2719 1114 2770 suis
1128 2719 1375 2769 Praelidibus
1397 2722 1692 2770 reverentiam
1719 2734 1977 2768 moverunt.
2015 2721 2076 2769 Et

230 2791 316 2839 hoc
331 2788 392 2839 est
406 2826 420 2851 ,
456 2788 578 2857 quod
592 2788 820 2840 schismata
833 2790 948 2859 apud
965 2792 1188 2841 haereticos
1203 2789 1293 2840 fere
1307 2807 1396 2839 non
1412 2787 1535 2838 sunt:
1573 2791 1692 2850 Quia
1723 2788 1826 2836 cum
1843 2788 1924 2837 smt
1937 2825 1950 2848 ‚
1985 2806 2075 2838 non

228 2875 409 2928 parent.
446 2858 635 2910 Schisma
646 2861 709 2910 est
723 2863 864 2910 unitas
881 2861 1003 2929 ipsis.
1042 2859 1281 2911 Mentiorfi
1301 2877 1390 2909 non
1406 2862 1542 2909 etiam
1568 2856 1595 2907 a
1612 2860 1771 2921 regulis
1803 2856 1886 2908 suis
1901 2860 2075 2909 variant

230 2936 350 2981 inter
375 2928 417 2979 se
438 2967 453 2991 ,
486 2930 594 2980 dum
623 2931 913 2999 unusquisque
938 2931 1120 2999 proinde
1144 2931 1219 2981 suo
1250 2931 1435 2980 arbitrio
1461 2928 1713 2979 modulatur
1745 2946 1845 2997 quae
1873 2932 2075 2997 accepit,

229 2999 601 3069 quemadmodum
613 3000 671 3052 de
683 3001 759 3051 suo
769 3002 954 3051 arbitrio
967 3019 1018 3051 ea
1032 3001 1276 3071 composuit
1291 3003 1365 3051 ille
1378 3003 1457 3068 qui
1472 2999 1655 3050 tradidit
1671 3035 1684 3047 .
1720 2998 1932 3063 Agnoscit
1948 3016 2075 3049 natu-

229 3089 324 3123 ram
341 3070 458 3121 suam
479 3108 493 3133 ,
528 3078 573 3122 δι
589 3075 769 3136 originis
783 3072 863 3122 suae
877 3091 1066 3134 morem,
1100 3072 1322 3143 profestus
1339 3074 1426 3121 rei.
1461 3070 1587 3120 Idem
1604 3071 1732 3120 licuit
1748 3072 2075 3121 Valentinianis

232 3141 359 3208 quod
380 3143 645 3205 Valentino,
684 3142 799 3193 idem
822 3146 1102 3194 Marcionitis
1124 3142 1247 3213 quod
1268 3144 1512 3203 Marcioni,
1546 3140 1604 3190 de
1627 3139 1701 3190 suo
1731 3140 1914 3191 arbitrio
1943 3140 2075 3190 fidem

234 3212 465 3264 innovare.
503 3215 712 3281 Denique
725 3215 899 3282 penitus
913 3212 1106 3282 inspectae
1129 3213 1301 3264 haereses
1316 3231 1469 3264 omnes
1487 3215 1535 3261 in
1564 3213 1714 3260 multis
1740 3231 1841 3261 cum
1860 3212 2070 3261 Authori·

234 3281 316 3330 bus
330 3281 411 3334 su’is
422 3283 716 3335 dissentientes
733 3284 1136 3353 deprehenduntur.
1174 3287 1375 3352 Plerique
1404 3302 1484 3332 nec
1514 3282 1727 3332 Ecclefias
1755 3283 1943 3344 habent,
1978 3282 2066 3331 fine

233 3366 399 3416 matre,
434 3355 521 3406 sine
546 3353 668 3418 sede,
705 3356 801 3406 orbi
827 3355 942 3418 fide,
977 3373 1172 3407 extorres
1198 3356 1319 3424 quasi
1355 3353 1494 3416 Abii,
1530 3348 1619 3406 late
1648 3368 1896 3417 vagantur.

1887 3423 2028 3459 SCHO·
