2346 3724
194 731 257 765 Lib.
267 741 294 770 3.

193 780 259 811 cap·
269 783 293 805 ι·

167 1285 242 1324 capa
263 1294 289 1324 ς.

383 211 403 242 1
452 207 482 241 2

310 287 381 311 non
392 211 455 312 elie
466 274 625 316 flaccus,
651 273 705 309 sed
727 272 981 319 dispensatorias
993 274 1059 309 Dei
1082 283 1202 308 voces:

311 325 483 361 Christum
497 324 684 361 Dominum
699 349 710 365 ,
738 323 818 360 dum
844 326 884 359 ad
898 326 1059 369 populum
1072 325 1208 359 concio-

310 374 448 412 nabatur
461 400 472 418 ‚
493 376 662 411 strmones
676 376 750 410 suos
761 375 954 418 dispensasse
979 375 1150 420 injudicio
1163 375 1204 409 acl

308 426 378 470 ejus
389 436 520 468 captum
534 450 544 465 ,
556 426 724 461 veritatem
739 437 848 460 autern
862 426 896 460 in
910 428 1033 460 secreto
1041 424 1204 463 tradidisse

308 476 386 512 solis
397 476 470 511 fidis
486 475 655 519 Apostolis
668 499 679 515 ,
705 475 899 519 sapientiam
926 477 1011 514 inter
1027 476 1201 520 perferstos.

307 525 354 562 Et
364 525 545 570 Apostolos
558 525 654 561 fuiffe
665 526 741 560 usos
751 525 864 561 eadem
875 528 1066 561 aeconomia
1079 551 1090 567 ‚
1114 525 1203 559 ideo-

307 588 372 623 que
386 575 620 611 authenticam
644 576 813 611 veritatem
838 588 892 620 per
915 578 1069 612 secretum
1094 576 1198 611 tradu-

307 637 380 663 cem
392 626 554 663 deveniffe
565 625 606 660 ad
620 627 705 660 solos
719 627 876 669 spiritales
886 627 1064 662 Gnosticos
1073 651 1080 659 .

355 677 410 711 De
433 676 485 710 his
505 676 666 711 sceleratis
689 676 914 712 nebulonibus
941 679 1045 722 pergit
1057 678 1193 712 &naus

307 727 466 765 lrenaeus:
494 728 570 760 Cum
591 726 740 770 ascripto
752 727 819 761 Dei
841 727 940 762 verbo
969 731 1012 761 ad
1023 739 1089 761 eam
1101 729 1197 760 tradi-

306 783 416 813 tionem
428 801 439 818 ,
464 788 531 819 quae
543 776 582 818 est
602 776 643 810 ab
664 776 802 818 apostolis
815 802 825 817 ,
850 789 918 820 quae
939 787 996 819 per
1016 775 1195 822 succeffiones

306 827 548 871 Presbyter-orum
568 832 601 859 in
624 826 759 866 Ecclefiis
794 827 970 869 custoditur,
994 836 1194 869 provocamus

304 889 356 913 eos
369 902 381 918 ,
406 876 610 921 adversantur
620 878 802 917 traditum,
830 879 961 912 dicentes
980 877 1014 921 se
1033 890 1090 912 non
1095 876 1192 921 solum

306 927 490 970 Presbyteris
500 952 513 969 ,
536 926 593 970 sed
604 933 695 961 enam
710 927 847 969 apostolis
870 927 1027 968 existentes
1035 928 1196 973 sapientio-

304 986 377 1017 res,
400 976 544 1020 synceram
564 977 706 1021 invemffe
716 983 896 1019 veritatem,
924 978 1067 1020 Apostolos
1097 988 1197 1013 autem

304 1024 485 1073 admlscuiffi·
510 1038 546 1060 ea
556 1050 566 1066 ‚
590 1038 657 1070 quae
675 1026 749 1070 sunt
773 1029 880 1072 legalia
896 1052 907 1067 ,
936 1030 1107 1063 salvatoris
1131 1040 1197 1062 ver-

303 1076 352 1111 bis
367 1101 378 1117 ,
405 1079 439 1111 (ar
454 1088 511 1110 non
516 1075 612 1122 solum
627 1077 769 1119 Apostolos
783 1103 793 1119 ,
811 1077 873 1122 sed
883 1083 977 1112 etiam
988 1079 1085 1123 ipsum
1098 1083 1196 1112 Domi-

303 1137 377 1161 num
388 1129 473 1163 modo
485 1128 603 1170 quidem
616 1128 636 1159 ἃ
647 1131 808 1171 Demiurgo
817 1153 827 1168 ‚
844 1129 928 1162 modo
941 1138 1041 1164 autem
1052 1132 1074 1164 ἃ
1087 1130 1198 1164 Medie-

304 1184 367 1211 tate
378 1201 390 1217 ,
415 1178 567 1211 interdum
579 1186 679 1212 autem
692 1179 713 1211 ἃ
728 1181 748 1211 5
749 1185 908 1213 ummitate
915 1179 1014 1223 ficiffe
1021 1179 1171 1224 sermones
1187 1205 1198 1221 ,

299 1225 335 1270 se
347 1229 419 1275 vero
430 1227 602 1261 indubitate*
611 1252 622 1268 ,
653 1229 932 1264 &incontaminate
945 1255 957 1271 ,
983 1232 1017 1264 ὁ·
1023 1230 1139 1274 sincere
1146 1230 1195 1263 ab·

298 1275 468 1322 sconditum
485 1275 560 1322 scire
577 1274 735 1320 mysterium
759 1303 766 1310 .
795 1280 838 1312 Et
864 1280 989 1315 rursum
1012 1292 1020 1312 :
1050 1282 1198 1320 Vamffimi

302 1327 446 1368 Sopbistae
469 1328 574 1361 dicunt
586 1351 598 1367 ‚
624 1333 765 1371 quoniam
780 1329 901 1371 Apostoll
921 1341 985 1363 cum
1005 1329 1145 1372 hypocrisi
1146 1330 1200 1371 fe·

300 1382 395 1410 cerins
428 1375 594 1409 dominam
618 1400 629 1415 ‚
650 1376 812 1419 secundum
836 1380 1027 1412 audientium
1049 1385 1196 1420 capacita-

300 1434 362 1460 tem
375 1448 386 1465 ,
412 1427 448 1459 (9⁸.
459 1423 651 1469 responsiones
663 1424 819 1466 secundum
831 1433 1083 1471 interrogantium
1091 1427 1194 1471 ficspl-

300 1480 398 1511 ciones
411 1500 422 1516 ,
448 1480 532 1509 corcis
550 1485 626 1509 coeca
637 1474 865 1518 confabulantes
877 1502 889 1519 ,
909 1477 1071 1521 secundum
1081 1483 1196 1512 coecita-

300 1534 362 1560 tem
373 1525 504 1569 ipsorum
517 1549 528 1566 ,
554 1526 762 1570 languentibus
784 1536 882 1561 autem
900 1526 1061 1571 secundum
1075 1529 1196 1572 languo-

300 1587 350 1609 res
374 1574 501 1621 ipsorum
515 1599 526 1615 ,
550 1575 584 1610 Θ
596 1576 766 1610 errantibus
780 1575 940 1620 secundum
967 1590 1094 1612 errorem
1119 1577 1193 1621 ipso·

300 1637 391 1667 rum,
417 1627 451 1661 &s
478 1627 657 1669 putantibus
681 1630 877 1672 Demiurgum
891 1627 988 1671 solum
1011 1631 1062 1672 effe
1074 1632 1170 1665 Deum
1183 1653 1194 1669 ‚

300 1675 379 1710 bunc
405 1677 594 1720 annuntiaffe
606 1702 615 1711 .
642 1682 703 1714 His
727 1679 799 1712 vero
810 1683 864 1720 qui
881 1679 1124 1712 innominabilem
1136 1681 1193 1711 Pa-

300 1735 378 1761 mm
390 1732 514 1770 capiunt
529 1751 540 1767 ‚
563 1736 620 1769 per
625 1727 787 1769 parabolas
809 1731 843 1764 (θ’
855 1734 1021 1772 aemgmata
1037 1734 1195 1763 inenarra-

300 1775 360 1809 bile
378 1775 477 1819 fecisse
488 1777 649 1818 mysterium
662 1801 674 1817 ,
702 1782 752 1811 uti
771 1789 830 1810 nun
843 1780 1092 1820 quemadmodum
1105 1779 1195 1812 babes

299 1823 366 1869 ipsa
379 1831 498 1860 veritas
513 1849 525 1865 ‚
548 1824 607 1870 sed
628 1826 661 1860 (τ,
671 1831 703 1859 in
716 1825 869 1869 hypocrlfi,
896 1830 931 1862 e·
944 1830 1196 1871 quemadmodum

298 1874 437 1919 capiebat
449 1873 649 1919 unusquisque
663 1900 674 1916 ‚
703 1878 862 1911 Dominum
884 1879 919 1911 (9
933 1878 1076 1920 Apostolos
1089 1877 1197 1922 edidis-

142 1934 220 1974 >c2p.
234 1943 280 1967 ra.
293 1923 328 1970 se
354 1924 553 1971 magisterium
566 1948 574 1959 .
601 1923 647 1959 Et
673 1925 818 1961 iterum:
846 1928 984 1972 ,Quidam
1005 1930 1195 1972 impudentes

298 1985 398 2009 eorum
417 1975 546 2015 duunt,
570 1976 657 2017 apud
671 1977 809 2022 Judaeos
829 1986 1042 2020 praeconaentes
1070 1978 1196 2021 Apostoli

300 2035 359 2059 non
377 2031 522 2067 poterant
543 2023 671 2059 almum
694 2031 738 2061 eis
751 2031 852 2062 Deum
874 2035 1062 2063 annuntiare
1080 2037 1196 2071 prater

299 2086 366 2111 eum
378 2097 389 2115 ,
416 2077 468 2118 qui
486 2072 618 2107 creditus
633 2072 744 2115 fueras
761 2078 807 2111 ,ab
827 2083 872 2112 eis
885 2103 893 2114 .
921 2078 1084 2114 Scelerata
1106 2079 1197 2113 Secta

300 2125 437 2171 garrivit
457 2123 490 2159 ἃ
503 2122 694 2158 Dominum
715 2124 750 2158 δε
763 2126 944 2169 Apostolos
965 2129 1111 2164 docuiffe
1133 2128 1196 2164 ad·

301 2176 392 2210 versa
413 2174 446 2208 ὅ(
471 2172 558 2209 varia
585 2173 673 2210 varie
687 2186 699 2207 .-
727 2173 808 2209 Alia
830 2177 916 2219 apud
939 2178 1072 2220 plebem-
1086 2178 1198 2213 &ani-

302 2226 426 2266 males‚
454 2223 518 2258 alia
530 2221 615 2267 apud
629 2224 786 2267 spiritales
803 2236 843 2260 ac
853 2225 1010 2261 dilectos.
1037 2228 1198 2262 Docuifl‘e

302 2276 340 2311 in
354 2274 517 2320 hypocrisi
540 2274 574 2308 ὅ(
586 2272 760 2309 mendacio
774 2299 782 2308 .
809 2275 1024 2312 Horrendam
1037 2289 1076 2313 ac
1088 2277 1200 2313 nefan-

302 2327 382 2361 dam
393 2323 626 2369 blasphemiam
640 2324 791 2360 laudatus
800 2325 935 2361 Irenaeus
958 2328 1147 2370 frequenter
1156 2338 1196 2362 ac

303 2385 456 2422 potenter
479 2384 667 2419 expugnat.
695 2374 861 2412 Adversus
879 2375 1018 2411 eandem
1038 2374 1094 2410 hic
1114 2376 1197 2410 dicit

303 2425 557 2463 Tertullianus:
585 2426 644 2459 Sed
652 2431 802 2469 imprimis
814 2425 865 2460 boe
871 2435 1023 2470 propono,
1049 2428 1106 2461 &a
1137 2424 1197 2459 Af-

305 2478 413 2513 firmat
428 2475 493 2511 hoc
506 2476 569 2510 effe
582 2500 594 2516 ,
618 2487 656 2510 ac
669 2477 731 2510 effe
745 2476 863 2512 debere
875 2477 1019 2522 primum
1031 2489 1068 2511 ac
1081 2475 1199 2519 palma-

308 2539 343 2563 re
355 2528 432 2562 fidei
444 2526 643 2563 Christiana:
652 2525 904 2563 fundamentum
915 2553 926 2569 ,
947 2527 1038 2571 quod
1054 2525 1202 2562 Christus

311 2578 484 2613 Dominus
494 2589 532 2611 ac
543 2577 613 2621 ejus
632 2577 786 2620 Apostoli
805 2578 1000 2613 tradiderint
1025 2589 1123 2612 unam
1133 2588 1204 2612 om·

310 2628 410 2663 nibus
421 2628 520 2662 fidem
531 2652 542 2668 ‚
569 2628 704 2663 unicam
715 2627 869 2662 dodrinae
878 2628 1024 2672 regulam
1037 2652 1049 2669 ‚
1071 2628 1202 2662 unicam

312 2689 437 2714 aeternae
447 2679 521 2713 vitas
542 2677 629 2712 viam
642 2699 654 2716 ,
675 2678 717 2711 de
740 2678 875 2721 quaillc
895 2678 1036 2713 dixerit:
1064 2681 1203 2722 ,ρων-ἑτι

311 2732 545 2764 ermanus.
578 2728 622 2763 Et
643 2726 726 2762 {edic
748 2728 831 2763 dicit
846 2728 1040 2773 Septimius.
1069 2728 1202 2763 Etenim

311 2779 399 2815 hanc
417 2779 516 2814 fidem
528 2803 540 2820 ,
566 2778 715 2823 regulam
727 2802 738 2819 ‚
764 2779 799 2813 δε
813 2778 899 2813 viam
910 2778 1068 2814 debemus
1081 2779 1124 2814 ab
1136 2778 1203 2823 ipsa

316 2830 443 2864 Divina
461 2829 637 2873 Majestate
652 2853 664 2869 ,
691 2840 790 2873 quam
812 2830 920 2864 videre
941 2830 1112 2873 &alloqui
1133 2841 1203 2863 non

313 2881 502 2923 possumus,
523 2879 704 2915 addiscere:
732 2879 910 2915 Addiscere
930 2879 1088 2916 debemus
1099 2878 1140 2915 ab
1154 2880 1203 2914 ln·

249 2939 252 2941 ’
315 2939 469 2970 camare,
496 2941 594 2974 atque
614 2931 660 2965 ita
681 2929 798 2964 vifibili
821 2929 936 2965 Verbo
957 2955 969 2972 ,
995 2929 1087 2975 quod
1110 2930 1166 2964 illa
1185 2930 1204 2964 ὲ

315 2977 415 3014 Patre
427 2990 558 3023 accepta
569 2979 685 3015 debuit
695 2978 818 3015 tradere
832 2982 860 3014 A
865 2981 1002 3025 postolis
1011 3006 1023 3021 ‚
1049 2990 1149 3025 atque
1160 2980 1204 3014 ita

315 3040 374 3074 per
384 3029 612 3077 continuatam
627 3032 868 3075 Episcoporum
893 3032 926 3065 ἀ
938 3031 1124 3065 Οοᾶοωω
1137 3031 1204 3064 suc-

315 3079 494 3114 cessionem
517 3080 680 3116 traducere
700 3082 857 3117 adfinem
877 3082 977 3124 usq-ue
988 3081 1124 3114 mundi.
1149 3081 1204 3115 Sic

315 3128 461 3174 explebit
472 3130 565 3163 suum
579 3132 765 3172 promifl'um
777 3145 787 3165 z
817 3134 894 3164 Ecce
914 3142 963 3174 ego
986 3128 1132 3173 vobiscum
1137 3128 1204 3173 sum

317 3179 408 3225 usque
428 3180 474 3212 ad
482 3177 756 3222 consummationem
773 3180 897 3226 saculi.
923 3181 956 3215 Si
967 3191 1047 3224 ergo
1065 3191 1122 3214 aut
1136 3180 1204 3224 ipse

316 3229 504 3275 Apostolos
516 3254 528 3270 ,
554 3239 611 3264 aut
624 3231 777 3274 Apostoli
803 3231 906 3266 uosin
930 3230 1091 3273 hypocrisi
1109 3231 1143 3264 &
1155 3230 1203 3265 di-

318 3280 522 3323 spensatorio
544 3280 717 3316 mendacio
731 3282 903 3317 docuerint
916 3304 929 3321 ,
953 3280 1066 3314 frustra
1077 3279 1202 3315 dietum

319 3328 384 3364 ost:
416 3333 543 3372 ,Querite
566 3331 772 3366 &invenietis
787 3357 795 3365 .

371 3378 530 3415 Notanda
554 3381 630 3416 sunt
654 3381 748 3416 verba
760 3395 771 3415 :
797 3383 891 3425 ,Quod
903 3382 1017 3416 credere
1027 3383 1144 3416 omnino
1155 3382 1202 3416 de-

1242 2925 1257 3580 l

867 191 1586 238 S'cnonron

1266 271 1358 306 beant
1376 278 1532 306 nationes.
1562 270 1741 308 Affirmant
1762 272 1987 311 authenticam
2003 275 2154 322 Evange-

1267 323 1304 357 lii
1320 325 1486 357 veritatem
1501 333 1568 357 non
1581 321 1661 357 huic
1669 334 1725 357 aut
1737 325 1789 358 isti
1801 325 1932 363 homini
1943 353 1954 367 ,
1983 328 2058 361 vico
2069 352 2080 368 ‚
2092 340 2156 372 op·

1266 374 1369 424 pido,
1394 373 1533 410 Civitati
1556 397 1567 412 ,
1593 371 1798 415 Provinciae,
1824 386 1879 410 aut
1901 378 2041 412 Dioecefi
2056 402 2067 419 ,
2093 377 2153 413 sed.

1263 424 1388 459 cunetis
1409 425 1510 458 totius
1533 422 1651 457 mundi
1664 424 1854 460 nationibus
1875 428 1938 461 esse
1950 428 1968 460 a
1980 429 2056 463 Deo
2068 429 2151 462 mis-

1264 474 1351 515 sam,
1377 486 1415 508 ac
1440 485 1553 508 earum
1576 474 1671 507 saluti
1697 475 1902 510 necessariam
1925 501 1936 518 ,
1964 478 2107 523 ideoque
2128 477 2153 512 ὲ

1263 523 1417 559 Domino
1436 535 1493 559 aut
1514 523 1688 567 Apostolis
1710 535 1778 558 non
1795 525 1931 568 potuisse
1953 528 2037 562 tradi
2062 527 2153 563 vario

1262 574 1349 616 apud
1368 575 1474 609 varios
1489 599 1500 615 ,
1528 574 1582 609 sed
1603 575 1735 608 unicam
1761 576 1927 621 originem
1952 589 1990 613 ac
2012 579 2154 613 unicum

1262 624 1427 659 traducem
1447 626 1542 660 fuiffe
1562 625 1613 658 illi
1635 624 1809 660 necessaria
1832 651 1840 659 .
1883 627 2068 675 Qiomodo
2092 629 2154 662 iste

1261 672 1430 709 thesaurus
1442 675 1538 718 poffit
1548 675 1643 710 aliter
1657 675 1756 720 quaeri
1768 700 1779 715 ,
1806 687 1862 711 aut
1875 675 2018 712 inveniri
2029 681 2043 713 ἒ
2054 678 2155 713 Chri-

1261 724 1302 759 sti
1316 725 1458 759 Domini
1472 725 1608 770 Dogma
1619 738 1689 760 non
1700 725 1808 760 fuisset
1819 725 1879 760 Est
1894 727 1939 761 est
1951 728 2056 769 ‚Non
2069 741 2153 770 non,

1262 775 1316 809 sed
1332 776 1384 809 Est
1400 776 1434 809 <Sc
1449 775 1529 810 Non
1543 800 1554 817 ,
1581 786 1682 820 atque
1706 777 1753 811 ita
1767 787 1881 811 verum
1893 778 2001 812 fuiffet
2014 780 2152 813 scelera-

1261 835 1332 859 tum
1351 825 1586 861 Gnosticorum
1601 826 1738 872 Dogma
1750 852 1761 868 ,
1789 828 1880 872 quod
1902 828 2002 871 garrit
2016 838 2152 862 omnem

1259 873 1399 910 haerefim
1421 887 1477 910 aut
1501 877 1672 912 veritatem
1697 879 1759 911 esse
1773 901 1785 918 ,
1810 888 1868 911 aut
1887 877 1974 911 certe
2001 879 2154 913 Domino

1260 926 1337 960 Deo
1359 938 1429 961 non
1448 927 1634 971 displicere.
1666 927 1753 962 Vera
1775 928 1883 962 fuiflet
1898 927 2153 972 &quorundam

1261 974 1362 1011 hodie
1373 976 1628 1011 Calvinistarum
1656 978 1804 1018 insania,
1831 989 1902 1022 quae
1913 979 2014 1022 garrit
2036 990 2155 1013 unum»

1261 1037 1425 1070 quemque
1436 1027 1603 1071 justificari
1615 1028 1650 1062 &
1661 1027 1775 1063 salvari
1790 1028 1825 1062 in
1838 1028 1982 1071 qualibet
1992 1028 2057 1063 fide
2069 1054 2080 1070 ‚
2097 1029 2153 1067 sea

1262 1077 1421 1120 opinione
1433 1104 1440 1110 .
1467 1078 1548 1121 Haec
1561 1077 1656 1112 verba
1669 1102 1680 1118 ,
1708 1083 1803 1112 Unius
1820 1082 1912 1121 porro
1926 1080 1960 1113 (5
1971 1084 2043 1112 certi
2065 1078 2153 1112 Indi-

1260 1133 1319 1161 tuti
1340 1128 1461 1170 infinita
1480 1127 1626 1170 inqulfitto
1649 1140 1709 1162 non
1725 1128 1822 1171 potest
1846 1130 1898 1171 effe
1914 1152 1922 1160 .
1952 1129 2153 1173 Diriguntur

1262 1177 1360 1213 etiam
1383 1178 1417 1212 in
1435 1178 1638 1218 Gnosticos,
1659 1178 1720 1222 qui
1744 1176 1868 1214 Christi
1881 1179 2025 1213 Domini
2039 1179 2155 1212 Evan-

1260 1228 1351 1273 gelio
1374 1252 1385 1269 ,
1409 1228 1443 1262 dc
1468 1240 1524 1272 per
1548 1229 1654 1272 ipsum
1674 1229 1850 1272 praedicato
1873 1229 2059 1274 Demiurgo
2079 1239 2155 1265 non

1260 1279 1412 1312 contenti
1432 1301 1443 1317 ‚
1471 1280 1595 1321 semper
1618 1289 1724 1313 novos
1745 1279 1780 1316 dt
1802 1277 1934 1313 altiores
1960 1279 2154 1322 quaefierunt

1261 1327 1395 1361 AEones
1418 1337 1455 1360 ac
1468 1329 1584 1367 Deos,
1610 1337 1708 1370 atque
1731 1328 1778 1362 ita
1797 1327 1976 1371 fimplicem
1999 1328 2155 1371 supremae

1261 1376 1462 1410 Divinitatis
1490 1374 1698 1419 Majestatem
1718 1375 1861 1411 infinitis
1896 1376 2156 1412 circumvolvere

1264 1425 1445 1461 mendaciis
1466 1426 1540 1460 sunt
1564 1424 1745 1461 machinati
1770 1451 1779 1458 .
1805 1426 1848 1461 Et
1867 1426 2026 1461 omnibus
2050 1427 2155 1471 ipsam

1263 1475 1395 1511 reddere
1417 1474 1667 1510 inacceffibilem
1686 1501 1693 1509 .
1722 1476 1817 1510 Hinc
1838 1477 1944 1521 pergit
1955 1477 2152 1520 Septimius:

1261 1527 1468 1569 ,Quaerendum
1487 1525 1526 1565 est
1550 1527 1638 1560 donec
1658 1530 1801 1559 invenias
1816 1550 1829 1558 .
1855 1526 1989 1571 Utique
2010 1528 2153 1571 primum

1260 1575 1466 1619 Principium
1491 1601 1498 1608 .
1529 1579 1575 1609 Er
1600 1577 1803 1617 credendum,
1828 1577 1879 1610 ubi
1904 1582 2078 1611 invenem.
2105 1581 2153 1611 Et

1263 1624 1343 1659 nibil
1366 1627 1494 1667 amplius
1519 1649 1531 1664 ‚
1558 1624 1614 1666 nlfi
1634 1625 1850 1667 custodiendum
1876 1628 1956 1669 quod
1977 1627 2152 1668 credidisti.

1260 1679 1342 1712 Dum
1364 1674 1414 1708 hoc
1434 1674 1554 1718 insuper
1576 1677 1682 1709 credas
1702 1677 1790 1710 aliud
1800 1688 1860 1709 non
1884 1676 2153 1718 effect-edendum,

1257 1727 1379 1767 ideoque
1392 1737 1443 1759 nec
1454 1725 1665 1768 requirendum
1677 1748 1690 1766 ,
1711 1726 1778 1759 cum
1797 1727 1834 1759 id
1843 1732 1998 1760 inveneris
2014 1728 2157 1764 &credas

1258 1778 1342 1809 deris
1357 1800 1368 1816 ,
1392 1777 1474 1818 quod
1483 1776 1522 1808 ab
1543 1787 1575 1809 eo
1596 1774 1759 1815 institutum
1770 1775 1828 1817 est,
1859 1779 1910 1820 qul
1928 1787 1987 1810 non
1999 1773 2155 1811 aliudnbn‘

1258 1827 1388 1860 mandat
1417 1827 1630 1868 inquirendum
1644 1849 1656 1865 ,
1682 1827 1877 1869 quumquod
1897 1826 2044 1869 institua.
2073 1826 2174 1871 Eius>

1258 1875 1358 1918 porro
1382 1875 1628 1910 fundamentale
1650 1874 1844 1910 Institutum
1866 1877 1911 1912 est
1923 1879 2049 1921 primus
2059 1878 2157 1920 Sym·
2176 1872 2179 1875 ”

1259 1924 1328 1960 boli
1350 1924 1525 1959 articulus:
1552 1924 1650 1957 Credo
1675 1928 1708 1955 in
1735 1934 1827 1956 unum
1838 1929 1952 1959 Deum.
1981 1926 2040 1961 Est
2065 1926 2155 1962 ade&

1258 1975 1502 2008 fundamentale
1514 1997 1525 2013 ,
1550 1983 1587 2006 ut
1603 1973 1767 2017 gloriosus
1784 1974 1915 2018 Martyr
1935 1975 2085 2018 Justinus
2107 1987 2155 2011 rc·

1259 2024 1308 2058 ete
1324 2023 1445 2058 dixerit
1465 2023 1495 2057 se
1518 2021 1652 2057 Christo
1675 2023 1830 2057 Domino
1838 2024 1899 2064 ..fi
1929 2024 2036 2068 plures
2059 2026 2156 2060 Deos

1260 2074 1453 2119 praedicaffet
1483 2097 1495 2114 ,
1533 2084 1602 2107 non
1624 2071 1717 2106 fuiffe
1739 2071 1942 2108 crediturum
1963 2098 1973 2106 .
2009 2072 2157 2111 Proinde

1260 2124 1357 2163 unica
1383 2124 1418 2159 in
1432 2122 1547 2158 Verbo
1570 2122 1747 2157 Incarnato
1761 2122 1932 2158 Divinitas
1956 2122 2157 2161 estabscoe-

1261 2226 1356 2268 possit
1375 2224 1483 2268 accipi
1500 2223 1722 2259 Dominicum
1747 2223 1885 2260 Diuum
1907 2237 1917 2258 ε
1950 2225 2094 2268 ,Quaerite
2114 2226 2155 2268 ,ΕΙ

1261 2279 1426 2310 invenietis
1445 2299 1453 2306 .
2154 2304 2156 2307 ,

1330 2428 1389 2471 De
1416 2419 1483 2469 hoc
1512 2420 1658 2488 quidem
1674 2422 1715 2487 fi
1739 2426 1802 2488 qui
1813 2422 1984 2485 dubitat,
1995 2434 2088 2471 (mc.

1314 2573 1424 2617 Hujus
1436 2571 1552 2607 mundi
1565 2582 1641 2617 ager
1651 2571 1696 2606 est
1709 2570 1893 2606 admodum
1904 2572 2011 2607 vastus
2023 2596 2031 2604 .
2053 2570 2155 2607 Hinc

1263 2623 1397 2668 quaestio
1417 2623 1460 2656 est
1475 2646 1486 2662 ,
1512 2623 1547 2657 in
1561 2633 1625 2666 qua
1647 2621 1716 2665 ejus
1737 2633 1827 2667 parte
1849 2621 2090 2657 thesaurusiste
2109 2622 2156 2656 ln·

1263 2682 1329 2708 teat
1343 2674 1360 2706 ἔ
1387 2674 1500 2721 Qam
1513 2673 1547 2707 in
1560 2673 1730 2717 regionem
1752 2674 1790 2708 lit
1803 2673 1846 2708 ad
1859 2673 1964 2716 ipsum
1986 2672 2156 2708 invenies»

1261 2722 1549 2759 duminstituenda
1562 2723 1744 2767 profestio?
1771 2722 1828 2758 An
1850 2723 1887 2758 in
1910 2722 2086 2766 abyssum,
2109 2732 2154 2757 un

1263 2776 1297 2810 in
1309 2774 1452 2809 coelum?
1481 2774 1524 2807 Et
1537 2773 1663 2807 Doctor
1679 2773 1871 2816 respondet:
1898 2773 2050 2814 Constabit
2058 2780 2153 2814 penes

1263 2838 1313 2860 nos
1325 2825 1375 2869 effe
1398 2826 1434 2858 ld
1444 2825 1524 2867 quod
1533 2826 1553 2856 ἃ
1566 2822 1682 2862 cbristo
1693 2823 1730 2864 est
1750 2823 1914 2864 institutum
1922 2848 1929 2855 .
1960 2822 2154 2868 Respondet

1262 2876 1325 2910 esse
1345 2877 1380 2910 in
1403 2885 1479 2910 toto
1498 2885 1654 2910 terrarum
1676 2873 1757 2908 orbe
1783 2888 1794 2908 .·
1823 2874 1951 2909 Verum
1972 2884 2040 2908 non
2066 2870 2154 2917 apud

1265 2926 1480 2961 Marcionitas
1493 2949 1504 2966 ‚
1523 2936 1583 2960 nec
1603 2924 1688 2968 apud
1703 2924 1960 2959 Valentinianos
1972 2949 1983 2964 ‚
1995 2934 2054 2957 nec
2065 2920 2153 2965 apud

1265 2976 1441 3012 Gnosticos
1453 2975 1535 3011 alios
1546 3000 1558 3017 ,
1585 2987 1646 3010 nec
1659 2974 1746 3018 apud
1769 2975 1855 3010 ullos
1876 2973 2044 3009 haereticos
2058 2995 2070 3012 ,
2097 2970 2153 3005 sed

1270 3027 1355 3071 apud
1366 3026 1577 3061 Catholicam
1605 3025 1784 3060 Ecclesiam
1798 3050 1810 3067 ,
1825 3036 1904 3069 quat
1925 3022 2112 3057 institutam
2133 3020 2153 3054 ὲ

1266 3077 1399 3113 Christo
1417 3077 1571 3112 Domino
1586 3077 1755 3111 veritatem
1777 3075 1885 3111 fida&
1900 3072 2068 3107 immobili
2083 3073 2155 3106 sue-
2182 3096 2186 3099 ⁴

1264 3128 1404 3163 cessione
1424 3126 1568 3163 custodit
1588 3150 1601 3167 ‚
1630 3125 1864 3172 praedicatsme
1885 3124 2094 3162 mutatione,
2119 3122 2155 3156 ὅ(

1264 3178 1418 3214 omnibus
1431 3179 1499 3212 fine
1509 3176 1635 3213 invidia
1660 3178 1766 3221 palam
1778 3174 2022 3209 communicat.
2050 3172 2155 3206 Hunc

1264 3228 1448 3265 thesaurum
1469 3229 1535 3272 ipsa
1563 3240 1618 3273 per
1638 3229 1711 3262 suos
1731 3225 1912 3269 Episcopus
1936 3223 1970 3257 δε
1992 3222 2155 3257 ῠοᾶοτεε

1265 3280 1418 3324 accepita
1431 3279 1495 3314 suis
1515 3278 1722 3322 Majoribus‚
1750 3274 1785 3309 hi
1808 3273 1826 3308 a
1842 3275 1905 3308 suis
1931 3272 2156 3307 Anteceffori-

1266 3328 1324 3363 bus
1336 3354 1348 3370 ‚
1373 3330 1409 3364 hi
1421 3329 1463 3364 ab
1474 3327 1645 3373 Apostolis
1657 3350 1672 3366 ‚
1691 3324 1848 3369 Apostoli
1859 3325 1876 3359 a
1889 3322 2042 3364 Christo,
2059 3321 2157 3357 Chri-

1266 3378 1333 3415 stus
1353 3379 1372 3414 a
1385 3381 1461 3416 Deo
1473 3403 1481 3414 .
1508 3379 1554 3414 Et
1572 3374 1800 3412 Tertullianus
1821 3374 1976 3421 adjungit
1993 3386 2002 3406 z
2032 3377 2155 3407 Interim

2063 3434 2102 3457 ese

1259 2175 1347 2210 ditus
1367 2176 1402 2208 in
1426 2173 1522 2217 hujus
1550 2173 1666 2209 mundi
1690 2183 1771 2218 agro
1797 2172 1964 2209 thesaurus
1980 2197 1992 2215 ,
2021 2173 2064 2209 de
2084 2184 2171 2217 quos
2216 2202 2222 2222 3
2251 2218 2256 2224 ,
