2346 3724
724 91 1319 138 CA‘Prrts

246 173 408 221 Jastita'vit
431 173 462 208 se
476 182 597 208 novum
610 169 809 216 prophetam
822 199 832 214 ,
858 173 1006 217 adeoque
1028 172 1062 207 ἀ
1076 184 1131 206 no·

250 236 326 260 vum
338 221 534 268 Apostolum
543 248 550 256 .
578 223 623 257 Et
635 223 785 258 adversus
800 222 976 258 Manichaei
989 223 1130 257 stultiffi-

247 284 336 310 ωιτη
349 275 527 310 vanitatem
552 274 673 316 scripfit
696 272 729 308 ih
754 275 838 309 libro
858 273 1006 309 adversus
1018 272 1132 307 funda-

114 326 190 366 Cap·
208 335 235 362 5·
248 325 349 360 menti
367 323 538 367 epistolam
551 324 681 358 Sanctus
702 324 924 369 Augustinus:
951 328 1026 356 Non
1048 324 1132 358 credo

247 374 331 416 ἕνα
343 374 394 418 effe
403 372 560 416 Apostolum
571 374 684 418 JESU
696 374 804 415 Christi
818 398 826 407 .
852 372 968 419 Exigit
990 371 1049 406 fibi
1061 385 1131 417 pro-

246 423 314 459 bari
342 425 438 458 istum
461 423 693 467 Apostolatum
715 450 727 467 ,
754 425 788 459 δε
807 423 914 468 ample
930 423 1132 458 demonstrat

247 486 317 509 non
331 476 417 518 poss'e
429 473 573 518 probari.
601 475 776 519 Septimius
797 486 853 519 per
874 474 1039 518 praesentia
1065 484 1132 508 ver-

247 523 287 558 ba
301 525 396 568 poffit
406 536 513 559 taxare
536 525 760 565 Montanum,
788 533 844 559 aut
869 524 1002 569 quosvis
1024 523 1057 558 id
1080 534 1133 569 ge-

247 574 309 609 nus
319 573 401 610 alios
414 574 602 610 fabulones.
630 574 804 621 Qidquid
822 575 881 615 fit,
907 574 1024 609 eodem
1037 585 1133 620 argu-

246 633 360 660 mento
381 625 482 659 utitur
508 625 660 660 adversus
683 625 893 659 Marcionem
918 625 954 659 in
984 624 1071 659 libro
1091 624 1133 659 de

110 674 186 714 Cap·
202 687 229 707 2.
246 687 345 709 carne
367 675 517 710 Christi.-
544 679 597 710 Tot
622 677 778 719 originalia
802 674 998 714 instrumenta
1023 673 1133 715 Christi

209 726 211 731 '
245 727 340 759 delere
353 729 484 759 Marcion
494 723 584 768 ausus
598 726 654 767 est.
680 729 736 758 Ex
757 736 837 769 qua,
862 736 909 758 oro
922 734 952 759 te
967 749 979 766 ,
1004 724 1131 759 auam·

195 779 197 782 ⁴
246 776 338 809 tate?
364 779 396 809 ,Π
409 775 561 818 Propheta
583 787 615 810 es
628 800 640 817 ,
663 782 842 819 praemintiae
859 776 981 818 aliquid
987 787 1002 818 ‚·
1021 773 1051 818 fi
1061 780 1134 818 Apo·

239 825 333 867 stolus
345 850 357 866 ,
379 829 516 869 praedica
531 825 671 869 public&
689 824 721 867 fi
739 825 914 868 apfflolicus
925 849 937 867 ,
965 835 1039 859 cum·
1057 829 1133 867 Apo·

239 874 325 915 stolis
338 874 441 920 J‘ent13
462 876 490 918 fi
506 877 627 909 tantum
648 873 835 915 Christianus
858 884 891 910 es
914 900 927 918 ,
949 877 1036 910 crede
1054 875 1136 918 quod

246 927 396 959 traditum
416 926 455 966 est
468 939 483 968 ;
503 925 623 967 finibit
639 924 756 966 istorum
779 937 811 959 es
824 949 836 966 ,
861 927 1111 959 meritam-verim
1121 948 1133 965 ,

246 984 373 1013 morere.
402 980 490 1009 Nam
510 977 545 1010 Θ
557 983 690 1008 mortuus
698 975 738 1016 est
751 999 762 1015 ,
784 981 839 1018 qui
862 985 921 1008 non
941 973 980 1015 est
993 973 1133 1014 Christia-

246 1036 305 1059 nus
319 1050 331 1066 ,
356 1037 414 1059 non
423 1027 568 1060 credendo
588 1026 822 1068 quodcreditum
835 1023 1019 1064 Christianos
1028 1022 1110 1066 facie
1125 1048 1133 1056 .

245 1075 514 1117 Affirmat'ipsum
526 1075 589 1107 effe
601 1074 747 1107 nostrum
760 1072 939 1117 apostatam
952 1099 963 1116 ,
989 1073 1132 1119 ideoque

245 1123 436 1157 nullatenus
452 1123 671 1167 Apostolum.
700 1122 813 1158 Etiam
829 1124 872 1158 de
886 1123 1081 1160 Novatiano
1091 1125 1131 1159 ad

245 1173 315 1217 ejus
334 1175 532 1209 Sestatorem
555 1171 835 1218 Symphorianum
850 1198 860 1215 ,
885 1174 1051 1209 dicentem
1064 1174 1133 1210 affi-

246 1223 334 1263 due,
360 1227 558 1257 Novariam:
573 1223 625 1257 boc
644 1225 742 1257 docuit
766 1226 801 1258 &²
819 1229 965 1267 praecepit
986 1248 998 1265 ‚
1025 1224 1134 1260 scribit

246 1274 381 1307 Sanetus
405 1273 567 1309 Pacianus
579 1274 761 1318 Episcopus
774 1274 1068 1309 Barchinonenfis:
1095 1279 1134 1307 At

108 1317 230 1356 Epist-3·
245 1324 369 1366 quando
386 1323 489 1365 frater
512 1348 522 1364 ‚
549 1322 696 1367 quibusve
720 1324 898 1366 temporibus
920 1326 934 1358 2
963 1324 1028 1366 post
1050 1328 1134 1359 Decii

247 1376 460 1415 Principatum
475 1397 486 1414 ,
511 1376 547 1407 id
572 1373 611 1414 est
632 1399 644 1415 ,
664 1373 729 1416 post
758 1383 902 1408 trecentos
922 1376 1015 1418 prope
1037 1386 1133 1409 annos

247 1426 413 1456 Dominicae
434 1425 592 1463 Paffionis.
620 1425 711 1467 ‚Quid
726 1434 792 1467 ergo
814 1433 885 1458 tunc
902 1423 1070 1466 Prophetas
1088 1424 1135 1468 se-

245 1479 332 1505 cutus
349 1472 389 1515 est
411 1496 423 1514 ,
448 1482 485 1505 ut
507 1472 728 1517 cata-Phryges
748 1496 759 1512 ,
787 1483 828 1505 an
853 1472 1058 1507 Philumenem
1078 1476 1133 1508 ali·

245 1532 358 1565 quam,
387 1530 421 1555 ut
434 1523 548 1564 Apelles
559 1547 571 1562 ,
597 1534 639 1555 an
660 1521 724 1564 ipse
743 1531 862 1556 tantum
884 1523 1077 1557 authoritatis
1089 1536 1134 1558 ac·

243 1573 349 1614 cepit?
375 1572 421 1607 Et
441 1572 594 1608 adversus
614 1572 800 1608 sceleratam
826 1571 1134 1617 Mahometipraedi·

243 1621 413 1656 tationem
423 1621 521 1657 habet
532 1624 566 1657 in
578 1623 848 1658 Ismaeliticarum
859 1622 1043 1658 fabularum
1058 1635 1134 1658 con-

243 1671 412 1706 futatione
438 1671 645 1708 Venerabilis
660 1673 863 1716 Euthymius
880 1672 1073 1708 Monachus
1082 1674 1134 1708 Zi-

101 1740 185 1780 (Ἀρ.
200 1751 229 1779 3·
243 1721 400 1766 gibenus:
429 1726 509 1756 Cum
527 1734 566 1757 ex
585 1724 743 1757 Saracenis
762 1727 922 1766 quaerimus
933 1748 945 1764 ,
972 1729 1024 1766 qui
1043 1723 1105 1765 fiat
1122 1748 1133 1765 ,

244 1781 280 1805 ut
289 1782 352 1804 cum
373 1771 430 1814 ipsi
451 1785 488 1806 ex
502 1776 654 1815 Praecepro
664 1772 827 1807 Mabometi
843 1773 924 1806 nibil
935 1772 997 1814 fine
1008 1773 1130 1813 testimo·

243 1826 294 1854 nio
315 1819 407 1865 nequo
422 1819 548 1864 facere,
566 1819 671 1865 *neque
694 1825 877 1862 amittere,
904 1834 998 1865 neque
1002 1822 1133 1865 probare

240 1868 357 1916 soleant
381 1893 397 1912 ,ι
413 1873 532 1906 ruitum
556 1872 753 1912 testimonium
773 1871 813 1905 ab
835 1873 934 1906 eodem
956 1878 1110 1916 exegerint
1123 1898 1133 1915 ,

242 1922 325 1965 quod
344 1925 428 1956 Deur
446 1921 550 1966 ipsum
571 1930 606 1955 ut
629 1921 812 1964 Prophetam
831 1923 972 1967 elegerit,
998 1924 1133 1967 quodque

241 1971 305 2015 ipse
330 1974 490 2006 Divinmcs
512 1972 594 2005 hanc
615 1972 784 2005 dominam
805 1978 950 2013 acceperit
971 1973 986 2005 ἲ
1013 1975 1132 2007 Pudore

240 2020 342 2063 fiaffufi
350 2021 541 2063 conticescunt·
550 2044 558 2053 .
587 2024 636 2055 Et
646 2031 699 2054 nos
710 2026 817 2053 iterum
838 2022 942 2054 contri?
953 2033 965 2053 .·
990 2024 1016 2053 0
1030 2021 1133 2064 absur-

245 2071 370 2110 diffimos
397 2079 452 2103 vos
464 2093 475 2110 ,
495 2071 673 2111 mulieress³3
694 2068 800 2113 servos
813 2094 824 2111 ,
844 2074 1009 2113 pecunias,
1031 2068 1132 2115 posses-

238 2118 333 2162 fiones
345 2143 356 2159 ,
384 2131 470 2168 canes
484 2118 686 2161 ‚aeditimo-um
703 2121 840 2161 animal,
860 2119 923 2162 fine
943 2120 1064 2162 testibus
1074 2132 1132 2155 non

239 2171 388 2213 poffldetis
400 2194 412 2210 ,
434 2169 530 2213 solum
541 2173 614 2203 vero
620 2169 714 2212 fidem
738 2172 774 2205 o·
784 2173 967 2212 Scripturam
990 2172 1064 2206 adeo
1071 2171 1133 2213 fine

244 2219 365 2260 testibus
376 2215 507 2254 tene'tir?
533 2218 679 2263 ,Quisquis
698 2226 781 2255 'enim
794 2231 938 2255 novorum
958 2223 1131 2265 dogmatum

243 2265 406 2314 apostolum
421 2267 486 2313 sese
509 2271 683 2311 venalem,
710 2269 767 2313 nisi
781 2271 933 2310 mtffionem
951 2271 1131 2313 probaverit

244 2317 434 2359 authentice,
454 2316 592 2363 selu-‘lor
610 2314 776 2367 *habendus
801 2319 858 2361 est,
881 2322 987 2364 populi
1016 2326 1134 2356 eircum-

240 2367 387 2412 scriptor,
404 2368 462 2411 fur
487 2369 633 2404 etlam.
664 2370 757 2403 Nam
779 2369 814 2403 δε
833 2370 921 2410 isto,
947 2371 996 2403 uti
1021 2380 1135 2414 poten-

244 2418 366 2452 tiffimo
380 2427 576 2463 argumento
594 2418 746 2453 adversus
771 2428 894 2453 novam
909 2418 1053 2454 Domini
1078 2431 1134 2456 no·

242 2466 421 2512 striJESU
443 2467 566 2503 Christi
588 2468 852 2512 praedicationem
876 2467 968 2503 firme
989 2479 1134 2506 armatos

244 2519 311 2552 sese
331 2517 538 2565 crediderunt
561 2518 677 2564 perfidi
703 2517 806 2563 judaei
829 2540 839 2551 .
863 2516 1009 2559 perfidi,
1035 2520 1129 2565 quod

243 2566 444 2609 authenticis
453 2568 648 2604 testimoniis
670 2568 972 2614 superabundanter
986 2572 1130 2606 conviffi

245 2618 286 2653 ad
299 2616 397 2653 fidem
408 2620 476 2653 no'n
485 2617 711 2654 emollirentur
721 2643 729 2654 .
757 2618 868 2655 Etiam
880 2620 1032 2656 Saraceni
1043 2622 1133 2657 vide·

246 2667 326 2702 bant
347 2676 578 2714 argumentum
599 2669 817 2712 concludere,
845 2669 988 2715 ideoque
1006 2669 1049 2705 ad
1060 2682 1131 2716 pro-

245 2716 386 2753 bandam
398 2718 580 2753 &ductoris
591 2720 639 2753 sui
651 2718 834 2755 mistionem
846 2722 1014 2755 finxerunt
1025 2720 1130 2757 Evan-

243 2768 385 2814 gelicam
405 2769 649 2804 attestationem
664 2792 675 2810 ,
699 2769 767 2806 hoec
788 2770 932 2805 Domini
956 2770 1131 2816 nostriJE-

242 2818 309 2853 SU
332 2816 458 2853 Christi
477 2819 571 2854 verba
598 2831 606 2852 z
632 2822 699 2865 Ego
716 2817 784 2863 sum
804 2822 861 2854 Dei
887 2820 1037 2863 Apostolus
1060 2831 1130 2856 ante

243 2878 301 2903 vos
313 2891 324 2910 ,
344 2869 476 2916 implens
489 2879 534 2903 ’σα
543 2879 609 2913 quae
633 2874 705 2905 ante
713 2882 761 2906 me
783 2877 816 2905 in
825 2872 886 2915 lege
902 2870 1129 2914 praeduqafue-

243 2926 340 2960 runt,
365 2920 401 2954 Θ
428 2925 572 2953 annuntio
596 2917 866 2965 vobir·apostolum
889 2930 1049 2955 venturum
1065 2920 1128 2965 post

244 2979 310 3009 me,
336 2972 379 3002 cui
399 2977 503 3002 nomen
520 2993 531 3010 ‚
558 2968 726 3005 Mahomet.
756 2972 826 3008 Uti
847 2971 1035 3006 Dominum
1060 2972 1128 3016 ΙΕ-

245 3018 353 3055 SUM
372 3020 391 3053 a
413 3019 503 3064 Lege
525 3018 764 3063 &Prophetis‚
789 3023 835 3056 ita
857 3022 952 3056 suum
976 3022 1127 3058 Sedusto-

245 3078 314 3104 rem
332 3068 351 3102 a
363 3070 514 3104 Domino
527 3065 640 3112 JESU
651 3069 808 3107 dixerunt
820 3072 1072 3116 praenuntiatum
1094 3074 1127 3107 ἃ

247 3120 440 3164 promissum
462 3117 689 3168 ..Respondet
717 3117 796 3168 vero
823 3121 973 3156 laudatus
995 3121 1127 3166 Euthy-

247 3170 351 3203 mius:
379 3169 504 3203 ubinam
524 3168 573 3203 hoc
586 3169 720 3210 cbristus
740 3172 911 3213 praedixit,
937 3180 992 3205 aut
1015 3178 1048 3204 in
1069 3182 1128 3215 qua

250 3221 404 3261 Scriptura
413 3221 430 3252 ,ἕ
457 3223 515 3253 Aut
529 3225 619 3265 igitur
633 3220 824 3260 demonstrem
841 3221 920 3255 banc
934 3223 970 3255 de
983 3221 1126 3257 Mahome-

250 3274 280 3301 ro
286 3269 508 3311 predidiionem
528 3276 560 3304 in
570 3272 670 3313 aliqua
687 3278 778 3314 parte
794 3271 950 3305 Divinitas
967 3271 1126 3316 inspirata-

96 2841 171 2883 Cap.
181 2855 229 2881 27·

1377 90 1620 138 *XXX.
1913 108 2006 155 255

1190 185 1257 208 rum
1270 175 1492 215 scripturarum
1499 172 1698 214 perscriptam
1707 175 1758 217 effe
1766 201 1776 215 ‚
1787 186 1840 210 aut
1849 177 1964 220 liquido
1972 178 2072 221 sciant

1191 224 1242 257 hoc
1253 229 1344 257 etiam
1354 222 1405 267 effe
1417 224 1624 261 mendacium,
1649 228 1894 271 quemadmodum
1913 229 2073 271 aliaipfius

1190 273 1349 318 dogmata.
1378 273 1505 307 Eodem
1530 273 1598 315 jure
1611 281 1672 306 nos
1695 284 1799 313 neque
1812 270 1992 313 Matrinum
2005 279 2075 313 Lu.

1191 325 1320 359 therum
1338 347 1350 364 ,
1376 334 1481 364 neque
1510 323 1672 366 Joannem
1707 322 1884 357 Calvinum
1911 328 2071 363 credimus

1179 376 1253 410 ,effe
1280 384 1385 408 novos
1407 375 1472 408 Dei
1505 373 1609 419 gratia
1636 372 1876 416 Evangelistas.
1906 374 2071 413 Volumus

1191 423 1381 460 authentica
1391 424 1591 458 documenta
1610 422 1743 457 Divinae
1767 422 1926 456 missionis
1940 448 1948 455 .
1974 427 2074 470 Qo-

1193 476 1293 517 usque
1317 471 1385 508 haec
1405 485 1474 508 non
1488 474 1655 514 videmus,
1680 470 1840 507 habemus
1863 483 1921 508 eos
1931 484 1989 516 pro
2001 476 2076 510 furi-

1194 524 1254 559 bus
1273 524 1503 559 &latronibus
1515 549 1523 558 .
1998 556 2002 562 ,

1244 574 1402 609 Notanda
1425 575 1499 609 sunt
1523 574 1640 609 verba:
1667 577 1779 608 Dicant
1802 573 1949 615 christum
1969 575 2079 608 iterum

1195 622 1384 669 descendiffe,
1410 626 1469 659 (π.
1498 624 1642 659 Edicunt
1664 625 1772 659 nullos
1792 636 1950 668 umquam
1977 625 2080 660 &Do-

1197 676 1290 710 mino
1303 676 1379 710 Deo
1391 684 1515 709 creatos
1535 686 1590 709 aut
1605 676 1763 710 creandos
1775 677 1837 710 esse
1863 686 1968 710 novos
1982 674 2080 719 Apo-

1196 724 1320 766 stolos,
1344 725 1486 770 ideoque
1496 735 1614 760 omnes
1637 726 1714 759 novi
1728 724 1939 770 Apostolatus
1958 724 2081 769 jactita-

1196 784 1281 811 tores
1291 776 1354 811 effe
1365 776 1556 811 manifestos
1580 774 1762 810 haereticos.
1790 775 1925 810 Etenim
1940 775 2081 818 Aposto-

1198 824 1221 859 li
1235 826 1309 860 sunt
1319 825 1442 861 Christi
1455 825 1651 861 Mediatotis
1668 825 1920 861 contubernales
1940 826 1974 860 &
1989 836 2082 859 com-

1196 877 1376 918 mensaleS,
1400 879 1592 912 cunctorum
1616 876 1656 910 ab
1678 877 1750 920 ipso
1767 876 1932 922 gestorum
1956 874 2083 911 oculati

1195 926 1289 961 testes
1306 949 1318 967 ‚
1342 928 1461 972 Legati
1478 939 1514 961 ac
1528 927 1674 961 Ministri
1687 951 1699 967 ‚
1727 926 1866 969 ideoque
1885 936 1920 960 ut
1932 935 2081 961 creentur

1194 976 1299 1019 novi,
1325 988 1402 1012 ante
1415 977 1527 1012 omnia
1540 976 1622 1021 opus
1632 976 1678 1012 est
1696 988 1786 1011 novo
1797 976 1931 1011 Christo
1945 1000 1953 1008 .
1982 974 2084 1010 Nem·

1194 1025 1234 1070 pe
1245 1037 1281 1061 ut
1302 1038 1451 1063 creentur
1475 1028 1554 1062 novi
1569 1027 1722 1071 Apostoli
1746 1027 1786 1061 ad
1798 1037 1884 1061 nova
1902 1025 2061 1071 dogmata
2072 1049 2086 1061 .,

1195 1076 1310 1111 Nostri
1322 1078 1413 1112 enim
1426 1077 1626 1112 Mediatoris
1639 1078 1795 1122 dogmata
1818 1078 1894 1111 sunt
1906 1085 2022 1110 aeterna
2043 1086 2089 1119 ao

1195 1125 1381 1161 immobilia
1404 1149 1417 1165 ‚
1442 1126 1583 1170 ideoque
1608 1138 1662 1170 per
1688 1136 1780 1160 veros
1802 1125 1873 1167 ejus
1901 1125 2086 1168 Apostolos

1196 1185 1364 1221 nequeunt
1375 1176 1439 1210 alia
1460 1176 1570 1210 &alia
1585 1175 1767 1219 praedicari.
1798 1175 2000 1220 Q1inimmo
2024 1186 2086 1209 nec

1197 1226 1238 1261 ad
1263 1225 1454 1262 orthodoxa
1482 1225 1639 1271 dogmata
1676 1223 1846 1260 Dominus
1873 1225 1969 1258 Deus
2003 1224 2089 1258 solet

1197 1277 1385 1321 quempiam
1408 1288 1463 1322 per
1473 1276 1680 1319 semetipsum
1700 1275 1847 1309 mittere.
1876 1273 2088 1310 Utinullum

1199 1338 1326 1362 novum
1353 1326 1502 1367 animal,
1527 1326 1654 1360 nullam
1674 1336 1795 1359 novam
1817 1324 1982 1367 plantam,
2009 1324 2088 1365 nul-

1198 1376 1266 1411 lam
1286 1387 1409 1411 novam
1433 1386 1615 1411 creaturam
1638 1375 1749 1418 paffim
1774 1385 1828 1417 per
1859 1374 2088 1418 semetipsum,

1199 1427 1252 1461 sed
1265 1427 1380 1462 omnia
1394 1437 1451 1471 per
1462 1424 1573 1460 datam
1597 1426 1630 1459 in
1645 1424 1762 1459 mundi
1778 1423 1918 1464 exordio
1930 1423 2090 1459 virtutem

1197 1477 1320 1517 efficit,
1345 1477 1392 1511 ita
1415 1476 1544 1510 nullum
1568 1474 1679 1518 paffim
1698 1474 1938 1517 praedicatorem
1960 1472 2089 1516 mittit,

1199 1527 1259 1560 nifi
1286 1537 1344 1569 per
1377 1525 1615 1568 Apostolorum
1645 1523 1844 1558 Succeffores
1881 1522 2088 1566 Episcopos.

1198 1575 1275 1610 Hos
1286 1574 1392 1609 voluit
1403 1576 1467 1609 effe
1482 1583 1653 1618 perpetuos
1664 1571 1810 1608 traduces
1821 1570 2007 1616 Apostolici
2018 1572 2087 1606 Mi-

1197 1625 1322 1660 nisterii
1338 1651 1346 1659 .
1385 1623 1587 1659 Immediatae
1610 1623 1629 1657 ὲ
1649 1623 1727 1659 Deo
1751 1622 1912 1658 mistionis
1934 1621 2087 1666 exempla.

1197 1676 1271 1709 sunt
1292 1673 1392 1720 longe
1413 1675 1587 1709 rariffima.
1618 1674 1694 1719 Ego
1704 1673 1775 1709 duo
1796 1672 1969 1709 dumtaxat
1983 1672 2062 1707 novi
2077 1697 2090 1707 .

1197 1725 1444 1769 Nempe-Sansti
1460 1724 1589 1768 Equitii
1616 1725 1651 1757 in
1665 1723 1798 1758 Valeria
1819 1723 1997 1758 Provincia
2017 1721 2090 1756 Ab·

1196 1774 1279 1809 batis
1290 1800 1301 1816 ,
1321 1775 1355 1809 &
1365 1773 1571 1808 Venerabilis
1583 1772 1941 1807 GeruiniCentulenfis
1951 1772 1992 1807 ad
2005 1773 2090 1807 San-

1195 1825 1282 1858 &um
1308 1823 1504 1858 Richarium
1535 1821 1674 1857 Abbatis
1696 1822 1882 1857 mistionem
1906 1845 1918 1862 ,
1942 1831 2083 1866 quatum

1196 1873 1334 1918 primam
1349 1874 1382 1907 in
1402 1873 1510 1918 primo
1523 1873 1746 1918 Dialogorum
1771 1870 1855 1908 libro
1869 1873 2004 1907 Sanctus
2026 1871 2088 1906 Pa·
2107 1892 2224 1933 Cap-4..

1195 1935 1234 1968 pa
1247 1924 1448 1969 Gregorius,
1476 1922 1690 1967 posteriorem
1717 1922 1829 1957 laudat
1849 1923 1885 1957 in
1898 1921 1990 1957 istius
2001 1922 2084 1958 Coe-

1194 1974 1287 2008 nobii
1301 1974 1471 2008 Chronico
1494 1971 1685 2006 Monachus
1706 1970 1910 2015 Ariulphus.
1938 1972 2023 2006 Haec
2037 1972 2086 2006 la-

1194 2022 1257 2057 tius
1274 2023 1409 2067 exposui
1434 2023 1469 2056 in
1490 2021 1631 2057 Scholiis
1652 2020 1694 2055 ad
1716 2019 1800 2055 Asta
1821 2021 1930 2057 Sancti
1956 2021 2083 2057 Leonis

1196 2073 1294 2107 noni.
1321 2072 1512 2116 Utramque
1532 2072 1718 2106 mistionem
1740 2071 1864 2106 Divina
1882 2071 2074 2108 Clementia

1195 2122 1370 2158 honoravit
1392 2121 1582 2163 miraculis,
1610 2131 1707 2165 atque
1727 2120 1774 2155 ita
1795 2122 1857 2156 effe
1870 2122 1930 2156 ase
1939 2121 2079 2157 demon-

1196 2173 1321 2208 stravit.
1347 2173 1449 2216 Super
1470 2173 1612 2216 primum
1635 2181 1734 2215 caput
1755 2171 1897 2216 epistolae
1915 2171 1956 2206 ad
1981 2172 2080 2207 Gala-

1196 2233 1244 2257 tas
1264 2221 1374 2257 scribit
1394 2223 1529 2257 Sanstus
1551 2223 1782 2266 Hieronymus
1803 2236 1814 2256 .·
1843 2224 1982 2266 ‚Quatuor
2002 2220 2079 2266 sunt

1190 2284 1302 2317 genera
1312 2271 1503 2316 Apostolorum
1515 2296 1523 2305 .
1551 2275 1648 2305 Unum
1662 2297 1673 2313 ‚
1702 2273 1785 2315 quod
1793 2284 1885 2315 neque
1899 2272 1939 2307 ab
1952 2271 2080 2307 homini·

1194 2323 1250 2355 bus
1272 2322 1310 2362 est
1331 2346 1342 2363 ,
1369 2333 1460 2365 neque
1487 2330 1542 2364 per
1562 2322 1709 2357 bominem
1728 2346 1739 2363 ,
1761 2320 1817 2365 sed
1840 2331 1898 2365 per
1919 2321 2079 2366 JESUM

1194 2370 1344 2412 Christum
1360 2374 1395 2406 Θ
1408 2376 1505 2406 Deum
1518 2375 1640 2406 Patrem
1653 2398 1661 2406 .
1690 2374 1781 2406 Aliud
1800 2375 1883 2415 qaod
1897 2375 1918 2406 ἃ
1933 2376 1994 2408 Deo
2012 2376 2080 2416 qul*

1194 2422 1262 2455 dem
1272 2421 1311 2462 est
1324 2446 1335 2463 ,
1354 2420 1411 2466 sed
1414 2431 1472 2465 per
1491 2422 1659 2457 hominem.
1686 2426 1833 2463 Tertium,
1863 2424 1945 2466 quod
1968 2423 2007 2457 ab
2030 2422 2083 2466 hoq

1193 2477 1294 2514 mine,
1320 2483 1379 2506 non
1399 2475 1491 2507 dDeo
1503 2497 1510 2504 .
1540 2475 1695 2517 ,Quartum
1708 2497 1718 2513 ‚
1744 2474 1826 2516 quod
1847 2485 1942 2516 neque
1958 2475 1979 2507 ἂ
1991 2478 2077 2514 Deo,

1193 2529 1338 2566 nequeper
1348 2522 1515 2562 hominem,
1542 2533 1634 2566 neque
1655 2522 1694 2556 ab
1717 2523 1851 2564 homine,
1876 2522 1936 2567 sed
1954 2521 2079 2566 aisem-

1192 2570 1283 2615 tipfh.
1314 2576 1361 2607 De
1367 2578 1465 2615 primo
1484 2582 1590 2617 genere
1597 2573 1690 2615 potest
1707 2571 1892 2616 effeIsaeias‚
1916 2579 2073 2617 caeterique

1192 2621 1370 2664 Prophetae,
1395 2621 1502 2666 &ipse
1514 2622 1661 2665 apostolus
1681 2624 1794 2657 Paulus
1808 2648 1820 2665 ,
1844 2629 1895 2667 qui
1917 2635 2011 2667 neque
2034 2622 2077 2657 ab

1189 2670 1375 2714 hominihus,
1402 2684 1495 2716 neque
1508 2681 1564 2715 per
1589 2673 1755 2713 hominem,
1775 2672 1835 2717 sed
1847 2677 1868 2706 ἂ
1893 2678 1956 2707 Deo
1980 2677 2075 2706 Patre

1190 2720 1350 2762 &cbristo
1360 2725 1459 2765 missus
1475 2723 1513 2763 ell
1525 2747 1532 2755 .
1560 2726 1608 2757 De
1626 2722 1894 2765 secundoJESIIS
1908 2722 1990 2763 filius
2004 2725 2076 2754 Na-

1190 2781 1250 2812 ve,
1278 2774 1359 2814 qaia
1371 2774 1433 2806 Deo
1456 2772 1574 2814 quidem
1585 2771 1623 2810 est
1635 2770 1780 2812 Apostolus
1801 2770 1990 2811 constitutus,
2013 2769 2074 2814 sed

1186 2826 1242 2864 per
1263 2821 1409 2856 bominem
1421 2819 1560 2863 Moysem.
1586 2823 1718 2853 Tertium
1733 2830 1829 2864 genus
1853 2819 1914 2861 est,
1940 2831 2006 2855 cum
2022 2818 2075 2854 ho-

1189 2878 1303 2906 minum
1309 2872 1420 2914 favore
1441 2872 1476 2905 ό·
1488 2871 1583 2912 studio
1603 2871 1712 2913 aliquis
1733 2871 1892 2903 ordinatur
1903 2883 1918 2913 ;
1943 2880 1979 2905 ut
1992 2880 2070 2905 nune

1190 2924 1325 2956 videmus
1340 2923 1486 2964 plurimos
1510 2932 1568 2954 non
1591 2923 1648 2953 Dei
1658 2920 1775 2960 judicio
1798 2944 1810 2961 ‚
1842 2919 1901 2964 sed
1917 2922 2070 2963 redempto

1183 2972 1296 3014 favore
1320 2973 1404 3016 vulgi
1425 2977 1459 3004 in
1479 2972 1682 3005 Sacerdotium
1698 2968 1854 3015 surrogari
1876 2995 1884 3003 .
1910 2973 2069 3015 ,Quartum

1188 3022 1226 3063 est
1245 3021 1380 3067 Pseudo·
1393 3020 1607 3064 Prophetarum
1637 3022 1672 3055 6·
1704 3018 1823 3064 Pseudo
1834 3022 2063 3064 «Apostolorum.

1190 3071 1270 3107 Hoc
1290 3072 1335 3107 est
1347 3071 1579 3106 haereticorum
1598 3073 1753 3105 omnium
1773 3072 1945 3115 praesertim
1969 3070 2070 3105 haere⁴

1189 3122 1401 3158 fiarcharum.
1429 3122 1496 3155 Eos
1518 3123 1553 3155 in
1577 3120 1760 3166 Evangelio
1773 3122 1942 3156 Dominus
1963 3120 2073 3165 appel·

1190 3173 1267 3209 lavit
1278 3174 1362 3208 fures
1381 3172 1588 3207 &latrones.
1618 3170 1663 3207 Et
1685 3170 1771 3214 hoc,
1795 3173 1874 3214 quia
1897 3179 2046 3208 venerunt
2061 3194 2075 3205 .
2105 3216 2108 3220 ⁴

1193 3223 1324 3270 Utique
1345 3223 1363 3257 ὲ
1379 3220 1549 3267 semetiplis
1561 3246 1569 3255 .

1948 3308 2024 3358 ‘italo
