2346 3724
674 177 1128 223 *Cavit

250 267 341 305 lucet
354 275 396 302 ex
417 261 544 300 laudati
555 261 684 299 Seleuci
704 263 926 307 Synodalibus
946 261 987 296 ad
999 261 1137 307 Impera-

246 328 355 355 torem
378 315 528 350 Leonem
550 313 691 356 litteris,
714 314 918 350 exstantibus
938 313 1010 357 post
1023 313 1137 348 lauda·-

246 373 317 403 tam
330 365 504 409 synodum
516 362 837 400 Chalcedonensern·.
861 363 990 399 Genuit
1000 363 1034 397 &
1046 363 1136 399 aliud

246 416 455 454 monstrum:
483 415 677 460 Diogenem
694 415 881 460 Cynicum.
907 413 1012 462 Qod
1037 414 1135 450 Pon-

246 478 301 504 tus
320 468 422 502 fuerit
450 466 525 501 duri
552 477 590 501 ac
601 466 714 513 frigidi
729 466 810 502 aeris
820 464 1023 505 Provincia,
1048 465 1137 500 lucet

245 529 290 553 ex
311 517 410 552 variis
434 516 517 552 locis
540 516 652 552 Sancti
674 516 784 552 Basilii
812 540 824 556 ,
848 516 958 551 Sancti
981 515 1137 560 Gregorii

248 567 415 611 Nylseni,
440 578 479 602 ac
491 567 599 602 Sancti
621 564 1010 612 Joannistrysostomi
1024 591 1032 599 .
1059 564 1137 600 Fuit

247 617 422 652 vastiffima
443 617 607 659 dioecefis,
636 616 781 662 ideoque
800 617 928 652 &varii
954 617 1056 652 aeris.
1084 616 1137 651 Ex

247 667 436 704 Marcionis
446 668 529 704 odio
540 668 769 704 Tertullianus
787 667 943 703 omnium
964 667 1136 702 climatum

248 718 332 753 vitia
355 718 610 764 conglomerat,
633 718 827 754 &imitatur
847 717 1010 753 Ovidium
1033 717 1138 753 Naso·

246 778 327 804 nem
341 768 481 804 inlibris
503 768 688 806 dePonto.

296 818 509 854 Marcionem
523 820 617 854 fuisse
628 818 820 854 nauclerum
834 818 945 853 scribit
960 817 1138 863 Septimius

115 877 227 918 ειμό,
244 869 346 904 etiam
370 870 406 904 in
427 870 527 904 tertio
545 879 662 904 contra
678 869 785 912 ipsum
806 867 912 903 libro:
939 868 1054 903 scilicet
1065 879 1137 902 nau-

244 919 319 953 clero
327 920 373 953 mi
395 930 455 953 non
466 920 585 962 quidem
597 918 716 952 Rhodia
728 922 794 953 Lex
804 941 816 959 ,
834 917 894 963 sed
906 921 1030 953 Pontica
1051 929 1139 953 σιω

240 977 312 1002 rat.
338 967 481 1004 Rhodus
494 969 558 1003 fuit
574 969 713 1003 nauticae
722 965 997 1013 artis'peritiffima
1011 992 1023 1009 ,
1049 968 1137 1003 ideo·

245 1029 313 1062 que
338 1019 373 1054 &
395 1017 512 1054 habuit
538 1019 682 1062 optimas
706 1019 796 1053 illius
820 1018 1001 1052 direfflices
1028 1018 1137 1063 leges.

115 1074 189 1114 cap.
203 1085 226 1105 x.
245 1068 292 1103 Et
313 1069 348 1102 in
370 1069 492 1112 quinto
516 1068 605 1102 libro
632 1067 746 1103 scribit
766 1067 945 1111 Septimius
963 1079 972 1100 ε
1014 1070 1137 1102 Pontice

244 1117 381 1151 nauclere
401 1140 414 1156 ,
436 1115 468 1159 fi
472 1119 646 1160 'numquam
664 1117 810 1159 furtivas
834 1128 943 1152 merces
963 1142 976 1160 ‚
1001 1118 1061 1153 etc.
1089 1118 1134 1153 Et

243 1166 333 1211 apud
357 1164 778 1202 Eccleliasticatnss'Eusebii
805 1167 1012 1214 Caesareenlis
1037 1166 1137 1203 histo-

244 1217 327 1252 riam
351 1216 488 1251 sanstus
504 1217 706 1262 &antiquus
719 1217 868 1252 Ecclefiae
889 1218 1034 1262 Scriptor
1046 1217 1136 1252 Rho·

115 1268 178 1299 Lib.
202 1278 227 1306 ς.
244 1266 314 1301 don
327 1279 339 1300 .-
364 1265 432 1310 lpse
442 1276 538 1301 nauta
555 1270 690 1302 Marcion
709 1269 768 1302 duo
777 1273 932 1311 principia
951 1269 1116 1302 introducit
1128 1291 1135 1299 .

106 1317 228 1348 ⁶³P·¹3·
246 1318 292 1353 Et
317 1318 416 1352 frater
444 1317 610 1363 Georgius
637 1318 851 1362 Cappucinus
882 1318 1136 1352 Ambianensis:

244 1370 324 1401 Tam
344 1368 418 1401 vere*
442 1368 599 1401 nauclerus
614 1392 626 1409 ,
651 1370 745 1411 quam
757 1369 896 1401 Ponticus
908 1391 917 1400 .
944 1368 1053 1402 Aliter
1064 1368 1136 1402 scri·

245 1416 298 1452 bit
323 1417 442 1450 Beatus
456 1415 663 1451 Rhenanus.-
685 1417 742 1458 Est
747 1420 835 1459 jocus
845 1423 879 1451 in
884 1426 1021 1462 gentem.
1050 1422 1138 1451 Nam

242 1469 380 1499 Marcion
395 1463 540 1508 Episcopi
556 1465 643 1507 filius
660 1466 747 1508 fuse.
778 1471 819 1500 Ue
841 1475 945 1501 tamen
964 1467 1089 1509 pqsfibile
1097 1466 1137 1509 fit

242 1517 376 1556 Majores
387 1517 452 1556 ejus
462 1516 614 1548 naucleros
626 1515 764 1559 exstitisse
775 1540 782 1547 .
810 1516 1024 1550 Marcionem
1041 1517 1136 1550 fuisse

242 1564 427 1610 Episcopi,
452 1565 487 1599 ὅ(
501 1565 638 1608 quidem
658 1564 842 1600 sanfflffimi
865 1566 928 1599 viri
940 1565 1136 1611 degenerem

242 1614 350 1649 filium
362 1638 373 1654 ,
399 1614 559 1649 testantur
569 1616 671 1650 etiam
683 1616 849 1660 praesentis
864 1615 940 1651 libri
951 1615 1136 1659 appendix,

242 1676 283 1700 ac
293 1665 429 1699 Sanctus
452 1662 663 1709 Epiphanius
676 1689 685 1698 .
714 1665 849 1710 Utique
870 1666 1030 1709 Episcopi
1042 1666 1137 1700 Sino-

244 1715 350 1759 pensis
375 1738 383 1746 .
422 1715 503 1748 Haec
529 1714 620 1750 enim
646 1714 790 1751 omnin&
818 1716 882 1751 fuit
908 1715 1136 1760 Episcopatu,

243 1775 390 1809 magna,
416 1764 451 1799 δε
474 1765 635 1808 opulenta
658 1766 778 1801 civitas
798 1791 808 1801 .
835 1767 973 1801 Sanctus
992 1767 1137 1810 Optatus

244 1814 463 1849 Milevitanus
482 1815 630 1849 Antistes
657 1817 797 1850 affirmat
817 1815 969 1859 &ipsum
985 1816 1137 1850 Marcio-

243 1875 322 1899 nem
340 1865 434 1899 fuiffe
455 1865 656 1908 Episcopum
677 1887 686 1897 .
715 1864 766 1899 At
788 1865 877 1899 solus
902 1866 949 1900 ita
970 1865 1137 1909 loquitur,

243 1915 392 1958 ideoque
402 1913 532 1949 videtur
545 1914 703 1950 memoria
715 1915 821 1959 lapsus
831 1940 840 1949 .
860 1916 945 1951 Sunt
957 1925 1069 1951 tamen
1080 1915 1136 1959 qui

243 1964 436 1999 existimant
451 1964 663 1999 Marcionem
688 1964 748 1998 sub
771 1975 860 2007 patre
879 1965 1048 2001 Amaseno
1062 1966 1138 2010 Epi-

242 2016 345 2058 scopo
365 2038 379 2055 ,
403 2025 443 2048 ac
464 2013 569 2049 totius
591 2013 776 2048 Provinciae
799 2013 1022 2058 Metropolita
1042 2017 1138 2049 fuisse

246 2064 467 2105 Sinopensem
482 2062 683 2105 Episcopum
698 2085 711 2102 ‚
735 2062 824 2097 &ab
847 2062 937 2098 illius
948 2064 1109 2108 Synodali
1125 2087 1136 2104 ‚

244 2122 310 2156 qua
319 2111 516 2156 degradatus
527 2112 633 2147 fuerat
642 2135 655 2153 ‚
683 2112 846 2148 sententia
857 2113 1003 2149 Romam
1026 2114 1136 2159 appel-

245 2162 342 2197 lasse.
371 2161 531 2196 Fundant
551 2162 584 2196 se
602 2161 639 2197 in
668 2163 848 2199 referendis
861 2163 944 2198 infra
965 2176 1008 2199 ex
1019 2166 1139 2200 Sansto

244 2210 438 2256 Epiphanio
448 2237 457 2246 .
485 2210 542 2246 Est
553 2211 740 2255 conjeQura
751 2213 821 2248 sine
831 2212 987 2250 anchoris
996 2240 1004 2247 .
1032 2215 1142 2263 Quid·

245 2260 327 2307 quid
339 2262 400 2303 lit,
426 2261 522 2298 illum
533 2262 629 2297 fuisse
639 2262 783 2298 ardentis
800 2263 930 2310 ingenii
950 2289 962 2305 ‚
986 2265 1006 2299 ὸ,
1022 2276 1139 2299 natura

244 2313 401 2347 dotatum
424 2312 618 2357 infigniter,
642 2323 682 2347 ac
701 2312 833 2357 insuper
847 2313 982 2361 egregie
1005 2314 1140 2350 doctum

247 2360 385 2396 testatur
396 2361 431 2397 in
442 2362 537 2397 Oseae
548 2360 722 2405 Propheta
734 2362 995 2399 Commentariis
1006 2366 1141 2398 Sanaos

246 2409 497 2455 Hieronymus.
524 2411 634 2446 Fuisse
658 2412 778 2446 Stoicae
790 2411 1013 2456 Philosophia
1033 2414 1141 2448 sesta-

246 2467 378 2501 torem,
404 2460 450 2496 est
475 2460 571 2506 snpra
593 2460 873 2498 demonstratum.
899 2462 1004 2511 Q'od
1026 2473 1139 2499 tamen

248 2509 378 2556 ingrate
406 2510 440 2546 &
466 2510 600 2547 indoste
639 2509 782 2547 hauserit
807 2512 955 2558 quadam
981 2512 1139 2560 dogmata

78 2560 577 2611 4:01‚434‚etiamexPlatone,
601 2560 739 2597 testatur
764 2561 801 2596 in
823 2563 923 2598 tertio
933 2563 1139 2600 stromatum

248 2610 338 2647 libro
349 2611 484 2646 Sanetus
496 2610 653 2651 Clemens
666 2610 917 2649 Alexandrinus
929 2638 940 2649 .

297 2762 394 2809 vbi
405 2760 619 2811 Valentinus
626 2796 642 2823 ,
681 2760 887 2813 Platonfcae
897 2763 1072 2814 SeHator
1082 2800 1098 2814 .

305 2909 468 2947 Lucidius
487 2910 530 2946 de
541 2910 729 2947 Valentino
753 2913 902 2958 loquitur
911 2914 1039 2949 Dostor
1057 2912 1094 2949 in
1105 2913 1141 2951 li·

117 2959 235 3000 Capw·
256 2959 318 2996 bro
336 2970 452 2997 contra
474 2961 751 2998 Valentinianos:
778 2965 961 3006 speraverat
981 2963 1141 3008 Episcopa-

254 3020 321 3046 rum
347 3013 525 3046 Valentinus
543 3034 556 3052 ,
583 3016 656 3054 qula
675 3013 709 3046 (ν
730 3018 849 3057 ingenio
865 3022 985 3058 poterat
996 3039 1007 3055 ,
1032 3017 1067 3049 ό·
1086 3017 1139 3050 elo·

254 3067 345 3106 quio,
365 3060 426 3106 fid
445 3062 538 3095 alium
560 3071 600 3095 ex
622 3067 757 3102 martyrii
769 3066 980 3109 Praeroganvae
998 3066 1140 3107 locipau-

253 3120 320 3148 tum
332 3112 507 3157 indignatus
522 3135 533 3153 ,
558 3112 597 3145 de
609 3111 739 3154 Ecclefia
759 3113 939 3149 authenticae
961 3115 1071 3159 regulae
1089 3114 1141 3150 ab·

254 3167 356 3205 rupit,
382 3170 419 3196 ut
434 3159 531 3205 solent
553 3166 650 3195 anim!
667 3169 724 3204 pro
737 3164 879 3199 Pri-ratu
899 3162 1140 3208 exclttpraesum·

256 3217 356 3254 prlone
366 3214 486 3247 ultionis
509 3213 630 3246 accendi
641 3237 653 3253 ,
677 3213 724 3246 ad
737 3215 972 3258 expugnandam
981 3213 1139 3259 conversus

259 3267 420 3297 veritatem
431 3287 442 3305 ,
467 3263 502 3297 ἂν
513 3261 669 3306 cuiusdam
689 3268 805 3297 veteris
825 3269 970 3307 opinionis
973 3262 1078 3308 semen
1089 3277 1141 3299 na·

257 3308 346 3352 Rus,
370 3310 526 3356 colobarso
547 3318 633 3347 vlam
653 3313 837 3348 delineavit.
863 3314 902 3348 ln
922 3313 1012 3350 libro
1021 3315 1064 3350 de
1075 3327 1140 3351 car-

261 3370 305 3395 ne
313 3358 436 3398 Christi
449 3363 604 3409 Apellem
615 3362 726 3401 scribit
738 3363 924 3402 Marcionis
944 3364 1139 3413 discipulum

1196 189 1213 219 1
1284 188 1304 218 s
1421 172 1621 216 XXX.
1919 188 2014 236 243

1197 274 1236 298 ac
1253 261 1456 296 desertorem
1478 284 1490 301 ,
1516 258 1735 295 Valentinum
1758 269 1867 296 autern
1890 263 1982 298 fuine
2008 263 2079 307 ejus

1196 310 1458 356 condiscipulum
1479 310 1803 345 &condesertorem.
1828 311 1930 356 Qod
1951 324 2019 348 non
2038 313 2081 349 de

1198 362 1382 398 Marcionis
1404 361 1576 407 magistri,
1601 359 1656 395 sed
1684 359 1727 394 de
1748 359 1976 396 Marcionitici
1991 362 2080 408 dog-

1197 414 1295 449 matis
1318 412 1580 456 condiscipulatu
1602 408 1898 446 &condesertione
1913 409 2008 445 debet
2033 415 2083 448 in-

1199 462 1306 510 telligi
1327 491 1334 498 .
1369 462 1480 497 Fuisse
1511 462 1619 498 virum
1642 459 1862 496 dofflffimum
1888 460 2020 494 testatur
2046 463 2083 497 in
2099 455 2227 492 C²P·1⁰·

1199 516 1292 551 Osca!
1311 512 1486 557 Propheta
1497 509 1743 548 commentariis
1760 511 1896 546 Sanetus
1909 511 2084 554 Hierony·-

1199 576 1294 607 mus,
1321 563 1464 608 ideoque
1495 561 1536 598 dc
1555 563 1625 606 ejus
1644 562 1735 597 Sesta
1758 560 1866 606 pergit
1890 573 1925 594 in
1949 560 2083 595 laudato
2101 569 2170 606 Cap.
2192 579 2215 598 ι,

1200 625 1317 651 contra
1337 613 1597 651 Valentinianos
1622 611 1707 647 libro
1726 611 1925 655 Septimius:
1951 611 2084 644 Valenti-

1200 673 1286 701 manl
1297 689 1309 706 ,
1327 665 1593 709 frequentiffimum
1600 665 1695 707 plane*
1709 663 1859 707 collegium
1876 666 1954 695 inter
1967 660 2084 695 baereti-

1199 729 1264 752 cos.
1293 715 1435 752 Eosdem
1457 716 1492 750 in
1516 714 1601 749 libro
1625 715 1666 748 de
1689 714 1800 748 anima
1819 721 1918 747 vocat
1941 715 2084 745 Examen

1202 769 1374 801 Valentini.
1401 766 1511 810 Ipsum
1532 765 1596 800 effe
1608 763 1845 798 Gnosticorum
1858 762 1999 808 primum
2014 786 2025 802 ,
2049 761 2084 796 &

1202 816 1324 862 abipso
1335 826 1470 852 enatam
1483 815 1662 851 delirorum
1677 814 1850 858 Peponum
1871 813 1992 847 vastam
2004 812 2087 846 mul-
2106 835 2163 866 [ὦ.
2185 845 2213 865 ¹·

1202 868 1381 903 titudinem
1392 866 1503 902 scribit
1524 867 1657 901 Sanctus
1679 865 1829 899 lrenaeus.
1860 863 1938 906 Ejus
1949 863 2086 905 patriam
2103 885 2165 914 cap.
2188 886 2213 906 ι,

1202 919 1265 953 effe
1286 918 1445 953 incertam
1469 916 1609 952 affirmat
1631 915 1765 950 sandius
1791 913 2019 957 Epiphanius,
2045 922 2088 946 ex

1202 968 1428 1004 fundamentis
1452 977 1564 1002 tamen
1576 965 1750 1001 arbitratur
1772 965 1866 999 fuisse
1878 962 2089 998 Phrebonmm

1203 1021 1331 1063 AEgypti
1351 1022 1569 1060 maritimum,
1603 1029 1643 1052 ac
1669 1013 1876 1051 Alexandria:
1902 1013 2091 1049 institutum

1203 1070 1392 1104 Graecorum
1406 1068 1538 1102 litteris.
1566 1067 1738 1110 Tempore
1760 1064 1919 1109 apostaliae
1931 1062 2090 1098 habitastis

1203 1119 1238 1153 in
1261 1118 1379 1162 Cypro
1400 1118 1538 1153 testatur
1564 1118 1698 1151 Sanetus
1726 1114 1920 1148 philastrius
1939 1139 1946 1147 .
1976 1114 2091 1160 Quare

1200 1169 1235 1203 ὅ(
1251 1167 1448 1202 desideratus
1471 1166 1513 1202 ab
1536 1166 1608 1212 ipso
1631 1166 1848 1210 Episcopatus
1870 1164 1998 1198 videtur
2021 1163 2091 1197 ibi-

1200 1218 1277 1255 dem
1289 1217 1386 1253 fuiffe
1397 1241 1407 1250 .

2095 338 2170 378 Cap.
2190 349 2213 369 r.

2099 648 2171 685 Cap.
2184 656 2230 684 23.

1299 1346 1460 1395 Constat
1499 1344 1581 1395 illos
1618 1363 1727 1410 neque
1765 1340 1856 1391 adeb
1893 1341 1984 1391 olim

1504 1411 1618 1482 fotiffi
1628 1451 1643 1476 ‚
1683 1418 1776 1461 &a

1250 1563 1359 1615 Qod
1381 1563 1538 1599 Marcion
1561 1562 1620 1598 sub
1642 1561 1811 1597 Antonini
1833 1562 1930 1607 primi
1950 1562 2095 1607 Imperio

1201 1613 1300 1649 fuerit
1313 1639 1324 1655 ,
1352 1615 1493 1649 affirmat
1504 1615 1634 1649 Doaor
1647 1614 1750 1649 etiam
1774 1613 1808 1647 in
1822 1614 1928 1656 primo
1940 1613 2094 1649 adversus

1202 1665 1308 1707 ipsum
1331 1664 1419 1699 libro
1433 1678 1446 1699 .·
1469 1667 1553 1697 Anno
1576 1669 1681 1708 quinto
1703 1665 1813 1697 decimo
1823 1663 1938 1697 Tiberii
1957 1664 2094 1706 Christus
2111 1653 2188 1692 ςΨ·
2205 1663 2247 1687 ¹9·

1203 1714 1340 1758 JESUS
1352 1717 1389 1748 de
1397 1715 1465 1748 coelo
1477 1726 1602 1748 manare
1617 1716 1761 1759 dlgnatus
1774 1714 1812 1754 est
1825 1739 1837 1754 ,
1862 1716 1990 1755 5p1'rltus
2011 1715 2094 1758 salu—

1201 1771 1281 1798 taris
1304 1790 1311 1797 .
1340 1768 1503 1798 Marcionis
1516 1763 1646 1808 salutem
1668 1789 1679 1805 ‚
1704 1770 1757 1806 qui
1785 1771 1831 1797 sta
1855 1766 1950 1797 voluit
1970 1790 1981 1804 ‚
2007 1775 2095 1807 quoto

1202 1816 1322 1857 quidem
1346 1825 1428 1848 anno
1445 1819 1591 1848 Antonin}
1611 1816 1736 1855 majoris
1748 1814 1786 1846 de
1799 1816 1892 1846 Ponto
1906 1813 1959 1856 suo
1969 1815 2096 1848 exhala-

1202 1870 1286 1898 verit
1297 1875 1373 1897 aura
1385 1866 1581 1898 carna-alaris
1591 1889 1603 1906 ,
1629 1875 1687 1897 non
1702 1869 1810 1897 curavi
1820 1865 2000 1908 investigare
2009 1890 2016 1898 .
2047 1867 2095 1899 De

1202 1926 1258 1957 quo
1269 1923 1372 1949 tamen
1382 1915 1493 1955 constat
1509 1939 1521 1956 ‚
1549 1919 1770 1948 Antoninianus
1785 1914 1942 1947 haeretlcus
1954 1916 1992 1954 est
2003 1941 2013 1956 ,
2039 1914 2095 1959 sub

1203 1968 1258 1997 Pio
1273 1971 1383 2006 implus
1397 1991 1404 1998 .
1433 1965 1587 1998 ATiberlo
1609 1973 1709 1998 autem
1730 1963 1824 2005 usque
1846 1966 1891 1996 ad
1911 1968 2096 1998 Antoninum

1201 2019 1279 2047 anni
1296 2014 1367 2056 fere
1387 2023 1508 2048 centum
1529 2016 1564 2049 ὁ·
1575 2011 1745 2057 'quindecim
1758 2037 1769 2053 ,
1796 2015 1829 2047 (τ
1841 2015 2001 2047 dimidium
2019 2020 2097 2047 anni

1201 2075 1267 2097 cum
1288 2065 1414 2097 dimidio
1435 2063 1540 2106 menfis
1560 2088 1568 2097 .
1596 2065 1788 2097 Tantundem
1809 2070 1951 2105 temporis
1974 2073 2096 2105 ponunt

1193 2107 1284 2148 ‘inter
1297 2113 1451 2155 Christum
1468 2116 1711 2149 &Mar-cionem.
1738 2112 1849 2148 Etiam
1867 2114 1941 2148 aliis
1953 2114 1987 2148 iu
2011 2115 2095 2149 locis

1200 2165 1340 2199 affirmat
1363 2164 1573 2198 Marcionem
1594 2164 1659 2198 else
1679 2162 1867 2202 haereticum
1888 2164 2093 2200 Antoninia-

1180 2208 1282 2256 lnum
1293 2240 1305 2255 ,
1331 2214 1363 2248 id
1376 2214 1422 2248 est
1435 2239 1447 2255 ,
1474 2213 1704 2249 Antoniniani
1718 2214 1849 2259 lmperii
1862 2239 1869 2246 .
1899 2215 1942 2248 Et
1956 2215 1989 2248 in
2001 2226 2093 2258 quar·

1180 2258 1240 2300 lto
1264 2263 1498 2299 Ecclesiasticae
1518 2263 1664 2300 historias
1696 2264 1783 2300 libro
1806 2265 1965 2300 Eusebius
1989 2265 2096 2299 Caesa-

1202 2315 1320 2349 reenlis
1340 2313 1450 2349 laudat
1462 2314 1515 2350 Pii
1528 2339 1540 2356 ,
1567 2314 1729 2356 Aniceti,
1754 2326 1793 2349 ac
1805 2310 1988 2349 Eleutherii
2003 2315 2092 2348 Pon-

1203 2364 1366 2398 tificatum
1386 2387 1397 2402 ‚
1438 2364 1531 2398 addit
1552 2364 1676 2398 eisdem
1695 2366 1791 2399 annis
1813 2365 1930 2399 Romae
1947 2365 2093 2399 floruisse

1203 2414 1358 2448 Sannum
1371 2412 1534 2457 Iustinum
1548 2412 1789 2460 Philosophum
1799 2439 1810 2455 ,
1837 2426 1876 2450 ac
1886 2415 1928 2450 de
1939 2416 2009 2459 ipso
2022 2425 2094 2459 pro·

1202 2464 1367 2507 sequitur:
1388 2467 1422 2509 J
1425 2463 1537 2505 ustinus
1560 2469 1594 2497 in
1613 2465 1687 2499 libro
1699 2489 1711 2505 ,
1735 2477 1822 2508 quem
1841 2475 1943 2499 contra
1964 2469 2094 2499 Marcu·-
2108 2482 2185 2524 Cap·
2203 2492 2246 2514 ω,

1202 2525 1271 2547 nem
1288 2512 1405 2562 saipſjt
1421 2538 1432 2554 ‚
1458 2523 1603 2548 nnemorat
1623 2526 1656 2549 eo
1665 2514 1729 2559 ipso
1750 2524 1903 2558 tempore,
1928 2527 1986 2558 quo
2007 2515 2094 2555 fflum

1201 2563 1314 2597 librum
1325 2570 1502 2605 contexuit,
1528 2570 1630 2599 vitam
1639 2569 1786 2600 Marcioni
1803 2565 1980 2609 suppetiffir.
2008 2567 2095 2602 Haec

1203 2615 1277 2649 sunt
1290 2613 1381 2650 istius
1399 2614 1474 2649 libri
1486 2614 1601 2649 verba:
1631 2618 1769 2649 Marcion
1790 2617 1912 2660 quidem
1926 2618 2092 2656 Ponticus,

1201 2670 1255 2709 qui
1275 2664 1374 2699 adbuc
1387 2662 1536 2709 superstes
1556 2663 1620 2707 est,
1645 2667 1712 2700 illos
1732 2671 1786 2709 qu}
1808 2668 1874 2708 ejus
1893 2665 2091 2709 obsequuntur

1197 2713 1359 2760 sententiae
1379 2737 1391 2755 ,
1415 2716 1499 2749 docet
1520 2716 1614 2749 allum
1633 2718 1795 2757 quemdam
1815 2721 1970 2748 nominare
1991 2719 2089 2748 Deum

1203 2767 1364 2807 majorem,
1390 2767 1484 2808 quim
1506 2766 1612 2797 mundi
1633 2765 1776 2807 optjficem
1797 2789 1804 2796 .
1830 2764 1942 2810 Qem
1963 2762 2088 2799 librum

1203 2815 1333 2856 laudat,
1351 2825 1389 2849 ac
1398 2813 1547 2859 quadam
1559 2812 1630 2855 ejus
1641 2814 1737 2848 verba
1748 2812 1884 2847 adducit
1895 2813 1995 2847 etiam
2007 2814 2091 2848 San·

1203 2860 1419 2901 Ctuslreriaeus
1434 2889 1442 2897 .
1469 2861 1594 2898 Eadem
1604 2862 1770 2898 fereillius
1793 2861 1889 2899 verba
1900 2861 1997 2898 habet
2007 2863 2087 2898 San·
2125 2900 2131 2906 ,

1203 2919 1271 2952 stus
1293 2915 1437 2959 Justinus
1456 2913 1491 2948 in
1513 2913 1569 2948 sua
1583 2912 1753 2958 Apologia
1775 2913 1891 2956 scripta
1910 2913 1953 2948 ad
1975 2913 2085 2949 Anto·
2099 2898 2162 2978 gg·
2177 2911 2221 2975 ιχ

1204 2968 1320 3002 ninum
1332 2964 1432 2999 Pium
1453 2964 1706 3008 Imperatorem:
1733 2966 1871 2998 Marcion
1880 2965 2024 2998 Ponticus
2036 2963 2085 2997 bo-
2156 2962 2163 2969 ⁰

1203 3019 1253 3051 die
1272 3021 1365 3050 etlam
1386 3013 1545 3059 discipulos
1561 3012 1631 3058 suos
1652 3014 1749 3047 docet.
1777 3014 1822 3049 Et
1844 3014 1983 3050 affirmat
2002 3025 2082 3049 tunc
2099 3019 2159 3051 1²01.
2170 3029 2219 3057 ⁷0·

1200 3066 1374 3103 cucurrisse
1393 3065 1413 3099 a
1425 3064 1560 3100 Christo
1571 3065 1724 3099 Domino
1746 3073 1828 3100 nato
1838 3075 1964 3099 annum
1977 3074 2085 3099 cento-

1200 3118 1316 3153 limum
1336 3115 1639 3160 quinquagesimum
1653 3139 1661 3147 .
1688 3109 1768 3149 Erat
1780 3114 2006 3150 Antoniniani
2020 3115 2086 3149 lm·

1200 3166 1281 3213 perii
1292 3176 1396 3202 annus
1406 3165 1599 3200 undecimus
1612 3190 1620 3198 .
1646 3164 1709 3200 lsta
1718 3165 1886 3211 Apologia
1901 3190 1912 3205 ,
1930 3166 2004 3201 licet
2016 3166 2086 3208 pas-

1199 3220 1258 3253 sim
1277 3217 1404 3253 dicatur
1426 3215 1565 3250 secunda
1585 3240 1597 3257 ,
1626 3215 1673 3249 est
1697 3224 1807 3250 tamen
1838 3217 1942 3260 prima
1964 3240 1971 3248 .
1998 3216 2085 3265 (ξιτ

1198 3269 1289 3304 enim
1311 3267 1414 3312 vulgo
1434 3266 1536 3310 prima
1555 3264 1698 3307 dicitur,
1724 3266 1841 3309 scripta
1859 3266 1905 3300 est
1920 3266 1962 3302 ad
1975 3266 2086 3302 Anto·

1200 3319 1271 3353 nini
1300 3318 1522 3357 successores,
1548 3316 1701 3351 Marcum
1725 3315 1900 3351 Aurelium
1922 3340 1935 3358 ,
1959 3327 1998 3351 ac
2019 3317 2086 3352 Lu·

1198 3369 1289 3407 cium
1309 3367 1459 3407 Verum,
1482 3365 1518 3402 δε
1530 3376 1668 3404 omnem
1688 3367 1845 3403 Senatum
1859 3390 1873 3411 ‚
1894 3377 1988 3403 anno
2000 3366 2084 3410 ejus-

1956 3416 2037 3453 dem
