2346 3724
128 900 201 939 Gap.-
213 911 240 936 a·

130 2444 202 2482 ΕΞΡ·
224 2453 249 2482 ¹7·

254 1531 443 1573 pertinerent
456 1549 463 1557 .
491 1525 572 1558 Non
591 1534 765 1557 naturaeac
787 1522 928 1556 essentia
943 1546 953 1560 ‚
979 1521 1032 1554 sed
1046 1521 1138 1554 istam

342 205 438 244 zoe
822 188 1155 231 Scito

269 280 318 313 a&
335 270 456 313 manfit.
483 272 581 306 Nulla
603 272 674 304 verb
697 269 795 303 adbuc
805 268 920 310 baerest‘s
932 280 1018 309 erat,
1046 279 1096 302 nec
1109 269 1158 302 ul-

273 327 338 361 lum
360 323 448 362 aliud
466 329 656 356 commentum
671 329 785 363 praeter
805 321 1006 359 ,Idololatriam
1037 317 1158 362 irrepse-

271 384 325 406 rat
336 398 343 405 .
370 373 452 419 Qae
463 373 576 411 omnia
591 373 741 406 videntur
753 381 812 404 nec
827 382 897 404 vera
909 370 973 409 effe
987 394 999 411 ,
1025 381 1086 403 nec
1097 369 1154 403 sibi

269 423 348 466 ›ipfis
362 424 537 459 cohaerere,
567 423 701 456 Etenim
723 420 812 464 quod
833 419 1009 465 pelagiana
1033 418 1155 461 haereiis

263 475 311 509 dit
320 483 397 508 nata
418 473 535 517 inipso
554 473 640 507 coelo
653 497 663 512 ,
690 473 724 505 in
737 471 891 511 Paradiso
911 471 1079 515 praedicata
1102 481 1154 514 per

272 525 453 567 serpentem
468 549 479 565 ,
507 523 580 557 Evae
592 522 732 568 persuasa
745 546 755 562 ,
781 521 934 566 atquefita
946 521 1093 555 Cainum
1119 521 1152 553 &

270 573 339 617 ejus
351 574 481 618 stirpem
494 573 593 619 longa
612 572 807 607 succeffione
818 572 997 615 corruperit
1007 596 1018 612 ‚
1044 569 1152 614 ample

270 625 468 659 demonstrat
483 624 514 657 in
527 624 661 667 epistola
673 624 713 657 ad
726 623 844 657 sacram
856 623 1019 667 virginem
1031 621 1148 655 Deme-

270 673 408 709 triadem
420 676 550 709 Sanetus
559 674 710 717 Prosper.
743 672 888 716 Supremi
912 674 997 706 inter
1011 670 1151 715 praevari-

268 735 392 760 catores
406 726 551 770 Angeli,
578 735 675 767 quem
699 724 810 766 passim
833 723 1023 757 Luciferum
1046 722 1149 765 appel-

267 774 372 810 lamus
392 800 403 816 ,
450 776 568 809 rimum
590 783 758 818 peccatum
779 773 870 807 fuisse
896 771 1075 816 superbiam
1097 771 1150 805 de-

267 826 427 860 monstrat
450 838 470 859 n
482 825 680 859 duodecimo
692 824 949 862 Monasticarum
970 820 1147 856 Institutio-

269 886 347 909 num
371 876 457 910 li'bro
472 876 821 919 Ioannes-Caffianus‚
849 885 887 906 ac
908 872 1076 916 insigniter
1097 882 1148 904 ex·

266 929 381 968 ponit:
413 926 530 968 Lucifer
539 928 661 959 indutus
686 926 795 957 divina
817 921 987 961 charitate,
1014 923 1048 955 et
1068 926 1147 956 inter

265 980 390 1009 eaeteras
407 974 553 1019 supernas
576 982 706 1009 virtutes
717 973 885 1006 conditoris
906 972 1050 1016 largitate
1067 980 1144 1013 prae-

258 1024 379 1069 fulgens
402 1051 413 1066 ,
435 1025 620 1069 splendorem
645 1023 824 1067 sapientia,
853 1024 887 1056 (9
910 1029 1060 1055 virtutum
1077 1022 1144 1064 pul-

264 1074 479 1114 chritudinem,
505 1078 564 1117 qua
574 1075 737 1108 ornabatur
744 1080 846 1118 gratia
860 1077 1032 1113 Creatoris,
1059 1080 1146 1105 natu*

264 1137 307 1160 rae
329 1124 391 1169 sita
406 1132 564 1168 potentia,
591 1137 649 1158 non
671 1123 878 1165 munificentia·
907 1123 988 1156 illius
1011 1122 1145 1165 beneficio

259 1173 291 1218 se
299 1177 428 1213 credidit
439 1177 588 1210 obtinere.v
616 1177 662 1208 Er
672 1175 706 1207 ob
718 1173 769 1206 boc
789 1175 886 1207 elatat
899 1197 910 1214 ,
936 1182 1082 1215 tanquam
1091 1179 1142 1215 qut·

258 1220 307 1258 ‘ad
310 1225 570 1269 perseverantiam
579 1230 725 1268 puritatis
736 1223 824 1265 hujus
846 1228 959 1258 Divino
973 1234 1031 1256 non
1050 1231 1143 1266 egeret

262 1278 371 1309 auxilio
385 1301 396 1317 ,
424 1279 485 1310 Deo
492 1275 525 1319 se
531 1275 655 1318 similem
660 1275 818 1316 judicavit
827 1299 838 1315 ,
855 1275 964 1315 utpote*
971 1277 1021 1315 qui
1031 1272 1141 1306 nullius

262 1327 428 1368 indigeret,
454 1327 705 1369 quemadmodum
719 1328 816 1363 Deus,
842 1322 927 1356 liberi
944 1321 1055 1365 scilieet
1066 1322 1138 1355 arbi

261 1380 314 1407 trii
324 1373 473 1415 facultate
491 1374 636 1417 confisus,
658 1382 717 1415 per
737 1375 822 1406 illam
845 1371 1142 1413 credens›affluenter

261 1430 359 1458 omnla
364 1423 481 1465 fibimet
485 1421 696 1467 suppeditari,
723 1434 790 1465 quae
800 1423 845 1454 ad
863 1420 1141 1464 consummationem

260 1480 410 1508 virtutum
430 1497 440 1513 ,
477 1475 530 1508 vel
545 1479 762 1516 perennitatem
793 1470 920 1515 summae
946 1471 1145 1504 beatitudinis

257 1575 352 1609 liberi
364 1575 488 1609 arbitrii
499 1573 661 1608 Divinam
673 1572 920 1606 similitudinem
935 1570 1066 1604 Lucifer
1078 1580 1139 1602 am·

258 1625 360 1658 bivit:
389 1626 425 1659 ln
439 1626 497 1659 ista
517 1622 771 1668 independentia
785 1622 889 1655 voluit
899 1622 962 1655 esie
973 1621 1049 1654 Deo
1061 1619 1140 1652 simi-

259 1676 310 1711 lis.
341 1675 439 1709 Istam
452 1674 635 1719 superbiam
656 1673 690 1708 δε
702 1672 764 1706 suis
775 1672 807 1705 in
823 1671 909 1705 coelo
921 1669 1058 1715 collegis
1070 1694 1081 1710 ‚
1108 1670 1141 1703 &

258 1726 377 1760 nostris
398 1727 431 1760 in
447 1724 602 1760 Paradiso
621 1721 836 1767 protoplastis
848 1716 996 1765 p‘ersuafit
1009 1744 1019 1761 ‚
1045 1729 1141 1763 atque

259 1776 303 1810 ita
324 1780 442 1810 'omnes
468 1777 520 1810 sua
540 1775 647 1810 cauda
665 1773 780 1816 dejecit
803 1773 838 1805 in
861 1781 980 1806 terram
1002 1795 1010 1803 .
1039 1768 1142 1818 Qiod

259 1829 365 1870 ipsum
379 1826 514 1860 trudunt
526 1826 582 1858 alii
597 1825 707 1868 paffim
721 1822 829 1856 Patres
842 1846 852 1862 ,
878 1820 1051 1864 praesertim
1066 1819 1142 1854 San-

261 1879 330 1911 etus
355 1875 576 1920 Augustinus.
607 1875 649 1908 Et
670 1873 744 1918 quis
764 1882 831 1906 eon
853 1871 940 1917 videt
964 1871 1055 1905 istam
1081 1870 1143 1903 effe

261 1938 373 1971 puram
393 1936 505 1970 putam
519 1924 657 1959 haerefim
667 1920 1068 1968 Pelagiananfflroinde‘
1077 1919 1142 1953 haec

260 1989 329 2010 non
344 1977 515 2011 dumtaxat
527 1975 632 2020 priora
644 1973 770 2009 diluvio
785 1971 896 2007 saecula
907 1970 1042 2006 foedavit
1054 1994 1065 2015 ,
1089 1969 1142 2004 sed

260 2028 359 2062 etiam
372 2026 562 2061 Paradisum
573 2050 584 2066 ,
614 2025 782 2068 ipsumque
793 2022 914 2057 coelum
929 2047 936 2054 .

313 2078 400 2112 Inter
419 2076 526 2110 Sancti
539 2074 704 2108 Ambrosii
726 2085 824 2117 opera
837 2072 942 2107 exstat
954 2070 1099 2106 eruditus
1110 2070 1143 2103 li-

262 2128 320 2161 ber
340 2127 380 2160 de
392 2126 613 2163 Paenitentia,
640 2134 737 2168 quem
758 2124 793 2156 in
807 2122 985 2156 Illustrium
1002 2122 1144 2155 virorum

264 2177 431 2220 Catalogo
452 2173 645 2209 Gennadius
667 2170 873 2207 Maffilienfis
895 2171 977 2206 reike
989 2170 1142 2205 adscribit

264 2227 393 2261 Vistori
405 2225 618 2259 Cartennensr
634 2224 796 2266 Episcopo
820 2223 854 2256 in
867 2220 1068 2255 Mauritania
1080 2220 1147 2254 Cae«

263 2276 404 2314 saraeenfi
420 2300 431 2316 ‚
456 2275 611 2318 additque
623 2274 736 2307 vixiffe
750 2272 1008 2309 subGeizerim,
1036 2270 1145 2303 Arria·

266 2339 312 2361 no
335 2327 430 2371 Rege
440 2325 698 2359 Wandalorum.
724 2323 794 2356 Hic
813 2322 922 2355 lucide
947 2320 1148 2352 demonstrat

267 2379 302 2411 in
314 2377 399 2412 Cain
417 2388 485 2411 non
500 2375 604 2409 solum
627 2371 845 2406 homicidium
857 2393 866 2407 ‚
893 2369 945 2400 sed
964 2368 1054 2409 plur-a
1071 2366 1147 2398 fixis-

268 2429 300 2462 se
322 2427 488 2467 facinora,
514 2423 686 2468 praesertim
713 2420 777 2453 haec
799 2431 806 2450 ε
832 2421 957 2450 sextum
978 2415 1015 2454 est
1035 2438 1046 2454 ,
1072 2414 1151 2456 quod

269 2480 334 2511 ci'im
349 2478 497 2509 homicidii
503 2473 596 2518 scelus
612 2471 765 2514 perficeret
777 2492 789 2509 ,
815 2466 935 2510 insuper
956 2467 990 2499 (9
1005 2471 1128 2508 negavit
1139 2487 1150 2503 ‚

271 2530 437 2569 &putavit
450 2530 545 2557 Deum
567 2519 780 2563 alicujusfae‘li
801 2524 938 2562 ignarum
951 2540 963 2556 ,
979 2526 1074 2557 >quem
1086 2525 1149 2546 con-

269 2573 461 2622 scientiaefue
470 2572 610 2616 secretum
632 2570 760 2613 multasse
777 2566 953 2610 persenserit
969 2589 980 2605 ,
1006 2566 1069 2597 cum
1080 2575 1151 2597 com-

270 2635 376 2670 petens
390 2624 527 2667 retuliffet
547 2628 579 2655 in
599 2622 754 2654 oblationis
772 2616 827 2660 sue
837 2616 1039 2657 reprobatione
1062 2622 1152 2656 repu-

275 2680 381 2710 dium.
407 2678 570 2717 Septimum
592 2678 701 2704 crimen
722 2668 758 2707 est
771 2691 781 2706 ‚
806 2668 886 2710 quod
900 2665 961 2708 post
982 2672 1106 2697 mortem
1122 2661 1154 2706 se

276 2739 334 2762 non
344 2727 472 2759 credidit
478 2726 617 2766 perditus
626 2720 789 2763 parricidio
795 2723 900 2759 puniri
915 2741 927 2756 ,
951 2716 1014 2749 cum
1027 2714 1062 2747 ob
1073 2713 1153 2755 infa-

277 2784 370 2811 miam
391 2779 522 2807 criminis
528 2772 676 2815 publicari
694 2771 737 2802 ad
756 2766 879 2810 presens
892 2775 1009 2808 tempus
1026 2763 1058 2808 se
1065 2763 1152 2806 postu-

280 2830 357 2861 lavit
369 2826 476 2860 occidi.
503 2820 607 2871 Qod
633 2822 761 2856 veniam
783 2818 975 2860 desperans,
999 2826 1038 2848 ac
1047 2815 1155 2857 despe-

280 2879 407 2911 ratione
418 2884 559 2909 coecatus
570 2871 652 2906 Cain
666 2870 827 2905 Divinam
835 2868 920 2901 circa
932 2865 1075 2899 humana
1084 2875 1157 2908 ope—

282 2940 317 2962 ra
330 2926 567 2970 providentiam
591 2920 783 2959 excusserit,
810 2930 848 2951 ac
858 2917 1046 2961 negaverit,
1073 2915 1158 2948 ideo·

283 2989 347 3022 que
369 2977 400 3009 se
413 2976 584 3017 peremnis
605 2971 738 3006 luxuriae
760 2968 885 3013 flagitia
896 2967 935 3000 fit
957 2966 1051 3000 solari
1063 2975 1157 2999 cona-

283 3039 336 3062 tus
353 3052 363 3068 ‚
389 3023 436 3059 est
453 3024 604 3057 constans
626 3021 774 3057 destrina
793 3018 926 3052 Parrum
950 3042 957 3049 .
981 3015 1073 3049 Hinc
1094 3015 1160 3058 ipse

285 3077 443 3112 aedifieata
459 3071 608 3107 Enochia
630 3070 782 3106 exaltavit
802 3070 894 3102 suum
910 3077 1032 3100 nomen
1055 3066 1089 3098 in
1101 3075 1159 3098 ter-

287 3130 355 3169 ris,
378 3125 446 3169 ejus
467 3122 583 3167 posteri
597 3123 789 3156 invenerunt
812 3127 948 3157 cantus²
975 3116 1089 3153 saltus,
1115 3115 1159 3147 fu-

287 3190 345 3213 cos
371 3200 382 3217 ,
415 3174 534 3218 quaevis
556 3173 698 3215 corporis
718 3170 948 3205 delectamenta
984 3176 1021 3198 ac
1058 3174 1160 3197 orna-

290 3239 400 3262 menta
424 3250 436 3267 ,
461 3233 558 3268 atque
577 3221 622 3255 ita
644 3233 698 3263 per
722 3222 777 3254 sua
803 3216 928 3263 flagitia
949 3224 1160 3257 corruperunt

292 3288 426 3313 omnem
437 3284 555 3310 terram
565 3296 575 3312 ,
601 3272 634 3305 ὅ(
646 3271 804 3304 Divinam
815 3268 970 3312 justitiam
982 3274 1160 3308 coegerunt

293 3328 334 3362 ad
346 3325 588 3368 cataclysmum
600 3347 607 3354 .
620 3320 663 3354 Et
675 3319 752 3354 hinc
763 3320 804 3353 de
816 3316 983 3352 Gnosticis
992 3315 1071 3348 dicit
1086 3314 1163 3347 San-

292 3378 361 3417 ssus
383 3373 478 3425 Judas
502 3371 698 3425 Apostolus:
724 3374 767 3411 νς
785 3371 846 3403 illis
859 3392 870 3410 ,
894 3371 945 3410 qui
966 3361 1072 3399 in'via
1086 3368 1165 3397 Cain

1196 200 1199 202 ’
1226 199 1250 229 L
1283 204 1285 207 '
1319 201 1337 230 1
1409 200 1441 229 0
1467 201 1469 203 ’
1513 200 1542 228 Ν

1224 267 1377 303 abierunt.
1407 266 1530 303 Revera
1543 268 1640 302 enim
1661 267 2000 305 Gnosticirduxerunt
2019 269 2102 305 Cai-

1223 327 1298 354 nam
1312 320 1413 353 vitam
1427 344 1435 351 .
1464 318 1505 353 Et
1517 320 1600 352 inter
1609 319 1697 353 varia
1716 320 1860 364 ipsorum
1868 321 1968 355 frusta
1978 320 2043 355 fuit
2066 321 2102 357 dt

1222 368 1328 403 Caina
1339 369 1480 409 linerolis,
1509 367 1609 413 longe
1619 370 1788 404 foediffima
1797 389 1812 406 ,κ
1828 370 1922 405 Cain
1934 371 1979 405 est
1991 371 2103 404 omni·

1221 418 1266 453 no
1276 419 1421 463 ipsorum
1439 419 1562 463 primus
1573 418 1650 453 fons
1671 419 1928 455 &Patriacum
1954 419 2100 455 Proinde

1218 480 1344 504 certum
1356 469 1401 504 est
1413 480 1491 504 ante
1508 469 1670 504 diluvium
1693 468 1785 504 fuisse
1807 466 1934 506 hareses
1946 494 1954 503 .
1982 471 2040 505 An
2054 481 2102 504 et·

1218 519 1282 554 lam
1294 519 1483 554 Idololatria
1505 521 1601 554 fuerit
1612 543 1624 560 ‚
1650 519 1696 553 est
1708 519 1998 564 obscurzxquaestio
2012 546 2019 553 .
2046 521 2100 555 In-

1217 571 1312 604 terim
1325 570 1497 613 quomodo
1507 571 1642 605 &aniius
1652 569 1856 615 Epiphanius
1876 570 2018 604 affirmat·
2027 570 2100 604 Ido-

1217 621 1379 655 lolatriam
1390 620 1483 654 fuiffe
1493 631 1571 655 ante
1581 619 1720 654 haerefim
1732 643 1744 659 ‚
1764 620 1880 654 noune
1893 619 1994 654 hierefi
2006 622 2019 654 i
2045 621 2099 654 Li-

1215 669 1268 705 cet
1276 671 1364 705 enirn
1377 680 1467 704 nune
1477 668 1672 705 Christianis
1682 669 1882 713 temporibus
1892 670 1986 714 poffit
1996 695 2007 711 ,
2016 679 2098 705 tune

1215 731 1324 755 tamen
1349 720 1405 767 illa
1426 720 1492 754 fine
1510 719 1616 753 haeress
1639 721 1703 755 effe
1726 730 1802 753 non
1818 719 1926 763 potuit
1938 745 1945 752 .
1971 720 2098 755 Omnis

1214 771 1358 805 adultera
1369 769 1410 803 de
1421 769 1566 804 Deozaut
1588 769 1655 812 ejus
1665 770 1756 804 cultu
1765 767 1913 804 doctrina
1934 778 2014 804 tunc
2026 778 2098 803 erat:

1215 821 1350 855 haerefis.
1377 821 1460 859 Haec
1471 821 1547 859 sunt
1559 818 1692 859 alterius
1711 820 1798 856 loci.
1826 819 1988 858 Attamen
2007 819 2100 866 juvat

1213 871 1384 910 ,infinuaise
1397 895 1405 909 ι

1229 1046 1231 1048 ’
1283 1022 1450 1095 Haerefi’s
1483 1021 1588 1075 diiiae
1617 1025 1754 1074 Graeca
1788 992 1902 1085 voce,
1936 1027 2028 1071 &c-

1258 1172 1340 1207 Haec
1353 1174 1451 1208 verba
1462 1197 1473 1213 ,
1484 1173 1594 1217 paucis
1605 1172 1738 1208 mutatis
1751 1195 1763 1213 ,
1789 1174 1818 1207 Sa
1831 1171 1970 1206 lfidorus
1981 1171 2099 1215 Hispa-

1209 1221 1301 1257 lenfis
1312 1223 1488 1268 Episcopus
1499 1223 1634 1258 inseruit
1651 1222 1714 1256 suis
1725 1222 1817 1256 libris
1827 1223 2005 1266 Originum
2018 1246 2025 1253 .
2055 1220 2100 1255 Et

1208 1273 1353 1315 quaedam
1366 1273 1483 1316 adjecit
1496 1286 1504 1307 ε
1516 1271 1639 1314 Haerefis
1652 1273 1756 1306 Graece
1767 1272 1805 1306 ab
1815 1272 1950 1306 electione
1961 1260 2099 1311 volatur,
2113 1276 2175 1308 Lib.
2201 1281 2232 1309 a.

1208 1324 1289 1364 quad
1293 1321 1403 1364 scilicet
1414 1320 1610 1365 unusquisque
1623 1321 1719 1363 idfibi
1729 1323 1831 1365 eligat,
1844 1324 1924 1368 quod
1934 1323 2037 1355 melius
2041 1319 2099 1362 ssb3
2111 1326 2176 1357 ⁸²1²·
2185 1326 2213 1354 3-

1207 1372 1258 1413 effe
1270 1373 1394 1404 videtur
1404 1393 1415 1409 ,
1435 1380 1468 1403 ue
1481 1368 1650 1413 Philosophi
1662 1394 1672 1410 ‚
1684 1373 1899 1412 Peripatetici,
1912 1372 2076 1404 Academici
2086 1391 2098 1409 ‚

1210 1423 1351 1462 Epicurei
1375 1422 1410 1454 ἐν
1431 1423 1544 1460 Stoici,
1569 1420 1622 1453 vel
1633 1420 1708 1461 ficut
1732 1421 1787 1453 alii
1801 1415 1820 1459 ’,
1844 1425 1897 1462 qui
1922 1411 2099 1463 pervetfiim

1205 1472 1315 1515 ,dogma
1342 1476 1505 1514 cogitantes
1528 1469 1657 1502 arbitrio
1661 1467 1716 1511 suo
1725 1471 1763 1502 de
1773 1467 1900 1510 Ecclefia
1910 1471 2081 1513 recefferunt
2088 1493 2098 1500 .

1211 1521 1254 1554 Et
1276 1522 1310 1553 in
1331 1520 1398 1553 alio
1416 1518 1557 1561 ejusdem
1567 1519 1674 1562 operis
1685 1518 1771 1554 libro
1788 1519 1928 1553 affirmat
1950 1520 2013 1553 effe
2033 1528 2098 1553 tres

1208 1568 1416 1603 Medicorum
1428 1568 1559 1603 haereses
1573 1582 1583 1601 ι
1613 1567 1842 1603 Methodicam
1862 1569 1903 1603 ab
1914 1567 2073 1613 Apolline
2083 1591 2096 1608 ,

1215 1620 1427 1662 Empyricam
1449 1618 1491 1653 ab
1505 1617 1724 1662 AEsculapio,
1749 1629 1790 1653 ae
1809 1619 1971 1664 Logicam
1995 1618 2099 1652 indu·-

1208 1718 1406 1763 quandoque
1425 1718 1668 1753 indifferentem
1687 1717 1960 1763 fignificationem
1977 1716 2096 1757 habet,

1208 1768 1405 1814 quandoque
1417 1780 1568 1812 pravam.
1595 1769 1810 1815 Qandoque
1831 1768 1923 1803 enim
1943 1766 2095 1812 quamvis

1208 1820 1306 1853 etiam
1333 1820 1349 1852 a
1372 1819 1498 1853 Divina
1524 1819 1597 1863 lege
1609 1818 1813 1862 permistam,
1838 1818 2032 1862 opinionem
2056 1816 2095 1850 fi-

1208 1870 1346 1914 gnificat
1366 1891 1377 1907 ‚
1405 1868 1605 1912 quandoque
1618 1869 1834 1907 damnatam,
1860 1870 1939 1912 quia
1966 1867 2095 1903 tradita

1211 1931 1265 1963 per
1299 1918 1461 1953 Divinam
1488 1916 1694 1961 Majestatem
1720 1917 1872 1951 doerinae
1905 1918 2091 1951 adversam.

1210 1970 1382 2004 Consonat
1408 1970 1443 2001 in
1468 1967 1721 2002 Commentario
1743 1972 1836 2010 {uper
1853 1966 2025 2010 epistolam
2051 1965 2093 2000 ad

1211 2068 1346 2102 elee‘lione
1358 2069 1472 2100 dieitur
1484 2090 1495 2107 ,
1520 2067 1604 2109 quod
1622 2065 1732 2109 scilicet
1741 2076 1808 2099 eam
1827 2063 1885 2108 fibi
1894 2064 2096 2109 unusquisque

1212 2120 1302 2163 eligat
1313 2115 1501 2160 disciplinam
1511 2140 1522 2157 ‚
1548 2128 1638 2159 quam
1645 2125 1738 2158 putat
1750 2115 1801 2158 effe
1810 2117 1959 2150 meliorem
1967 2140 1975 2148 .
2002 2115 2046 2149 Et
2057 2115 2104 2149 in‘

1213 2165 1466 2202 Commentario
1486 2167 1580 2210 super
1598 2166 1768 2209 epistolam
1780 2167 1820 2200 ad
1831 2167 1976 2201 Titum:
2002 2170 2096 2199 Nunc

1213 2218 1310 2262 ipsum
1339 2216 1463 2259 Haerefis
1489 2227 1592 2250 nomen
1608 2217 1730 2251 viderur
1750 2217 1843 2258 plene
1864 2215 2096 2250 ventilandum.

1216 2266 1339 2309 Haerefis
1365 2268 1469 2301 Gra-ce
1494 2266 1533 2299 ab
1554 2266 1687 2300 eteeiione
1713 2268 1822 2299 dicitur
1847 2290 1859 2305 ‚
1883 2267 1965 2309 quod
1984 2264 2097 2309 seilicet

1214 2316 1408 2359 unusquisque
1419 2318 1454 2349 id
1459 2315 1515 2357 fibi
1524 2316 1615 2359 eligat
1627 2340 1638 2356 ,
1663 2318 1747 2359 quod
1756 2322 1783 2351 ei
1798 2316 1903 2349 melius
1923 2315 1975 2359 effe
1995 2315 2100 2349 videa-

1180 2374 1183 2381 “
1214 2374 1264 2397 tur
1278 2388 1285 2395 .
1314 2364 1485 2405 Philosophi
1509 2376 1623 2404 quoque
1643 2368 1729 2396 stoici
1743 2389 1754 2404 ,
1782 2368 1999 2405 Peripatetici,
2027 2370 2099 2397 Aca-

1216 2414 1323 2446 demici
1337 2436 1347 2452 ,
1373 2415 1538 2453 Epicurei,
1564 2411 1643 2444 illius
1668 2413 1721 2444 vel
1728 2413 1809 2445 iliius
1819 2411 1973 2455 Haer-eseos
1994 2414 2099 2454 appel-

1215 2464 1320 2498 lantur
1330 2486 1338 2494 .
1365 2462 1410 2495 Et
1422 2462 1557 2496 sanstus
1570 2459 1772 2504 Epiphanius
1784 2462 1842 2494 suo
1853 2461 1994 2496 Panario
2017 2463 2099 2496 inse·

1218 2512 1282 2546 ruit
1300 2511 1400 2547 etiam
1423 2511 1551 2546 stoicos
1571 2535 1581 2552 ,
1606 2509 1855 2555 Pythagoreos,
1882 2510 2101 2552 Platonicos,

1220 2561 1400 2605 Epicureos
1425 2585 1438 2602 ,
1476 2560 1623 2603 aliosque
1649 2558 1871 2605 Philosophos
1897 2586 1908 2602 ,
1939 2570 2101 2604 tanquam

1218 2611 1348 2646 haereses
1358 2611 1507 2656 gentium
1518 2635 1529 2652 ‚
1556 2609 1589 2643 id
1601 2610 1647 2644 est
1664 2635 1674 2651 ,
1685 2611 1787 2644 varias
1797 2611 1973 2654 opiniones
1985 2635 1993 2643 .
2019 2612 2099 2645 San-

1219 2665 1287 2696 &us
1301 2661 1507 2706 Augustinus
1525 2661 1583 2695 suo
1594 2661 1770 2695 Haereseon
1783 2662 1938 2705 catalogo
1962 2660 2099 2695 inseruit

1220 2713 1302 2747 solas
1323 2710 1453 2746 haereses
1484 2710 1632 2747 adversas
1645 2711 1845 2755 Evangelio.
1872 2711 1934 2745 Hae
1943 2711 2032 2746 enim
2052 2711 2099 2745 so·

1222 2764 1258 2796 lae
1272 2764 1345 2796 sunt
1357 2761 1492 2806 propriae
1502 2771 1591 2795 novo
1604 2761 1831 2796 Testamento.
1860 2762 1899 2795 In
1912 2760 1996 2795 libro
2010 2760 2099 2804 Apo·

1222 2813 1366 2857 logetieo
1377 2811 1606 2845 Tertullianus
1632 2809 1854 2845 Christianam
1882 2811 2107 2857 Religionem.

1222 2863 1396 2906 aliquoties
1409 2860 1548 2906 appellat
1559 2861 1675 2895 seciam
1684 2886 1694 2902 ,
1721 2860 1862 2905 ideoque
1873 2859 1913 2895 ha
1920 2874 1960 2896 nc
1982 2870 2100 2896 vocem
2114 2879 2189 2920 0²94
2198 2883 2251 2915 454,

1222 2912 1339 2955 accipit
1351 2913 1384 2946 in
1398 2911 1525 2948 bonum
1536 2936 1544 2944 .
1572 2912 1629 2945 An
1643 2912 1715 2955 quis
1727 2912 1934 2946 authenticus
1956 2911 2100 2953 Scriptot

1224 2964 1266 2997 ita
1278 2963 1415 3005 accipiat
1439 2962 1474 2996 ὃς
1502 2971 1616 2995 vocem
1629 2985 1640 3001 ,
1671 2961 1814 3003 Haerefis,
1845 2974 1914 2996 non
1933 2960 2036 2995 facile
2053 2958 2100 2994 di-

1223 3013 1325 3048 xerim
1339 3037 1347 3045 .
1374 3011 1489 3050 Hodie
1499 3012 1585 3062 apud
1597 3021 1711 3048 omnes
1721 3009 1787 3047 haec
1810 3010 1939 3057 pessime
1960 3012 2054 3046 sonat
2066 3033 2077 3043 .

1293 3161 1375 3212 Ideo
1400 3163 1544 3229 &fibi
1556 3162 1779 3213 damnatum
1790 3161 1894 3209 dixit
1907 3196 1921 3221 ,
1940 3164 2033 3209 &c-

1279 3313 1411 3356 Utique
1433 3312 1611 3357 Apostolus
1636 3309 1758 3345 Paulus
1775 3309 1810 3343 in
1834 3308 1970 3352 epistola
1984 3307 2025 3342 ad
2038 3307 2106 3342 Ti·-

1230 3375 1301 3401 tum
1315 3377 1326 3397 .·
1352 3366 1451 3397 Sciens
1464 3367 1534 3406 quia
1542 3358 1703 3405 subversus
1716 3358 1759 3401 'ft'
1766 3363 1818 3406 qui
1827 3357 2059 3444 ejusmodidieggg·
2072 3362 2106 3397 Q

1213 1671 1296 1703 &am
1320 1669 1362 1703 ab
1387 1668 1594 1712 Hippocrate
1610 1693 1618 1701 .
1653 1668 1801 1702 Proinde
1827 1679 1895 1702 vox
1912 1691 1924 1708 ‚
1950 1658 2228 1738 Haerefis,‘1:-21;··44.

1211 2019 1345 2053 Galatas
1359 2018 1493 2053 Sanetus
1517 2016 1767 2059 Hieronymus:
1794 2014 1920 2058 Haerefis
1937 2017 2042 2051 σαι-ἑ
2051 2015 2093 2049 ab
2109 2005 2185 2043 (3³1³-
2204 2012 2232 2040 5·
