<?xml version="1.0" encoding="UTF-8"?>
<!DOCTYPE html PUBLIC "-//W3C//DTD XHTML 1.0 Transitional//EN"
    "http://www.w3.org/TR/xhtml1/DTD/xhtml1-transitional.dtd">
<html xmlns="http://www.w3.org/1999/xhtml" xml:lang="en" lang="en">
 <head>
  <title>
</title>
<meta http-equiv="Content-Type" content="text/html;charset=utf-8" />
  <meta name='ocr-system' content='tesseract 3.04.00' />
  <meta name='ocr-capabilities' content='ocr_page ocr_carea ocr_par ocr_line ocrx_word'/>
</head>
<body>
  <div class='ocr_page' id='page_1' title='image "./operaomniastudio09lupuuoft_0167.png"; bbox 0 0 2346 3724; ppageno 0'>
   <div class='ocr_carea' id='block_1_1' title="bbox 225 144 1127 1765">
    <p class='ocr_par' dir='ltr' id='par_1_1' title="bbox 225 144 1127 1167">
     <span class='ocr_line' id='line_1_1' title="bbox 748 144 1069 188; baseline -0.009 0"><span class='ocrx_word' id='word_1_1' title='bbox 748 144 791 188; x_wconf 94' lang='lat' dir='ltr'>C</span> <span class='ocrx_word' id='word_1_2' title='bbox 812 155 816 161; x_wconf 84' lang='lat'>‘</span> <span class='ocrx_word' id='word_1_3' title='bbox 860 158 889 187; x_wconf 78' lang='lat' dir='ltr'>A</span> <span class='ocrx_word' id='word_1_4' title='bbox 960 158 983 186; x_wconf 82' lang='lat'>1³</span> <span class='ocrx_word' id='word_1_5' title='bbox 1014 154 1020 156; x_wconf 83' lang='grc'><em>·</em></span> <span class='ocrx_word' id='word_1_6' title='bbox 1051 156 1069 185; x_wconf 87' lang='lat'>1</span> 
     </span>
     <span class='ocr_line' id='line_1_2' title="bbox 245 224 1118 270; baseline 0.001 -9"><span class='ocrx_word' id='word_1_7' title='bbox 245 227 282 261; x_wconf 76' lang='grc' dir='ltr'>δε</span> <span class='ocrx_word' id='word_1_8' title='bbox 294 224 444 260; x_wconf 67' lang='lat' dir='ltr'>factionis</span> <span class='ocrx_word' id='word_1_9' title='bbox 453 225 634 270; x_wconf 71' lang='lat' dir='ltr'>principem</span> <span class='ocrx_word' id='word_1_10' title='bbox 647 237 713 260; x_wconf 88' lang='lat' dir='ltr'>non</span> <span class='ocrx_word' id='word_1_11' title='bbox 727 228 897 264; x_wconf 74' lang='lat' dir='ltr'>dumtaxat</span> <span class='ocrx_word' id='word_1_12' title='bbox 910 226 1096 263; x_wconf 68' lang='lat' dir='ltr'>convictum</span> <span class='ocrx_word' id='word_1_13' title='bbox 1107 250 1118 266; x_wconf 89' lang='lat'>,</span> 
     </span>
     <span class='ocr_line' id='line_1_3' title="bbox 248 275 1122 313; baseline 0.001 -3"><span class='ocrx_word' id='word_1_14' title='bbox 248 276 301 310; x_wconf 85' lang='lat' dir='ltr'>sed</span> <span class='ocrx_word' id='word_1_15' title='bbox 323 276 573 310; x_wconf 78' lang='lat' dir='ltr'>&amp;conversum.</span> <span class='ocrx_word' id='word_1_16' title='bbox 603 275 647 310; x_wconf 86' lang='lat' dir='ltr'>Et</span> <span class='ocrx_word' id='word_1_17' title='bbox 658 277 810 312; x_wconf 67' lang='lat' dir='ltr'>Sannum</span> <span class='ocrx_word' id='word_1_18' title='bbox 835 278 1033 313; x_wconf 77' lang='lat' dir='ltr'>Archelaum</span> <span class='ocrx_word' id='word_1_19' title='bbox 1047 279 1122 311; x_wconf 92' lang='lat' dir='ltr'>Me-</span> 
     </span>
     <span class='ocr_line' id='line_1_4' title="bbox 246 325 1122 369; baseline 0.002 -10"><span class='ocrx_word' id='word_1_20' title='bbox 246 325 436 368; x_wconf 68' lang='lat' dir='ltr'>fiapotamiae</span> <span class='ocrx_word' id='word_1_21' title='bbox 471 325 671 369; x_wconf 82' lang='lat' dir='ltr'>Episcopum</span> <span class='ocrx_word' id='word_1_22' title='bbox 707 328 856 364; x_wconf 71' lang='lat' dir='ltr'>adversus</span> <span class='ocrx_word' id='word_1_23' title='bbox 882 327 1122 362; x_wconf 80' lang='lat' dir='ltr'>haercfiarcham</span> 
     </span>
     <span class='ocr_line' id='line_1_5' title="bbox 246 375 1121 419; baseline 0.003 -11"><span class='ocrx_word' id='word_1_24' title='bbox 246 375 416 408; x_wconf 84' lang='lat' dir='ltr'>Manetem</span> <span class='ocrx_word' id='word_1_25' title='bbox 448 375 622 419; x_wconf 68' lang='lat' dir='ltr'>disputasse</span> <span class='ocrx_word' id='word_1_26' title='bbox 644 377 754 412; x_wconf 82' lang='lat' dir='ltr'>scribit</span> <span class='ocrx_word' id='word_1_27' title='bbox 779 380 816 414; x_wconf 88' lang='lat' dir='ltr'>in</span> <span class='ocrx_word' id='word_1_28' title='bbox 843 380 930 414; x_wconf 84' lang='lat' dir='ltr'>sexta</span> <span class='ocrx_word' id='word_1_29' title='bbox 951 377 1121 412; x_wconf 86' lang='lat' dir='ltr'>Catechefi</span> 
     </span>
     <span class='ocr_line' id='line_1_6' title="bbox 225 424 1120 472; baseline 0 -13"><span class='ocrx_word' id='word_1_30' title='bbox 225 424 381 459; x_wconf 54' lang='lat' dir='ltr'>§andus</span> <span class='ocrx_word' id='word_1_31' title='bbox 400 425 547 468; x_wconf 88' lang='lat' dir='ltr'>Cyrillus</span> <span class='ocrx_word' id='word_1_32' title='bbox 573 427 753 471; x_wconf 83' lang='lat' dir='ltr'>Episcopus</span> <span class='ocrx_word' id='word_1_33' title='bbox 780 428 1120 472; x_wconf 83' lang='lat' dir='ltr'>Hierosolymitanus.</span> 
     </span>
     <span class='ocr_line' id='line_1_7' title="bbox 245 474 1123 522; baseline 0.005 -15"><span class='ocrx_word' id='word_1_34' title='bbox 245 474 291 508; x_wconf 76' lang='lat' dir='ltr'>Et</span> <span class='ocrx_word' id='word_1_35' title='bbox 306 474 458 519; x_wconf 83' lang='lat' dir='ltr'>adjungit</span> <span class='ocrx_word' id='word_1_36' title='bbox 482 476 632 511; x_wconf 82' lang='lat' dir='ltr'>Gentiles</span> <span class='ocrx_word' id='word_1_37' title='bbox 658 477 878 522; x_wconf 85' lang='lat' dir='ltr'>Philosophos</span> <span class='ocrx_word' id='word_1_38' title='bbox 894 480 988 513; x_wconf 71' lang='lat' dir='ltr'>finisse</span> <span class='ocrx_word' id='word_1_39' title='bbox 1004 479 1123 512; x_wconf 62' lang='lat' dir='ltr'>eleetos</span> 
     </span>
     <span class='ocr_line' id='line_1_8' title="bbox 245 524 1124 572; baseline 0.005 -15"><span class='ocrx_word' id='word_1_40' title='bbox 245 524 283 558; x_wconf 81' lang='lat' dir='ltr'>in</span> <span class='ocrx_word' id='word_1_41' title='bbox 294 524 423 566; x_wconf 70' lang='lat' dir='ltr'>Iudices</span> <span class='ocrx_word' id='word_1_42' title='bbox 435 539 446 559; x_wconf 85' lang='lat'>.·</span> <span class='ocrx_word' id='word_1_43' title='bbox 474 530 524 560; x_wconf 89' lang='lat' dir='ltr'>Ne</span> <span class='ocrx_word' id='word_1_44' title='bbox 535 525 734 568; x_wconf 78' lang='lat' dir='ltr'>fiCbrifliani</span> <span class='ocrx_word' id='word_1_45' title='bbox 750 531 783 572; x_wconf 88' lang='lat' dir='ltr'><strong><em>J</em></strong></span> <span class='ocrx_word' id='word_1_46' title='bbox 783 529 987 572; x_wconf 63' lang='lat' dir='ltr'>udices‘effent</span> <span class='ocrx_word' id='word_1_47' title='bbox 1000 553 1011 568; x_wconf 91' lang='lat'>‚</span> <span class='ocrx_word' id='word_1_48' title='bbox 1038 530 1124 561; x_wconf 82' lang='lat' dir='ltr'>vide-</span> 
     </span>
     <span class='ocr_line' id='line_1_9' title="bbox 246 575 1124 625; baseline 0.003 -18"><span class='ocrx_word' id='word_1_49' title='bbox 246 582 348 608; x_wconf 72' lang='lat' dir='ltr'>rentur</span> <span class='ocrx_word' id='word_1_50' title='bbox 366 575 496 619; x_wconf 79' lang='lat' dir='ltr'>faviffe.</span> <span class='ocrx_word' id='word_1_51' title='bbox 525 577 627 625; x_wconf 76' lang='lat' dir='ltr'>QOd</span> <span class='ocrx_word' id='word_1_52' title='bbox 654 578 757 622; x_wconf 86' lang='lat' dir='ltr'>ipsum</span> <span class='ocrx_word' id='word_1_53' title='bbox 794 579 927 614; x_wconf 84' lang='lat' dir='ltr'>testatur</span> <span class='ocrx_word' id='word_1_54' title='bbox 957 581 1124 613; x_wconf 80' lang='lat' dir='ltr'>Socrates.</span> 
     </span>
     <span class='ocr_line' id='line_1_10' title="bbox 250 625 1127 669; baseline 0.003 -10"><span class='ocrx_word' id='word_1_55' title='bbox 250 625 294 659; x_wconf 86' lang='lat' dir='ltr'>Et</span> <span class='ocrx_word' id='word_1_56' title='bbox 307 625 380 666; x_wconf 87' lang='lat' dir='ltr'>quis</span> <span class='ocrx_word' id='word_1_57' title='bbox 390 625 521 669; x_wconf 83' lang='lat' dir='ltr'>ignoret</span> <span class='ocrx_word' id='word_1_58' title='bbox 534 629 797 663; x_wconf 85' lang='lat' dir='ltr'>solemniffimam</span> <span class='ocrx_word' id='word_1_59' title='bbox 809 629 1038 664; x_wconf 87' lang='lat' dir='ltr'>Collationem</span> <span class='ocrx_word' id='word_1_60' title='bbox 1050 628 1127 663; x_wconf 83' lang='lat' dir='ltr'>Car-</span> 
     </span>
     <span class='ocr_line' id='line_1_11' title="bbox 247 672 1125 722; baseline 0.005 -14"><span class='ocrx_word' id='word_1_61' title='bbox 247 672 498 720; x_wconf 79' lang='lat' dir='ltr'>thaginensem,</span> <span class='ocrx_word' id='word_1_62' title='bbox 527 677 560 711; x_wconf 88' lang='lat' dir='ltr'>in</span> <span class='ocrx_word' id='word_1_63' title='bbox 574 690 638 722; x_wconf 82' lang='lat' dir='ltr'>qua</span> <span class='ocrx_word' id='word_1_64' title='bbox 648 690 758 713; x_wconf 85' lang='lat' dir='ltr'>coram</span> <span class='ocrx_word' id='word_1_65' title='bbox 767 681 840 713; x_wconf 85' lang='lat' dir='ltr'>viro</span> <span class='ocrx_word' id='word_1_66' title='bbox 851 680 937 714; x_wconf 87' lang='lat' dir='ltr'>laico</span> <span class='ocrx_word' id='word_1_67' title='bbox 950 703 962 720; x_wconf 89' lang='lat'>‚</span> <span class='ocrx_word' id='word_1_68' title='bbox 988 679 1125 714; x_wconf 76' lang='lat' dir='ltr'>Gemite</span> 
     </span>
     <span class='ocr_line' id='line_1_12' title="bbox 245 723 1123 774; baseline 0.006 -17"><span class='ocrx_word' id='word_1_69' title='bbox 245 723 448 761; x_wconf 87' lang='lat' dir='ltr'>Marcellino</span> <span class='ocrx_word' id='word_1_70' title='bbox 460 751 470 766; x_wconf 93' lang='lat'>‚</span> <span class='ocrx_word' id='word_1_71' title='bbox 488 727 693 770; x_wconf 87' lang='lat' dir='ltr'>disputarunt</span> <span class='ocrx_word' id='word_1_72' title='bbox 703 728 871 764; x_wconf 78' lang='lat' dir='ltr'>Catholici</span> <span class='ocrx_word' id='word_1_73' title='bbox 884 730 1036 774; x_wconf 83' lang='lat' dir='ltr'>Episcopi</span> <span class='ocrx_word' id='word_1_74' title='bbox 1048 739 1123 763; x_wconf 86' lang='lat' dir='ltr'>cum</span> 
     </span>
     <span class='ocr_line' id='line_1_13' title="bbox 246 774 1125 820; baseline 0.005 -12"><span class='ocrx_word' id='word_1_75' title='bbox 246 774 460 810; x_wconf 68' lang='lat' dir='ltr'>Donatistis?</span> <span class='ocrx_word' id='word_1_76' title='bbox 485 777 632 813; x_wconf 87' lang='lat' dir='ltr'>Similem</span> <span class='ocrx_word' id='word_1_77' title='bbox 657 778 911 814; x_wconf 79' lang='lat' dir='ltr'>catholicorum</span> <span class='ocrx_word' id='word_1_78' title='bbox 933 791 1009 814; x_wconf 91' lang='lat' dir='ltr'>cum</span> <span class='ocrx_word' id='word_1_79' title='bbox 1021 780 1125 820; x_wconf 85' lang='lat' dir='ltr'>Euty·</span> 
     </span>
     <span class='ocr_line' id='line_1_14' title="bbox 245 823 1126 872; baseline 0.006 -14"><span class='ocrx_word' id='word_1_80' title='bbox 245 823 413 860; x_wconf 85' lang='lat' dir='ltr'>chianistis</span> <span class='ocrx_word' id='word_1_81' title='bbox 430 828 599 871; x_wconf 88' lang='lat' dir='ltr'>Episcopis</span> <span class='ocrx_word' id='word_1_82' title='bbox 610 828 824 863; x_wconf 85' lang='lat' dir='ltr'>collationem</span> <span class='ocrx_word' id='word_1_83' title='bbox 846 830 912 863; x_wconf 89' lang='lat' dir='ltr'>fieri</span> <span class='ocrx_word' id='word_1_84' title='bbox 925 829 1010 872; x_wconf 84' lang='lat' dir='ltr'>juffit</span> <span class='ocrx_word' id='word_1_85' title='bbox 1022 830 1126 871; x_wconf 81' lang='lat' dir='ltr'>Impe-</span> 
     </span>
     <span class='ocr_line' id='line_1_15' title="bbox 244 876 1124 924; baseline 0.006 -17"><span class='ocrx_word' id='word_1_86' title='bbox 244 885 332 909; x_wconf 83' lang='lat' dir='ltr'>rator</span> <span class='ocrx_word' id='word_1_87' title='bbox 353 876 573 919; x_wconf 84' lang='lat' dir='ltr'>Justinianus.</span> <span class='ocrx_word' id='word_1_88' title='bbox 601 878 646 911; x_wconf 88' lang='lat' dir='ltr'>Et</span> <span class='ocrx_word' id='word_1_89' title='bbox 665 878 800 912; x_wconf 62' lang='lat' dir='ltr'>sanstus</span> <span class='ocrx_word' id='word_1_90' title='bbox 817 878 1023 924; x_wconf 85' lang='lat' dir='ltr'>Augustinus</span> <span class='ocrx_word' id='word_1_91' title='bbox 1044 879 1124 913; x_wconf 88' lang='lat' dir='ltr'>sole-</span> 
     </span>
     <span class='ocr_line' id='line_1_16' title="bbox 242 924 1123 969; baseline 0.005 -11"><span class='ocrx_word' id='word_1_92' title='bbox 242 924 407 959; x_wconf 76' lang='lat' dir='ltr'>mniffime</span> <span class='ocrx_word' id='word_1_93' title='bbox 420 926 507 965; x_wconf 86' lang='lat' dir='ltr'>solus</span> <span class='ocrx_word' id='word_1_94' title='bbox 530 927 707 969; x_wconf 87' lang='lat' dir='ltr'>disputavit</span> <span class='ocrx_word' id='word_1_95' title='bbox 729 939 806 962; x_wconf 88' lang='lat' dir='ltr'>cum</span> <span class='ocrx_word' id='word_1_96' title='bbox 819 930 1003 964; x_wconf 89' lang='lat' dir='ltr'>Fortunato</span> <span class='ocrx_word' id='word_1_97' title='bbox 1013 927 1123 962; x_wconf 84' lang='lat' dir='ltr'>Mani·</span> 
     </span>
     <span class='ocr_line' id='line_1_17' title="bbox 241 973 1121 1019; baseline 0.005 -12"><span class='ocrx_word' id='word_1_98' title='bbox 241 973 407 1009; x_wconf 79' lang='lat' dir='ltr'>ehaeorum</span> <span class='ocrx_word' id='word_1_99' title='bbox 427 975 626 1019; x_wconf 83' lang='lat' dir='ltr'>Presbytero</span> <span class='ocrx_word' id='word_1_100' title='bbox 641 1002 653 1017; x_wconf 89' lang='lat'><strong>,</strong></span> <span class='ocrx_word' id='word_1_101' title='bbox 678 988 753 1011; x_wconf 89' lang='lat' dir='ltr'>cum</span> <span class='ocrx_word' id='word_1_102' title='bbox 773 978 882 1013; x_wconf 87' lang='lat' dir='ltr'>Felice</span> <span class='ocrx_word' id='word_1_103' title='bbox 906 976 1098 1012; x_wconf 81' lang='lat' dir='ltr'>Manichaeo</span> <span class='ocrx_word' id='word_1_104' title='bbox 1110 1000 1121 1016; x_wconf 88' lang='lat'><strong>,</strong></span> 
     </span>
     <span class='ocr_line' id='line_1_18' title="bbox 240 1025 1121 1067; baseline 0.003 -10"><span class='ocrx_word' id='word_1_105' title='bbox 240 1035 319 1058; x_wconf 83' lang='lat' dir='ltr'>cum</span> <span class='ocrx_word' id='word_1_106' title='bbox 330 1025 459 1060; x_wconf 78' lang='lat' dir='ltr'>Ariane</span> <span class='ocrx_word' id='word_1_107' title='bbox 471 1026 604 1060; x_wconf 86' lang='lat' dir='ltr'>Comite</span> <span class='ocrx_word' id='word_1_108' title='bbox 623 1027 799 1062; x_wconf 88' lang='lat' dir='ltr'>Pascentio</span> <span class='ocrx_word' id='word_1_109' title='bbox 810 1051 821 1067; x_wconf 89' lang='lat'>‚</span> <span class='ocrx_word' id='word_1_110' title='bbox 846 1029 879 1062; x_wconf 75' lang='grc' dir='ltr'>δε</span> <span class='ocrx_word' id='word_1_111' title='bbox 888 1039 966 1063; x_wconf 88' lang='lat' dir='ltr'>cum</span> <span class='ocrx_word' id='word_1_112' title='bbox 979 1027 1121 1061; x_wconf 86' lang='lat' dir='ltr'>Ariano-</span> 
     </span>
     <span class='ocr_line' id='line_1_19' title="bbox 239 1073 1119 1122; baseline 0.008 -17"><span class='ocrx_word' id='word_1_113' title='bbox 239 1084 314 1106; x_wconf 84' lang='lat' dir='ltr'>rum</span> <span class='ocrx_word' id='word_1_114' title='bbox 327 1073 491 1118; x_wconf 82' lang='lat' dir='ltr'>Episcopo</span> <span class='ocrx_word' id='word_1_115' title='bbox 502 1076 695 1110; x_wconf 81' lang='lat' dir='ltr'>Maximino</span> <span class='ocrx_word' id='word_1_116' title='bbox 707 1101 716 1109; x_wconf 92' lang='lat'><em>.</em></span> <span class='ocrx_word' id='word_1_117' title='bbox 742 1077 883 1112; x_wconf 74' lang='lat' dir='ltr'>Exstant</span> <span class='ocrx_word' id='word_1_118' title='bbox 903 1078 999 1122; x_wconf 86' lang='lat' dir='ltr'>plura</span> <span class='ocrx_word' id='word_1_119' title='bbox 1014 1078 1119 1111; x_wconf 79' lang='lat' dir='ltr'>istius-</span> 
     </span>
     <span class='ocr_line' id='line_1_20' title="bbox 239 1122 516 1167; baseline 0.004 -12"><span class='ocrx_word' id='word_1_120' title='bbox 239 1122 333 1156; x_wconf 87' lang='lat' dir='ltr'>modi</span> <span class='ocrx_word' id='word_1_121' title='bbox 345 1125 496 1167; x_wconf 86' lang='lat' dir='ltr'>exempla</span> <span class='ocrx_word' id='word_1_122' title='bbox 509 1149 516 1156; x_wconf 93' lang='lat'><strong>.</strong></span> 
     </span>
    </p>

    <p class='ocr_par' dir='ltr' id='par_1_2' title="bbox 232 1172 1123 1765">
     <span class='ocr_line' id='line_1_21' title="bbox 289 1172 1123 1221; baseline 0.006 -15"><span class='ocrx_word' id='word_1_123' title='bbox 289 1172 491 1217; x_wconf 88' lang='lat' dir='ltr'>Respondeo</span> <span class='ocrx_word' id='word_1_124' title='bbox 504 1186 580 1210; x_wconf 88' lang='lat' dir='ltr'>cum</span> <span class='ocrx_word' id='word_1_125' title='bbox 591 1177 709 1211; x_wconf 72' lang='lat' dir='ltr'>Sansto</span> <span class='ocrx_word' id='word_1_126' title='bbox 721 1177 847 1220; x_wconf 88' lang='lat' dir='ltr'>Joanne</span> <span class='ocrx_word' id='word_1_127' title='bbox 860 1176 1099 1221; x_wconf 84' lang='lat' dir='ltr'>Chrysostomo</span> <span class='ocrx_word' id='word_1_128' title='bbox 1109 1202 1123 1217; x_wconf 85' lang='lat'>,</span> 
     </span>
     <span class='ocr_line' id='line_1_22' title="bbox 237 1222 1123 1270; baseline 0.009 -15"><span class='ocrx_word' id='word_1_129' title='bbox 237 1222 296 1264; x_wconf 89' lang='lat' dir='ltr'>qui</span> <span class='ocrx_word' id='word_1_130' title='bbox 308 1225 342 1256; x_wconf 91' lang='lat' dir='ltr'>in</span> <span class='ocrx_word' id='word_1_131' title='bbox 352 1222 549 1259; x_wconf 83' lang='lat' dir='ltr'>duodecima</span> <span class='ocrx_word' id='word_1_132' title='bbox 560 1227 652 1270; x_wconf 91' lang='lat' dir='ltr'>super</span> <span class='ocrx_word' id='word_1_133' title='bbox 665 1227 840 1262; x_wconf 85' lang='lat' dir='ltr'>secundam</span> <span class='ocrx_word' id='word_1_134' title='bbox 859 1229 900 1262; x_wconf 89' lang='lat' dir='ltr'>ad</span> <span class='ocrx_word' id='word_1_135' title='bbox 912 1227 1123 1263; x_wconf 78' lang='lat' dir='ltr'>Thessaloni-</span> 
     </span>
     <span class='ocr_line' id='line_1_23' title="bbox 238 1273 1122 1322; baseline 0.009 -17"><span class='ocrx_word' id='word_1_136' title='bbox 238 1274 350 1307; x_wconf 87' lang='lat' dir='ltr'>censes</span> <span class='ocrx_word' id='word_1_137' title='bbox 368 1273 507 1308; x_wconf 83' lang='lat' dir='ltr'>homilia</span> <span class='ocrx_word' id='word_1_138' title='bbox 530 1277 694 1319; x_wconf 87' lang='lat' dir='ltr'>improbat</span> <span class='ocrx_word' id='word_1_139' title='bbox 718 1276 904 1312; x_wconf 82' lang='lat' dir='ltr'>istiusmodi</span> <span class='ocrx_word' id='word_1_140' title='bbox 928 1279 1122 1322; x_wconf 88' lang='lat' dir='ltr'>disputatio-</span> 
     </span>
     <span class='ocr_line' id='line_1_24' title="bbox 238 1324 1120 1370; baseline 0.006 -15"><span class='ocrx_word' id='word_1_141' title='bbox 238 1332 319 1361; x_wconf 86' lang='lat' dir='ltr'>nes,</span> <span class='ocrx_word' id='word_1_142' title='bbox 344 1324 558 1368; x_wconf 71' lang='lat' dir='ltr'>&amp;adjungitz</span> <span class='ocrx_word' id='word_1_143' title='bbox 586 1329 693 1368; x_wconf 81' lang='lat' dir='ltr'><em>Neque</em></span> <span class='ocrx_word' id='word_1_144' title='bbox 713 1333 792 1359; x_wconf 81' lang='lat' dir='ltr'>enim</span> <span class='ocrx_word' id='word_1_145' title='bbox 802 1326 868 1367; x_wconf 74' lang='lat' dir='ltr'>fieri</span> <span class='ocrx_word' id='word_1_146' title='bbox 884 1329 996 1369; x_wconf 76' lang='lat' dir='ltr'>potest,</span> <span class='ocrx_word' id='word_1_147' title='bbox 1022 1335 1120 1370; x_wconf 85' lang='lat' dir='ltr'>utqui</span> 
     </span>
     <span class='ocr_line' id='line_1_25' title="bbox 238 1372 1122 1421; baseline 0.007 -17"><span class='ocrx_word' id='word_1_148' title='bbox 238 1382 342 1405; x_wconf 80' lang='lat' dir='ltr'>contra</span> <span class='ocrx_word' id='word_1_149' title='bbox 359 1372 511 1416; x_wconf 82' lang='lat' dir='ltr'>perversae</span> <span class='ocrx_word' id='word_1_150' title='bbox 528 1373 685 1417; x_wconf 63' lang='lat' dir='ltr'>sententiae</span> <span class='ocrx_word' id='word_1_151' title='bbox 694 1373 825 1408; x_wconf 74' lang='lat' dir='ltr'>homines</span> <span class='ocrx_word' id='word_1_152' title='bbox 834 1385 953 1421; x_wconf 83' lang='lat' dir='ltr'><em>pugnat</em></span> <span class='ocrx_word' id='word_1_153' title='bbox 966 1402 977 1417; x_wconf 94' lang='lat'><em>,</em></span> <span class='ocrx_word' id='word_1_154' title='bbox 1003 1379 1122 1419; x_wconf 83' lang='lat' dir='ltr'>aliquid</span> 
     </span>
     <span class='ocr_line' id='line_1_26' title="bbox 237 1424 1119 1467; baseline 0.008 -14"><span class='ocrx_word' id='word_1_155' title='bbox 237 1432 372 1463; x_wconf 79' lang='lat' dir='ltr'>unquam</span> <span class='ocrx_word' id='word_1_156' title='bbox 389 1424 530 1455; x_wconf 78' lang='lat' dir='ltr'>lucretur.</span> <span class='ocrx_word' id='word_1_157' title='bbox 558 1426 711 1457; x_wconf 68' lang='lat' dir='ltr'>Caeteri&#39;cm</span> <span class='ocrx_word' id='word_1_158' title='bbox 728 1425 886 1467; x_wconf 76' lang='lat' dir='ltr'>siquando</span> <span class='ocrx_word' id='word_1_159' title='bbox 910 1429 1055 1460; x_wconf 84' lang='lat' dir='ltr'>damnum</span> <span class='ocrx_word' id='word_1_160' title='bbox 1067 1428 1119 1459; x_wconf 83' lang='lat' dir='ltr'>ali-</span> 
     </span>
     <span class='ocr_line' id='line_1_27' title="bbox 237 1472 1120 1520; baseline 0.009 -19"><span class='ocrx_word' id='word_1_161' title='bbox 237 1472 320 1515; x_wconf 55' lang='lat' dir='ltr'>quod</span> <span class='ocrx_word' id='word_1_162' title='bbox 337 1482 376 1504; x_wconf 77' lang='lat' dir='ltr'>ex</span> <span class='ocrx_word' id='word_1_163' title='bbox 395 1472 492 1510; x_wconf 82' lang='lat' dir='ltr'>nostra</span> <span class='ocrx_word' id='word_1_164' title='bbox 521 1479 727 1514; x_wconf 64' lang='lat' dir='ltr'>taciturnitate</span> <span class='ocrx_word' id='word_1_165' title='bbox 752 1481 909 1507; x_wconf 82' lang='lat' dir='ltr'>metuimus</span> <span class='ocrx_word' id='word_1_166' title='bbox 934 1500 946 1516; x_wconf 93' lang='lat'>,</span> <span class='ocrx_word' id='word_1_167' title='bbox 970 1487 1120 1520; x_wconf 78' lang='lat' dir='ltr'>tanquam</span> 
     </span>
     <span class='ocr_line' id='line_1_28' title="bbox 232 1521 1122 1564; baseline 0.009 -13"><span class='ocrx_word' id='word_1_168' title='bbox 232 1529 356 1562; x_wconf 80' lang='lat' dir='ltr'>propter</span> <span class='ocrx_word' id='word_1_169' title='bbox 379 1521 586 1563; x_wconf 72' lang='lat' dir='ltr'>infirmitatem</span> <span class='ocrx_word' id='word_1_170' title='bbox 601 1524 643 1556; x_wconf 70' lang='lat'>·&amp;</span> <span class='ocrx_word' id='word_1_171' title='bbox 652 1521 799 1564; x_wconf 52' lang='lat' dir='ltr'>affetum</span> <span class='ocrx_word' id='word_1_172' title='bbox 818 1530 944 1557; x_wconf 82' lang='lat' dir='ltr'>rationis</span> <span class='ocrx_word' id='word_1_173' title='bbox 965 1531 1122 1559; x_wconf 74' lang='lat' dir='ltr'>metuenti-</span> 
     </span>
     <span class='ocr_line' id='line_1_29' title="bbox 235 1569 1123 1615; baseline 0.008 -13"><span class='ocrx_word' id='word_1_174' title='bbox 235 1570 292 1603; x_wconf 81' lang='lat' dir='ltr'>bus</span> <span class='ocrx_word' id='word_1_175' title='bbox 304 1569 386 1603; x_wconf 80' lang='lat' dir='ltr'>nobis</span> <span class='ocrx_word' id='word_1_176' title='bbox 408 1571 574 1604; x_wconf 74' lang='lat' dir='ltr'>adversum</span> <span class='ocrx_word' id='word_1_177' title='bbox 595 1583 643 1605; x_wconf 84' lang='lat' dir='ltr'>eos</span> <span class='ocrx_word' id='word_1_178' title='bbox 654 1571 762 1606; x_wconf 82' lang='lat' dir='ltr'>babere</span> <span class='ocrx_word' id='word_1_179' title='bbox 782 1574 943 1614; x_wconf 63' lang='lat' dir='ltr'>confltdum</span> <span class='ocrx_word' id='word_1_180' title='bbox 954 1599 965 1615; x_wconf 94' lang='lat'><em>‚</em></span> <span class='ocrx_word' id='word_1_181' title='bbox 992 1585 1055 1608; x_wconf 83' lang='lat' dir='ltr'>tum</span> <span class='ocrx_word' id='word_1_182' title='bbox 1070 1587 1123 1609; x_wconf 85' lang='lat' dir='ltr'>ne·</span> 
     </span>
     <span class='ocr_line' id='line_1_30' title="bbox 236 1621 1118 1665; baseline 0.005 -10"><span class='ocrx_word' id='word_1_183' title='bbox 236 1622 353 1664; x_wconf 74' lang='lat' dir='ltr'>ceffario</span> <span class='ocrx_word' id='word_1_184' title='bbox 364 1622 550 1654; x_wconf 78' lang='lat' dir='ltr'>retundenda</span> <span class='ocrx_word' id='word_1_185' title='bbox 560 1621 598 1660; x_wconf 77' lang='lat' dir='ltr'>est</span> <span class='ocrx_word' id='word_1_186' title='bbox 609 1623 723 1655; x_wconf 82' lang='lat' dir='ltr'>illorum</span> <span class='ocrx_word' id='word_1_187' title='bbox 743 1624 916 1665; x_wconf 69' lang='lat' dir='ltr'>improbitax</span> <span class='ocrx_word' id='word_1_188' title='bbox 925 1649 934 1656; x_wconf 89' lang='lat'><strong>.</strong></span> <span class='ocrx_word' id='word_1_189' title='bbox 963 1623 1118 1659; x_wconf 83' lang='lat' dir='ltr'>Affirmat</span> 
     </span>
     <span class='ocr_line' id='line_1_31' title="bbox 236 1669 1123 1718; baseline 0.006 -14"><span class='ocrx_word' id='word_1_190' title='bbox 236 1683 309 1705; x_wconf 85' lang='lat' dir='ltr'>non</span> <span class='ocrx_word' id='word_1_191' title='bbox 320 1680 450 1715; x_wconf 86' lang='lat' dir='ltr'>propter</span> <span class='ocrx_word' id='word_1_192' title='bbox 471 1671 557 1715; x_wconf 84' lang='lat' dir='ltr'>ipsos</span> <span class='ocrx_word' id='word_1_193' title='bbox 574 1669 737 1707; x_wconf 83' lang='lat' dir='ltr'>haereticos</span> <span class='ocrx_word' id='word_1_194' title='bbox 750 1697 762 1713; x_wconf 88' lang='lat'>,</span> <span class='ocrx_word' id='word_1_195' title='bbox 788 1685 849 1708; x_wconf 90' lang='lat' dir='ltr'>nec</span> <span class='ocrx_word' id='word_1_196' title='bbox 870 1684 1001 1718; x_wconf 83' lang='lat' dir='ltr'>propter</span> <span class='ocrx_word' id='word_1_197' title='bbox 1025 1677 1123 1718; x_wconf 86' lang='lat' dir='ltr'>spera-</span> 
     </span>
     <span class='ocr_line' id='line_1_32' title="bbox 237 1720 1123 1765; baseline 0.005 -11"><span class='ocrx_word' id='word_1_198' title='bbox 237 1731 313 1755; x_wconf 85' lang='lat' dir='ltr'>tum</span> <span class='ocrx_word' id='word_1_199' title='bbox 330 1732 372 1755; x_wconf 85' lang='lat' dir='ltr'>ex</span> <span class='ocrx_word' id='word_1_200' title='bbox 392 1721 464 1765; x_wconf 85' lang='lat' dir='ltr'>ipfis</span> <span class='ocrx_word' id='word_1_201' title='bbox 477 1720 706 1756; x_wconf 87' lang='lat' dir='ltr'>convertendis</span> <span class='ocrx_word' id='word_1_202' title='bbox 717 1724 858 1759; x_wconf 67' lang='lat' dir='ltr'>frustum</span> <span class='ocrx_word' id='word_1_203' title='bbox 872 1749 883 1765; x_wconf 93' lang='lat'>‚</span> <span class='ocrx_word' id='word_1_204' title='bbox 912 1725 963 1759; x_wconf 89' lang='lat' dir='ltr'>sed</span> <span class='ocrx_word' id='word_1_205' title='bbox 977 1725 1019 1759; x_wconf 90' lang='lat' dir='ltr'>ad</span> <span class='ocrx_word' id='word_1_206' title='bbox 1032 1725 1123 1760; x_wconf 85' lang='lat' dir='ltr'>stabi-</span> 
     </span>
    </p>
   </div>
   <div class='ocr_carea' id='block_1_2' title="bbox 105 605 231 687">
    <p class='ocr_par' dir='ltr' id='par_1_3' title="bbox 105 605 231 687">
     <span class='ocr_line' id='line_1_33' title="bbox 116 605 229 638; baseline -0.027 0"><span class='ocrx_word' id='word_1_207' title='bbox 116 605 180 638; x_wconf 69' lang='lat' dir='ltr'>m).</span> <span class='ocrx_word' id='word_1_208' title='bbox 204 615 229 636; x_wconf 78' lang='grc' dir='ltr'>ι.</span> 
     </span>
     <span class='ocr_line' id='line_1_34' title="bbox 105 656 231 687; baseline -0.032 -7"><span class='ocrx_word' id='word_1_209' title='bbox 105 656 174 687; x_wconf 71' lang='lat' dir='ltr'>cap·</span> <span class='ocrx_word' id='word_1_210' title='bbox 186 657 231 684; x_wconf 86' lang='lat'>¹⁷·</span> 
     </span>
    </p>
   </div>
   <div class='ocr_carea' id='block_1_3' title="bbox 87 1768 1123 3412">
    <p class='ocr_par' dir='ltr' id='par_1_4' title="bbox 236 1768 1123 1819">
     <span class='ocr_line' id='line_1_35' title="bbox 236 1768 1123 1819; baseline 0.003 -13"><span class='ocrx_word' id='word_1_211' title='bbox 236 1768 389 1806; x_wconf 71' lang='lat' dir='ltr'>tiendum</span> <span class='ocrx_word' id='word_1_212' title='bbox 406 1769 555 1805; x_wconf 84' lang='lat' dir='ltr'>nostrum</span> <span class='ocrx_word' id='word_1_213' title='bbox 578 1771 768 1813; x_wconf 85' lang='lat' dir='ltr'>infirmum,</span> <span class='ocrx_word' id='word_1_214' title='bbox 795 1773 837 1809; x_wconf 89' lang='lat' dir='ltr'>ab</span> <span class='ocrx_word' id='word_1_215' title='bbox 859 1774 935 1818; x_wconf 87' lang='lat' dir='ltr'>ipfis</span> <span class='ocrx_word' id='word_1_216' title='bbox 948 1775 983 1808; x_wconf 91' lang='lat' dir='ltr'>in</span> <span class='ocrx_word' id='word_1_217' title='bbox 997 1776 1123 1819; x_wconf 89' lang='lat' dir='ltr'>scrupu-</span> 
     </span>
    </p>

    <p class='ocr_par' dir='ltr' id='par_1_5' title="bbox 235 1821 1123 1916">
     <span class='ocr_line' id='line_1_36' title="bbox 235 1821 1122 1869; baseline 0.005 -13"><span class='ocrx_word' id='word_1_218' title='bbox 235 1821 290 1856; x_wconf 82' lang='lat' dir='ltr'>los</span> <span class='ocrx_word' id='word_1_219' title='bbox 312 1821 593 1865; x_wconf 79' lang='lat' dir='ltr'>circumscriptum</span> <span class='ocrx_word' id='word_1_220' title='bbox 619 1823 779 1865; x_wconf 82' lang='lat' dir='ltr'>populum</span> <span class='ocrx_word' id='word_1_221' title='bbox 803 1849 815 1864; x_wconf 94' lang='lat'><em>,</em></span> <span class='ocrx_word' id='word_1_222' title='bbox 849 1826 912 1858; x_wconf 77' lang='lat' dir='ltr'>effe</span> <span class='ocrx_word' id='word_1_223' title='bbox 937 1836 1014 1859; x_wconf 87' lang='lat' dir='ltr'>cum</span> <span class='ocrx_word' id='word_1_224' title='bbox 1047 1826 1122 1869; x_wconf 84' lang='lat' dir='ltr'>ipfis</span> 
     </span>
     <span class='ocr_line' id='line_1_37' title="bbox 236 1872 1123 1916; baseline 0.002 -9"><span class='ocrx_word' id='word_1_225' title='bbox 236 1872 438 1916; x_wconf 74' lang='lat' dir='ltr'>quandoque</span> <span class='ocrx_word' id='word_1_226' title='bbox 458 1872 708 1916; x_wconf 85' lang='lat' dir='ltr'>disputandum.</span> <span class='ocrx_word' id='word_1_227' title='bbox 737 1873 781 1907; x_wconf 91' lang='lat' dir='ltr'>Et</span> <span class='ocrx_word' id='word_1_228' title='bbox 793 1874 839 1908; x_wconf 85' lang='lat' dir='ltr'>ita</span> <span class='ocrx_word' id='word_1_229' title='bbox 863 1886 940 1909; x_wconf 86' lang='lat' dir='ltr'>curn</span> <span class='ocrx_word' id='word_1_230' title='bbox 952 1875 1123 1910; x_wconf 89' lang='lat' dir='ltr'>Montani-</span> 
     </span>
    </p>

    <p class='ocr_par' dir='ltr' id='par_1_6' title="bbox 234 1919 1122 1968">
     <span class='ocr_line' id='line_1_38' title="bbox 234 1919 1122 1968; baseline 0.003 -11"><span class='ocrx_word' id='word_1_231' title='bbox 234 1919 294 1957; x_wconf 77' lang='lat' dir='ltr'>ssis</span> <span class='ocrx_word' id='word_1_232' title='bbox 313 1921 491 1965; x_wconf 84' lang='lat' dir='ltr'>disputavit</span> <span class='ocrx_word' id='word_1_233' title='bbox 519 1921 668 1956; x_wconf 86' lang='lat' dir='ltr'>laudatus</span> <span class='ocrx_word' id='word_1_234' title='bbox 699 1922 917 1967; x_wconf 88' lang='lat' dir='ltr'>Metropolita</span> <span class='ocrx_word' id='word_1_235' title='bbox 946 1925 1122 1968; x_wconf 84' lang='lat' dir='ltr'>Apollina-</span> 
     </span>
    </p>

    <p class='ocr_par' dir='ltr' id='par_1_7' title="bbox 234 1971 1123 2067">
     <span class='ocr_line' id='line_1_39' title="bbox 234 1971 1123 2019; baseline 0.003 -12"><span class='ocrx_word' id='word_1_236' title='bbox 234 1973 303 2007; x_wconf 73' lang='lat' dir='ltr'>rins</span> <span class='ocrx_word' id='word_1_237' title='bbox 322 1997 332 2005; x_wconf 84' lang='lat'><strong>.</strong></span> <span class='ocrx_word' id='word_1_238' title='bbox 358 1972 486 2007; x_wconf 78' lang='lat' dir='ltr'>Verum</span> <span class='ocrx_word' id='word_1_239' title='bbox 510 1972 694 2006; x_wconf 84' lang='lat' dir='ltr'>istiusmodi</span> <span class='ocrx_word' id='word_1_240' title='bbox 719 1971 901 2017; x_wconf 78' lang='lat' dir='ltr'>disputator</span> <span class='ocrx_word' id='word_1_241' title='bbox 923 1974 1039 2019; x_wconf 88' lang='lat' dir='ltr'>nequit</span> <span class='ocrx_word' id='word_1_242' title='bbox 1059 1977 1123 2010; x_wconf 79' lang='lat' dir='ltr'>effe</span> 
     </span>
     <span class='ocr_line' id='line_1_40' title="bbox 234 2021 1121 2067; baseline 0.003 -11"><span class='ocrx_word' id='word_1_243' title='bbox 234 2023 406 2067; x_wconf 68' lang='lat' dir='ltr'>imperitus</span> <span class='ocrx_word' id='word_1_244' title='bbox 426 2023 538 2056; x_wconf 89' lang='lat' dir='ltr'>nescio</span> <span class='ocrx_word' id='word_1_245' title='bbox 556 2021 630 2064; x_wconf 87' lang='lat' dir='ltr'>quis</span> <span class='ocrx_word' id='word_1_246' title='bbox 654 2033 693 2056; x_wconf 88' lang='lat' dir='ltr'>ac</span> <span class='ocrx_word' id='word_1_247' title='bbox 713 2024 901 2066; x_wconf 80' lang='lat' dir='ltr'>temerarius</span> <span class='ocrx_word' id='word_1_248' title='bbox 924 2025 1096 2059; x_wconf 86' lang='lat' dir='ltr'>Domitius</span> <span class='ocrx_word' id='word_1_249' title='bbox 1108 2050 1121 2066; x_wconf 90' lang='lat'><strong><em>,</em></strong></span> 
     </span>
    </p>

    <p class='ocr_par' dir='ltr' id='par_1_8' title="bbox 90 2070 1123 2266">
     <span class='ocr_line' id='line_1_41' title="bbox 127 2070 1122 2117; baseline 0.004 -12"><span class='ocrx_word' id='word_1_250' title='bbox 127 2111 132 2117; x_wconf 46' lang='grc'>,</span> <span class='ocrx_word' id='word_1_251' title='bbox 234 2071 277 2106; x_wconf 86' lang='lat' dir='ltr'>ad</span> <span class='ocrx_word' id='word_1_252' title='bbox 289 2082 387 2114; x_wconf 88' lang='lat' dir='ltr'>quem</span> <span class='ocrx_word' id='word_1_253' title='bbox 398 2071 518 2116; x_wconf 84' lang='lat' dir='ltr'>scriplit</span> <span class='ocrx_word' id='word_1_254' title='bbox 530 2072 662 2106; x_wconf 68' lang='lat' dir='ltr'>sanstus</span> <span class='ocrx_word' id='word_1_255' title='bbox 675 2070 812 2107; x_wconf 87' lang='lat' dir='ltr'>lfidoms</span> <span class='ocrx_word' id='word_1_256' title='bbox 824 2074 1020 2109; x_wconf 86' lang='lat' dir='ltr'>Pelufiotes:</span> <span class='ocrx_word' id='word_1_257' title='bbox 1046 2079 1122 2108; x_wconf 83' lang='lat' dir='ltr'>Non</span> 
     </span>
     <span class='ocr_line' id='line_1_42' title="bbox 101 2110 1122 2168; baseline 0.005 -14"><span class='ocrx_word' id='word_1_258' title='bbox 101 2110 165 2158; x_wconf 62' lang='lat' dir='ltr'>,1⁶¹b·</span> <span class='ocrx_word' id='word_1_259' title='bbox 193 2121 219 2141; x_wconf 84' lang='lat'>¹·</span> <span class='ocrx_word' id='word_1_260' title='bbox 235 2120 372 2164; x_wconf 65' lang='lat' dir='ltr'>cuiusvis</span> <span class='ocrx_word' id='word_1_261' title='bbox 387 2120 449 2162; x_wconf 80' lang='lat' dir='ltr'>est,</span> <span class='ocrx_word' id='word_1_262' title='bbox 476 2120 549 2154; x_wconf 81' lang='lat' dir='ltr'>heus</span> <span class='ocrx_word' id='word_1_263' title='bbox 559 2130 593 2154; x_wconf 90' lang='lat' dir='ltr'>tu</span> <span class='ocrx_word' id='word_1_264' title='bbox 605 2145 616 2161; x_wconf 92' lang='lat'>‚</span> <span class='ocrx_word' id='word_1_265' title='bbox 646 2122 848 2166; x_wconf 70' lang='lat' dir='ltr'>Dogmatssen</span> <span class='ocrx_word' id='word_1_266' title='bbox 858 2136 967 2168; x_wconf 82' lang='lat' dir='ltr'>agere,</span> <span class='ocrx_word' id='word_1_267' title='bbox 992 2127 1122 2168; x_wconf 82' lang='lat' dir='ltr'>quando-</span> 
     </span>
     <span class='ocr_line' id='line_1_43' title="bbox 90 2153 1123 2218; baseline 0.006 -15"><span class='ocrx_word' id='word_1_268' title='bbox 90 2153 220 2189; x_wconf 55' lang='lat' dir='ltr'>kp‘²¹⁴&#39;</span> <span class='ocrx_word' id='word_1_269' title='bbox 234 2173 428 2215; x_wconf 21' lang='lat' dir='ltr'>quidemssnec</span> <span class='ocrx_word' id='word_1_270' title='bbox 450 2177 581 2205; x_wconf 84' lang='lat' dir='ltr'>omnium</span> <span class='ocrx_word' id='word_1_271' title='bbox 597 2179 768 2214; x_wconf 80' lang='lat' dir='ltr'>purpuram</span> <span class='ocrx_word' id='word_1_272' title='bbox 788 2173 904 2218; x_wconf 75' lang='lat' dir='ltr'>gestare</span> <span class='ocrx_word' id='word_1_273' title='bbox 929 2199 937 2207; x_wconf 92' lang='lat'><strong>.</strong></span> <span class='ocrx_word' id='word_1_274' title='bbox 973 2178 1123 2218; x_wconf 71' lang='lat' dir='ltr'>,Quocirca</span> 
     </span>
     <span class='ocr_line' id='line_1_44' title="bbox 234 2223 1121 2266; baseline 0.003 -11"><span class='ocrx_word' id='word_1_275' title='bbox 234 2233 301 2256; x_wconf 86' lang='lat' dir='ltr'>cum</span> <span class='ocrx_word' id='word_1_276' title='bbox 313 2233 371 2255; x_wconf 88' lang='lat' dir='ltr'>non</span> <span class='ocrx_word' id='word_1_277' title='bbox 380 2233 480 2255; x_wconf 86' lang='lat' dir='ltr'>omnes</span> <span class='ocrx_word' id='word_1_278' title='bbox 488 2230 626 2264; x_wconf 80' lang='lat' dir='ltr'>purpura</span> <span class='ocrx_word' id='word_1_279' title='bbox 636 2231 764 2255; x_wconf 86' lang='lat' dir='ltr'>utantur</span> <span class='ocrx_word' id='word_1_280' title='bbox 780 2247 791 2262; x_wconf 95' lang='lat'>‚</span> <span class='ocrx_word' id='word_1_281' title='bbox 814 2223 986 2266; x_wconf 85' lang='lat' dir='ltr'>praesertim</span> <span class='ocrx_word' id='word_1_282' title='bbox 1003 2233 1121 2266; x_wconf 88' lang='lat' dir='ltr'>paupe·</span> 
     </span>
    </p>

    <p class='ocr_par' dir='ltr' id='par_1_9' title="bbox 230 2270 1123 2513">
     <span class='ocr_line' id='line_1_45' title="bbox 235 2270 1123 2316; baseline 0 -10"><span class='ocrx_word' id='word_1_283' title='bbox 235 2283 286 2306; x_wconf 87' lang='lat' dir='ltr'>res</span> <span class='ocrx_word' id='word_1_284' title='bbox 306 2297 317 2313; x_wconf 94' lang='lat'>‚</span> <span class='ocrx_word' id='word_1_285' title='bbox 343 2271 491 2312; x_wconf 77' lang='lat' dir='ltr'>abstineas</span> <span class='ocrx_word' id='word_1_286' title='bbox 511 2273 604 2305; x_wconf 82' lang='lat' dir='ltr'>velim</span> <span class='ocrx_word' id='word_1_287' title='bbox 626 2271 665 2304; x_wconf 86' lang='lat' dir='ltr'>ab</span> <span class='ocrx_word' id='word_1_288' title='bbox 689 2270 826 2314; x_wconf 83' lang='lat' dir='ltr'>Ecclefiae</span> <span class='ocrx_word' id='word_1_289' title='bbox 848 2284 1036 2316; x_wconf 79' lang='lat' dir='ltr'>nequaquam</span> <span class='ocrx_word' id='word_1_290' title='bbox 1056 2284 1123 2306; x_wconf 90' lang='lat' dir='ltr'>con-</span> 
     </span>
     <span class='ocr_line' id='line_1_46' title="bbox 230 2321 1118 2366; baseline -0.001 -11"><span class='ocrx_word' id='word_1_291' title='bbox 230 2322 406 2366; x_wconf 80' lang='lat' dir='ltr'>gruentibus</span> <span class='ocrx_word' id='word_1_292' title='bbox 418 2321 675 2364; x_wconf 73' lang='lat' dir='ltr'>disputationibus</span> <span class='ocrx_word' id='word_1_293' title='bbox 685 2346 697 2361; x_wconf 93' lang='lat'>‚</span> <span class='ocrx_word' id='word_1_294' title='bbox 722 2334 791 2363; x_wconf 88' lang='lat' dir='ltr'>quae</span> <span class='ocrx_word' id='word_1_295' title='bbox 804 2325 918 2356; x_wconf 83' lang='lat' dir='ltr'>nullam</span> <span class='ocrx_word' id='word_1_296' title='bbox 929 2323 1118 2355; x_wconf 68' lang='lat' dir='ltr'>auditoribus</span> 
     </span>
     <span class='ocr_line' id='line_1_47' title="bbox 235 2369 1123 2413; baseline -0.003 -8"><span class='ocrx_word' id='word_1_297' title='bbox 235 2373 402 2405; x_wconf 70' lang='lat' dir='ltr'>utilitatem</span> <span class='ocrx_word' id='word_1_298' title='bbox 411 2371 556 2413; x_wconf 77' lang='lat' dir='ltr'>adferunt</span> <span class='ocrx_word' id='word_1_299' title='bbox 566 2394 577 2410; x_wconf 89' lang='lat'>‚</span> <span class='ocrx_word' id='word_1_300' title='bbox 599 2369 657 2411; x_wconf 83' lang='lat' dir='ltr'>sed</span> <span class='ocrx_word' id='word_1_301' title='bbox 666 2370 848 2413; x_wconf 77' lang='lat' dir='ltr'>Religionem</span> <span class='ocrx_word' id='word_1_302' title='bbox 872 2371 999 2409; x_wconf 78' lang='lat' dir='ltr'>nostram</span> <span class='ocrx_word' id='word_1_303' title='bbox 1010 2376 1044 2402; x_wconf 75' lang='lat' dir='ltr'>in</span> <span class='ocrx_word' id='word_1_304' title='bbox 1055 2382 1123 2403; x_wconf 85' lang='lat' dir='ltr'>con-</span> 
     </span>
     <span class='ocr_line' id='line_1_48' title="bbox 234 2417 1122 2462; baseline 0 -8"><span class='ocrx_word' id='word_1_305' title='bbox 234 2420 389 2454; x_wconf 75' lang='lat' dir='ltr'>tumeliam</span> <span class='ocrx_word' id='word_1_306' title='bbox 401 2418 528 2452; x_wconf 86' lang='lat' dir='ltr'>trabunt</span> <span class='ocrx_word' id='word_1_307' title='bbox 538 2443 550 2459; x_wconf 90' lang='lat'>‚</span> <span class='ocrx_word' id='word_1_308' title='bbox 575 2417 758 2462; x_wconf 84' lang='lat' dir='ltr'>infensosque</span> <span class='ocrx_word' id='word_1_309' title='bbox 781 2431 817 2453; x_wconf 83' lang='lat' dir='ltr'>ac</span> <span class='ocrx_word' id='word_1_310' title='bbox 829 2419 948 2462; x_wconf 79' lang='lat' dir='ltr'>infestos</span> <span class='ocrx_word' id='word_1_311' title='bbox 961 2420 1046 2452; x_wconf 84' lang='lat' dir='ltr'>nobis</span> <span class='ocrx_word' id='word_1_312' title='bbox 1060 2419 1122 2454; x_wconf 83' lang='lat' dir='ltr'>bae-</span> 
     </span>
     <span class='ocr_line' id='line_1_49' title="bbox 234 2469 1122 2513; baseline 0 -10"><span class='ocrx_word' id='word_1_313' title='bbox 234 2476 338 2504; x_wconf 81' lang='lat' dir='ltr'>reticos</span> <span class='ocrx_word' id='word_1_314' title='bbox 356 2480 414 2502; x_wconf 86' lang='lat' dir='ltr'>non</span> <span class='ocrx_word' id='word_1_315' title='bbox 436 2469 601 2502; x_wconf 68' lang='lat' dir='ltr'>adversim</span> <span class='ocrx_word' id='word_1_316' title='bbox 623 2477 675 2509; x_wconf 92' lang='lat' dir='ltr'>te,</span> <span class='ocrx_word' id='word_1_317' title='bbox 700 2478 790 2512; x_wconf 88' lang='lat' dir='ltr'>atque</span> <span class='ocrx_word' id='word_1_318' title='bbox 813 2472 858 2503; x_wconf 76' lang='lat' dir='ltr'>ad</span> <span class='ocrx_word' id='word_1_319' title='bbox 879 2480 909 2504; x_wconf 84' lang='lat' dir='ltr'>te</span> <span class='ocrx_word' id='word_1_320' title='bbox 920 2469 1122 2513; x_wconf 84' lang='lat' dir='ltr'>accusandum</span> 
     </span>
    </p>

    <p class='ocr_par' dir='ltr' id='par_1_10' title="bbox 234 2517 1119 2563">
     <span class='ocr_line' id='line_1_50' title="bbox 234 2517 1119 2563; baseline 0.002 -11"><span class='ocrx_word' id='word_1_321' title='bbox 234 2521 268 2554; x_wconf 68' lang='grc' dir='ltr'>ὑ</span> <span class='ocrx_word' id='word_1_322' title='bbox 289 2517 495 2563; x_wconf 67' lang='lat' dir='ltr'>inseHandum</span> <span class='ocrx_word' id='word_1_323' title='bbox 512 2519 655 2560; x_wconf 60' lang='lat' dir='ltr'>sla-blunt,</span> <span class='ocrx_word' id='word_1_324' title='bbox 677 2518 736 2562; x_wconf 86' lang='lat' dir='ltr'>sed</span> <span class='ocrx_word' id='word_1_325' title='bbox 753 2522 803 2553; x_wconf 83' lang='lat' dir='ltr'>ad</span> <span class='ocrx_word' id='word_1_326' title='bbox 814 2527 958 2562; x_wconf 86' lang='lat' dir='ltr'>pietatem</span> <span class='ocrx_word' id='word_1_327' title='bbox 979 2526 1119 2554; x_wconf 78' lang='lat' dir='ltr'>convitiis</span> 
     </span>
    </p>

    <p class='ocr_par' dir='ltr' id='par_1_11' title="bbox 232 2568 1121 2764">
     <span class='ocr_line' id='line_1_51' title="bbox 233 2568 1121 2611; baseline 0 -7"><span class='ocrx_word' id='word_1_328' title='bbox 233 2571 268 2604; x_wconf 65' lang='grc' dir='ltr'>θ’</span> <span class='ocrx_word' id='word_1_329' title='bbox 277 2568 442 2603; x_wconf 66' lang='lat' dir='ltr'>malediHis</span> <span class='ocrx_word' id='word_1_330' title='bbox 455 2570 645 2611; x_wconf 65' lang='lat' dir='ltr'>incffndam</span> <span class='ocrx_word' id='word_1_331' title='bbox 656 2568 866 2609; x_wconf 71' lang='lat' dir='ltr'>exstimulant.</span> <span class='ocrx_word' id='word_1_332' title='bbox 896 2575 969 2604; x_wconf 88' lang='lat' dir='ltr'>Non</span> <span class='ocrx_word' id='word_1_333' title='bbox 980 2577 1061 2605; x_wconf 82' lang='lat' dir='ltr'>enim</span> <span class='ocrx_word' id='word_1_334' title='bbox 1074 2577 1121 2604; x_wconf 86' lang='lat' dir='ltr'>in-</span> 
     </span>
     <span class='ocr_line' id='line_1_52' title="bbox 232 2617 1113 2662; baseline 0.001 -11"><span class='ocrx_word' id='word_1_335' title='bbox 232 2617 353 2662; x_wconf 76' lang='lat' dir='ltr'>[citiam</span> <span class='ocrx_word' id='word_1_336' title='bbox 368 2628 453 2652; x_wconf 86' lang='lat' dir='ltr'>tuam</span> <span class='ocrx_word' id='word_1_337' title='bbox 459 2617 640 2661; x_wconf 80' lang='lat' dir='ltr'>perspiciunt</span> <span class='ocrx_word' id='word_1_338' title='bbox 651 2644 662 2659; x_wconf 93' lang='lat'><em>‚</em></span> <span class='ocrx_word' id='word_1_339' title='bbox 684 2618 812 2662; x_wconf 63' lang='grc' dir='ltr'>[σαίρω</span> <span class='ocrx_word' id='word_1_340' title='bbox 822 2621 966 2654; x_wconf 61' lang='grc' dir='ltr'><em>ἆοᾶνὶηι</em></span> <span class='ocrx_word' id='word_1_341' title='bbox 986 2621 1113 2655; x_wconf 78' lang='lat' dir='ltr'>imbecil-</span> 
     </span>
     <span class='ocr_line' id='line_1_53' title="bbox 235 2667 1118 2710; baseline 0.005 -9"><span class='ocrx_word' id='word_1_342' title='bbox 235 2670 352 2702; x_wconf 77' lang='lat' dir='ltr'>litatem</span> <span class='ocrx_word' id='word_1_343' title='bbox 372 2667 444 2710; x_wconf 82' lang='lat' dir='ltr'>risui</span> <span class='ocrx_word' id='word_1_344' title='bbox 467 2679 501 2701; x_wconf 82' lang='lat' dir='ltr'>ac</span> <span class='ocrx_word' id='word_1_345' title='bbox 519 2669 649 2702; x_wconf 81' lang='lat' dir='ltr'>ludibrio</span> <span class='ocrx_word' id='word_1_346' title='bbox 673 2668 784 2703; x_wconf 81' lang='lat' dir='ltr'>babent</span> <span class='ocrx_word' id='word_1_347' title='bbox 804 2697 812 2703; x_wconf 89' lang='lat'><strong>.</strong></span> <span class='ocrx_word' id='word_1_348' title='bbox 840 2671 931 2705; x_wconf 89' lang='lat' dir='ltr'>Cum</span> <span class='ocrx_word' id='word_1_349' title='bbox 958 2669 1118 2705; x_wconf 72' lang='lat' dir='ltr'>haereticis</span> 
     </span>
     <span class='ocr_line' id='line_1_54' title="bbox 235 2717 1120 2764; baseline 0.003 -12"><span class='ocrx_word' id='word_1_350' title='bbox 235 2719 476 2762; x_wconf 78' lang='lat' dir='ltr'>disputaturum</span> <span class='ocrx_word' id='word_1_351' title='bbox 503 2717 619 2752; x_wconf 86' lang='lat' dir='ltr'>debere</span> <span class='ocrx_word' id='word_1_352' title='bbox 644 2720 707 2753; x_wconf 86' lang='lat' dir='ltr'>esse</span> <span class='ocrx_word' id='word_1_353' title='bbox 732 2721 869 2764; x_wconf 89' lang='lat' dir='ltr'>probum</span> <span class='ocrx_word' id='word_1_354' title='bbox 894 2746 905 2761; x_wconf 88' lang='lat'>‚</span> <span class='ocrx_word' id='word_1_355' title='bbox 931 2722 1120 2762; x_wconf 88' lang='lat' dir='ltr'>eruditum,</span> 
     </span>
    </p>

    <p class='ocr_par' dir='ltr' id='par_1_12' title="bbox 235 2769 1119 2866">
     <span class='ocr_line' id='line_1_55' title="bbox 235 2769 1119 2811; baseline 0.002 -9"><span class='ocrx_word' id='word_1_356' title='bbox 235 2780 275 2804; x_wconf 84' lang='lat' dir='ltr'>ac</span> <span class='ocrx_word' id='word_1_357' title='bbox 286 2769 497 2811; x_wconf 86' lang='lat' dir='ltr'>eloquentem</span> <span class='ocrx_word' id='word_1_358' title='bbox 519 2770 658 2803; x_wconf 87' lang='lat' dir='ltr'>affirmat</span> <span class='ocrx_word' id='word_1_359' title='bbox 681 2770 782 2804; x_wconf 88' lang='lat' dir='ltr'>etiam</span> <span class='ocrx_word' id='word_1_360' title='bbox 805 2773 838 2805; x_wconf 88' lang='lat' dir='ltr'>in</span> <span class='ocrx_word' id='word_1_361' title='bbox 855 2772 972 2805; x_wconf 88' lang='lat' dir='ltr'>litteris</span> <span class='ocrx_word' id='word_1_362' title='bbox 984 2771 1023 2804; x_wconf 90' lang='lat' dir='ltr'>ad</span> <span class='ocrx_word' id='word_1_363' title='bbox 1036 2772 1119 2804; x_wconf 88' lang='lat' dir='ltr'>Her·</span> 
     </span>
     <span class='ocr_line' id='line_1_56' title="bbox 235 2818 1119 2866; baseline 0.001 -13"><span class='ocrx_word' id='word_1_364' title='bbox 235 2820 367 2853; x_wconf 86' lang='lat' dir='ltr'>minum</span> <span class='ocrx_word' id='word_1_365' title='bbox 389 2818 580 2859; x_wconf 80' lang='lat' dir='ltr'>Comitem,</span> <span class='ocrx_word' id='word_1_366' title='bbox 607 2820 642 2853; x_wconf 70' lang='lat' dir='ltr'>dc</span> <span class='ocrx_word' id='word_1_367' title='bbox 664 2819 776 2854; x_wconf 76' lang='lat' dir='ltr'>denuo</span> <span class='ocrx_word' id='word_1_368' title='bbox 799 2821 950 2866; x_wconf 88' lang='lat' dir='ltr'>adjungit</span> <span class='ocrx_word' id='word_1_369' title='bbox 970 2822 1119 2855; x_wconf 75' lang='lat' dir='ltr'>causam:</span> 
     </span>
    </p>

    <p class='ocr_par' dir='ltr' id='par_1_13' title="bbox 87 2867 1120 3015">
     <span class='ocr_line' id='line_1_57' title="bbox 118 2867 1120 2913; baseline -0.004 -5"><span class='ocrx_word' id='word_1_370' title='bbox 118 2877 180 2908; x_wconf 80' lang='lat' dir='ltr'>Lib.</span> <span class='ocrx_word' id='word_1_371' title='bbox 192 2888 218 2905; x_wconf 85' lang='lat'>2.</span> <span class='ocrx_word' id='word_1_372' title='bbox 237 2867 323 2913; x_wconf 74' lang='lat' dir='ltr'>,Quia</span> <span class='ocrx_word' id='word_1_373' title='bbox 338 2879 404 2901; x_wconf 88' lang='lat' dir='ltr'>cum</span> <span class='ocrx_word' id='word_1_374' title='bbox 423 2880 489 2902; x_wconf 86' lang='lat' dir='ltr'>eum</span> <span class='ocrx_word' id='word_1_375' title='bbox 512 2874 545 2901; x_wconf 86' lang='lat' dir='ltr'>in</span> <span class='ocrx_word' id='word_1_376' title='bbox 562 2868 815 2911; x_wconf 68' lang='lat' dir='ltr'>disputationibus</span> <span class='ocrx_word' id='word_1_377' title='bbox 838 2877 923 2905; x_wconf 81' lang='lat' dir='ltr'>vinci</span> <span class='ocrx_word' id='word_1_378' title='bbox 939 2869 1120 2913; x_wconf 67' lang='lat' dir='ltr'>conspiciunt</span> 
     </span>
     <span class='ocr_line' id='line_1_58' title="bbox 87 2920 1120 2964; baseline 0 -11"><span class='ocrx_word' id='word_1_379' title='bbox 87 2920 222 2956; x_wconf 65' lang='lat' dir='ltr'>{Ep-²35·</span> <span class='ocrx_word' id='word_1_380' title='bbox 235 2921 387 2952; x_wconf 70' lang='lat' dir='ltr'>auditores</span> <span class='ocrx_word' id='word_1_381' title='bbox 412 2943 423 2958; x_wconf 89' lang='lat'>‚</span> <span class='ocrx_word' id='word_1_382' title='bbox 446 2920 626 2962; x_wconf 82' lang='lat' dir='ltr'>graviffimis</span> <span class='ocrx_word' id='word_1_383' title='bbox 646 2921 818 2963; x_wconf 83' lang='lat' dir='ltr'>plerumque</span> <span class='ocrx_word' id='word_1_384' title='bbox 843 2923 1035 2955; x_wconf 77' lang='lat' dir='ltr'>detrimentis</span> <span class='ocrx_word' id='word_1_385' title='bbox 1058 2922 1120 2964; x_wconf 82' lang='lat' dir='ltr'>affi-</span> 
     </span>
     <span class='ocr_line' id='line_1_59' title="bbox 232 2970 1120 3015; baseline 0 -11"><span class='ocrx_word' id='word_1_386' title='bbox 232 2975 354 3004; x_wconf 70' lang='lat' dir='ltr'>cmntur</span> <span class='ocrx_word' id='word_1_387' title='bbox 367 2992 378 3007; x_wconf 94' lang='lat'>‚</span> <span class='ocrx_word' id='word_1_388' title='bbox 404 2976 436 3000; x_wconf 90' lang='lat' dir='ltr'>ut</span> <span class='ocrx_word' id='word_1_389' title='bbox 447 2974 499 3010; x_wconf 84' lang='lat' dir='ltr'>qui</span> <span class='ocrx_word' id='word_1_390' title='bbox 519 2970 664 3002; x_wconf 81' lang='lat' dir='ltr'>adulteris</span> <span class='ocrx_word' id='word_1_391' title='bbox 679 2972 875 3015; x_wconf 79' lang='lat' dir='ltr'>Dogmatibus</span> <span class='ocrx_word' id='word_1_392' title='bbox 889 2971 1097 3015; x_wconf 81' lang='lat' dir='ltr'>surripiantur</span> <span class='ocrx_word' id='word_1_393' title='bbox 1108 2996 1120 3012; x_wconf 93' lang='lat'><strong>,</strong></span> 
     </span>
    </p>

    <p class='ocr_par' dir='ltr' id='par_1_14' title="bbox 236 3017 1118 3115">
     <span class='ocr_line' id='line_1_60' title="bbox 236 3017 1118 3062; baseline 0.002 -9"><span class='ocrx_word' id='word_1_394' title='bbox 236 3028 326 3062; x_wconf 79' lang='lat' dir='ltr'>atque</span> <span class='ocrx_word' id='word_1_395' title='bbox 336 3017 517 3059; x_wconf 81' lang='lat' dir='ltr'>infraudem</span> <span class='ocrx_word' id='word_1_396' title='bbox 527 3019 725 3052; x_wconf 82' lang='lat' dir='ltr'>inducantur.</span> <span class='ocrx_word' id='word_1_397' title='bbox 752 3025 825 3054; x_wconf 82' lang='lat' dir='ltr'>Non</span> <span class='ocrx_word' id='word_1_398' title='bbox 847 3028 926 3055; x_wconf 84' lang='lat' dir='ltr'>enim</span> <span class='ocrx_word' id='word_1_399' title='bbox 942 3023 978 3054; x_wconf 84' lang='lat' dir='ltr'>id</span> <span class='ocrx_word' id='word_1_400' title='bbox 985 3023 1118 3055; x_wconf 69' lang='lat' dir='ltr'>doceant</span> 
     </span>
     <span class='ocr_line' id='line_1_61' title="bbox 236 3066 1114 3115; baseline 0.003 -13"><span class='ocrx_word' id='word_1_401' title='bbox 236 3074 394 3111; x_wconf 78' lang='lat' dir='ltr'>imperitiae</span> <span class='ocrx_word' id='word_1_402' title='bbox 415 3091 427 3108; x_wconf 92' lang='lat'>,</span> <span class='ocrx_word' id='word_1_403' title='bbox 458 3066 515 3110; x_wconf 86' lang='lat' dir='ltr'>sed</span> <span class='ocrx_word' id='word_1_404' title='bbox 535 3071 690 3112; x_wconf 83' lang='lat' dir='ltr'>Dogmatis</span> <span class='ocrx_word' id='word_1_405' title='bbox 721 3071 926 3105; x_wconf 75' lang='lat' dir='ltr'>imbecillitati</span> <span class='ocrx_word' id='word_1_406' title='bbox 952 3072 1114 3115; x_wconf 80' lang='lat' dir='ltr'>affignant.</span> 
     </span>
    </p>

    <p class='ocr_par' dir='ltr' id='par_1_15' title="bbox 233 3116 1117 3260">
     <span class='ocr_line' id='line_1_62' title="bbox 235 3116 1112 3162; baseline 0.002 -8"><span class='ocrx_word' id='word_1_407' title='bbox 235 3120 282 3154; x_wconf 87' lang='lat' dir='ltr'>Et</span> <span class='ocrx_word' id='word_1_408' title='bbox 298 3117 384 3153; x_wconf 72' lang='lat' dir='ltr'>certe</span> <span class='ocrx_word' id='word_1_409' title='bbox 403 3116 472 3152; x_wconf 78' lang='lat' dir='ltr'>haec</span> <span class='ocrx_word' id='word_1_410' title='bbox 495 3117 673 3162; x_wconf 88' lang='lat' dir='ltr'>disputatio</span> <span class='ocrx_word' id='word_1_411' title='bbox 696 3119 877 3156; x_wconf 87' lang='lat' dir='ltr'>instituitur</span> <span class='ocrx_word' id='word_1_412' title='bbox 898 3133 967 3155; x_wconf 87' lang='lat' dir='ltr'>uon</span> <span class='ocrx_word' id='word_1_413' title='bbox 991 3133 1059 3156; x_wconf 85' lang='lat' dir='ltr'>tam</span> <span class='ocrx_word' id='word_1_414' title='bbox 1070 3122 1112 3156; x_wconf 84' lang='lat' dir='ltr'>ad</span> 
     </span>
     <span class='ocr_line' id='line_1_63' title="bbox 233 3167 1115 3212; baseline 0.005 -9"><span class='ocrx_word' id='word_1_415' title='bbox 233 3167 479 3203; x_wconf 89' lang='lat' dir='ltr'>convertendos</span> <span class='ocrx_word' id='word_1_416' title='bbox 498 3192 508 3207; x_wconf 93' lang='lat'>‚</span> <span class='ocrx_word' id='word_1_417' title='bbox 547 3170 643 3212; x_wconf 68' lang='lat' dir='ltr'>quam</span> <span class='ocrx_word' id='word_1_418' title='bbox 666 3170 777 3212; x_wconf 76' lang='lat' dir='ltr'>potius</span> <span class='ocrx_word' id='word_1_419' title='bbox 798 3170 839 3204; x_wconf 87' lang='lat' dir='ltr'>ad</span> <span class='ocrx_word' id='word_1_420' title='bbox 861 3170 1115 3207; x_wconf 83' lang='lat' dir='ltr'>confundendos</span> 
     </span>
     <span class='ocr_line' id='line_1_64' title="bbox 235 3218 1117 3260; baseline 0.005 -8"><span class='ocrx_word' id='word_1_421' title='bbox 235 3218 405 3253; x_wconf 72' lang='lat' dir='ltr'>haereticos</span> <span class='ocrx_word' id='word_1_422' title='bbox 416 3241 426 3256; x_wconf 90' lang='lat'>‚</span> <span class='ocrx_word' id='word_1_423' title='bbox 447 3229 543 3260; x_wconf 88' lang='lat' dir='ltr'>atque</span> <span class='ocrx_word' id='word_1_424' title='bbox 554 3219 598 3251; x_wconf 81' lang='lat' dir='ltr'>ita</span> <span class='ocrx_word' id='word_1_425' title='bbox 612 3220 760 3254; x_wconf 87' lang='lat' dir='ltr'>infirmos</span> <span class='ocrx_word' id='word_1_426' title='bbox 772 3220 901 3255; x_wconf 89' lang='lat' dir='ltr'>Fideles</span> <span class='ocrx_word' id='word_1_427' title='bbox 913 3221 1117 3256; x_wconf 85' lang='lat' dir='ltr'>divellendos</span> 
     </span>
    </p>

    <p class='ocr_par' dir='ltr' id='par_1_16' title="bbox 234 3268 1119 3366">
     <span class='ocr_line' id='line_1_65' title="bbox 236 3268 1118 3312; baseline 0.007 -11"><span class='ocrx_word' id='word_1_428' title='bbox 236 3268 278 3303; x_wconf 80' lang='lat' dir='ltr'>ab</span> <span class='ocrx_word' id='word_1_429' title='bbox 289 3269 377 3312; x_wconf 83' lang='lat' dir='ltr'>ipfis,</span> <span class='ocrx_word' id='word_1_430' title='bbox 405 3269 439 3302; x_wconf 74' lang='grc' dir='ltr'>ὅ(</span> <span class='ocrx_word' id='word_1_431' title='bbox 452 3268 584 3303; x_wconf 85' lang='lat' dir='ltr'>Christo</span> <span class='ocrx_word' id='word_1_432' title='bbox 597 3269 750 3304; x_wconf 87' lang='lat' dir='ltr'>Domino</span> <span class='ocrx_word' id='word_1_433' title='bbox 762 3269 963 3305; x_wconf 89' lang='lat' dir='ltr'>roborandos</span> <span class='ocrx_word' id='word_1_434' title='bbox 980 3294 988 3303; x_wconf 85' lang='lat'><em>.</em></span> <span class='ocrx_word' id='word_1_435' title='bbox 1016 3272 1118 3307; x_wconf 90' lang='lat' dir='ltr'>Hunc</span> 
     </span>
     <span class='ocr_line' id='line_1_66' title="bbox 234 3318 1119 3366; baseline 0.007 -15"><span class='ocrx_word' id='word_1_436' title='bbox 234 3319 344 3355; x_wconf 78' lang='lat' dir='ltr'>solum</span> <span class='ocrx_word' id='word_1_437' title='bbox 368 3319 507 3352; x_wconf 72' lang='lat' dir='ltr'>frustum</span> <span class='ocrx_word' id='word_1_438' title='bbox 541 3318 660 3354; x_wconf 83' lang='lat' dir='ltr'>habuit</span> <span class='ocrx_word' id='word_1_439' title='bbox 678 3319 779 3355; x_wconf 84' lang='lat' dir='ltr'>etiam</span> <span class='ocrx_word' id='word_1_440' title='bbox 805 3321 985 3366; x_wconf 88' lang='lat' dir='ltr'>disputatio</span> <span class='ocrx_word' id='word_1_441' title='bbox 1009 3323 1119 3359; x_wconf 62' lang='lat' dir='ltr'>Sansti</span> 
     </span>
    </p>

    <p class='ocr_par' dir='ltr' id='par_1_17' title="bbox 335 3366 762 3412">
     <span class='ocr_line' id='line_1_67' title="bbox 335 3366 762 3412; baseline 0.007 -12"><span class='ocrx_word' id='word_1_442' title='bbox 335 3366 441 3408; x_wconf 80' lang='lat' dir='ltr'>Christ.</span> <span class='ocrx_word' id='word_1_443' title='bbox 450 3372 532 3412; x_wconf 81' lang='lat' dir='ltr'>Lupi</span> <span class='ocrx_word' id='word_1_444' title='bbox 542 3374 641 3412; x_wconf 79' lang='lat' dir='ltr'>Opera</span> <span class='ocrx_word' id='word_1_445' title='bbox 659 3372 762 3404; x_wconf 74' lang='lat' dir='ltr'><em>TJX.</em></span> 
     </span>
    </p>
   </div>
   <div class='ocr_carea' id='block_1_4' title="bbox 1112 154 1342 187">
    <p class='ocr_par' dir='ltr' id='par_1_18' title="bbox 1112 154 1342 187">
     <span class='ocr_line' id='line_1_68' title="bbox 1112 154 1342 187; baseline 0 -1"><span class='ocrx_word' id='word_1_446' title='bbox 1112 154 1342 187; x_wconf 71' lang='lat' dir='ltr'>‘Tl&#39;s</span> 
     </span>
    </p>
   </div>
   <div class='ocr_carea' id='block_1_5' title="bbox 1407 141 1999 202">
    <p class='ocr_par' dir='ltr' id='par_1_19' title="bbox 1407 141 1999 202">
     <span class='ocr_line' id='line_1_69' title="bbox 1407 141 1999 202; baseline 0.008 -17"><span class='ocrx_word' id='word_1_447' title='bbox 1407 141 1622 187; x_wconf 61' lang='lat' dir='ltr'>&lt;XVI.</span> <span class='ocrx_word' id='word_1_448' title='bbox 1908 154 1999 202; x_wconf 79' lang='lat'>165</span> 
     </span>
    </p>
   </div>
   <div class='ocr_carea' id='block_1_6' title="bbox 1179 223 2234 3404">
    <p class='ocr_par' dir='ltr' id='par_1_20' title="bbox 1189 223 2234 1708">
     <span class='ocr_line' id='line_1_70' title="bbox 1196 223 2073 275; baseline 0.003 -14"><span class='ocrx_word' id='word_1_449' title='bbox 1196 223 1394 271; x_wconf 82' lang='lat' dir='ltr'>Apollinarii</span> <span class='ocrx_word' id='word_1_450' title='bbox 1414 250 1422 258; x_wconf 92' lang='lat'>.</span> <span class='ocrx_word' id='word_1_451' title='bbox 1449 224 1562 260; x_wconf 86' lang='lat' dir='ltr'>Etiam</span> <span class='ocrx_word' id='word_1_452' title='bbox 1588 223 2073 275; x_wconf 80' lang='lat' dir='ltr'>CollationesCarthaginensrs</span> 
     </span>
     <span class='ocr_line' id='line_1_71' title="bbox 1192 273 2070 320; baseline 0.005 -9"><span class='ocrx_word' id='word_1_453' title='bbox 1192 278 1225 311; x_wconf 75' lang='grc' dir='ltr'>ἀ</span> <span class='ocrx_word' id='word_1_454' title='bbox 1237 276 1613 320; x_wconf 88' lang='lat' dir='ltr'>Constantinopolitana</span> <span class='ocrx_word' id='word_1_455' title='bbox 1626 299 1634 307; x_wconf 93' lang='lat'>.</span> <span class='ocrx_word' id='word_1_456' title='bbox 1653 276 1698 309; x_wconf 89' lang='lat' dir='ltr'>Et</span> <span class='ocrx_word' id='word_1_457' title='bbox 1711 273 1788 308; x_wconf 88' lang='lat' dir='ltr'>hinc</span> <span class='ocrx_word' id='word_1_458' title='bbox 1798 278 1940 319; x_wconf 84' lang='lat' dir='ltr'>publicas</span> <span class='ocrx_word' id='word_1_459' title='bbox 1951 280 1991 314; x_wconf 90' lang='lat' dir='ltr'>de</span> <span class='ocrx_word' id='word_1_460' title='bbox 2002 280 2070 314; x_wconf 81' lang='lat' dir='ltr'>fide</span> 
     </span>
     <span class='ocr_line' id='line_1_72' title="bbox 1192 324 2073 372; baseline -0.001 -10"><span class='ocrx_word' id='word_1_461' title='bbox 1192 327 1428 370; x_wconf 86' lang='lat' dir='ltr'>disputationes</span> <span class='ocrx_word' id='word_1_462' title='bbox 1449 324 1643 360; x_wconf 74' lang='lat' dir='ltr'>severiffime</span> <span class='ocrx_word' id='word_1_463' title='bbox 1662 325 1901 361; x_wconf 86' lang='lat' dir='ltr'>interdixerunt</span> <span class='ocrx_word' id='word_1_464' title='bbox 1931 329 2073 372; x_wconf 80' lang='lat' dir='ltr'>Impera-</span> 
     </span>
     <span class='ocr_line' id='line_1_73' title="bbox 1193 374 2070 418; baseline 0 -7"><span class='ocrx_word' id='word_1_465' title='bbox 1193 388 1278 411; x_wconf 84' lang='lat' dir='ltr'>tores</span> <span class='ocrx_word' id='word_1_466' title='bbox 1289 402 1301 418; x_wconf 86' lang='lat'>,</span> <span class='ocrx_word' id='word_1_467' title='bbox 1327 376 1603 416; x_wconf 81' lang='lat' dir='ltr'>Valentinianus,</span> <span class='ocrx_word' id='word_1_468' title='bbox 1619 374 1831 415; x_wconf 86' lang='lat' dir='ltr'>Marcianus,</span> <span class='ocrx_word' id='word_1_469' title='bbox 1849 375 2047 418; x_wconf 86' lang='lat' dir='ltr'>Justinianus</span> <span class='ocrx_word' id='word_1_470' title='bbox 2058 403 2070 412; x_wconf 83' lang='grc'><strong>.</strong></span> 
     </span>
     <span class='ocr_line' id='line_1_74' title="bbox 1195 424 2071 474; baseline -0.003 -13"><span class='ocrx_word' id='word_1_471' title='bbox 1195 427 1298 474; x_wconf 85' lang='lat' dir='ltr'>Qod</span> <span class='ocrx_word' id='word_1_472' title='bbox 1310 427 1428 470; x_wconf 76' lang='lat' dir='ltr'>nempe</span> <span class='ocrx_word' id='word_1_473' title='bbox 1437 427 1536 460; x_wconf 88' lang='lat' dir='ltr'>etiam</span> <span class='ocrx_word' id='word_1_474' title='bbox 1556 427 1699 470; x_wconf 89' lang='lat' dir='ltr'>imperiti</span> <span class='ocrx_word' id='word_1_475' title='bbox 1717 425 1878 468; x_wconf 87' lang='lat' dir='ltr'>disputare</span> <span class='ocrx_word' id='word_1_476' title='bbox 1890 424 2046 459; x_wconf 85' lang='lat' dir='ltr'>auderent</span> <span class='ocrx_word' id='word_1_477' title='bbox 2057 451 2071 466; x_wconf 88' lang='lat'>,</span> 
     </span>
     <span class='ocr_line' id='line_1_75' title="bbox 1193 474 2074 522; baseline -0.005 -11"><span class='ocrx_word' id='word_1_478' title='bbox 1193 487 1289 522; x_wconf 86' lang='lat' dir='ltr'>atque</span> <span class='ocrx_word' id='word_1_479' title='bbox 1300 477 1346 511; x_wconf 89' lang='lat' dir='ltr'>ita</span> <span class='ocrx_word' id='word_1_480' title='bbox 1358 477 1455 511; x_wconf 87' lang='lat' dir='ltr'>fidem</span> <span class='ocrx_word' id='word_1_481' title='bbox 1468 478 1610 511; x_wconf 88' lang='lat' dir='ltr'>nostram</span> <span class='ocrx_word' id='word_1_482' title='bbox 1623 475 1766 510; x_wconf 87' lang='lat' dir='ltr'>ludibrio</span> <span class='ocrx_word' id='word_1_483' title='bbox 1777 485 1995 518; x_wconf 81' lang='lat' dir='ltr'>exponerent.</span> <span class='ocrx_word' id='word_1_484' title='bbox 2008 474 2074 508; x_wconf 75' lang='lat' dir='ltr'>lm-</span> 
     </span>
     <span class='ocr_line' id='line_1_76' title="bbox 1193 524 2076 571; baseline -0.005 -10"><span class='ocrx_word' id='word_1_485' title='bbox 1193 538 1319 571; x_wconf 87' lang='lat' dir='ltr'>perator</span> <span class='ocrx_word' id='word_1_486' title='bbox 1343 527 1584 562; x_wconf 83' lang='lat' dir='ltr'>Constantinus</span> <span class='ocrx_word' id='word_1_487' title='bbox 1607 526 1667 561; x_wconf 85' lang='lat' dir='ltr'>IV.</span> <span class='ocrx_word' id='word_1_488' title='bbox 1689 526 1852 560; x_wconf 71' lang='lat' dir='ltr'>dostiores</span> <span class='ocrx_word' id='word_1_489' title='bbox 1871 524 1971 559; x_wconf 79' lang='lat' dir='ltr'>ctiam</span> <span class='ocrx_word' id='word_1_490' title='bbox 1995 525 2076 566; x_wconf 84' lang='lat' dir='ltr'>Epi-</span> 
     </span>
     <span class='ocr_line' id='line_1_77' title="bbox 1194 573 2074 621; baseline -0.005 -10"><span class='ocrx_word' id='word_1_491' title='bbox 1194 580 1308 621; x_wconf 85' lang='lat' dir='ltr'>scopos</span> <span class='ocrx_word' id='word_1_492' title='bbox 1318 588 1393 612; x_wconf 87' lang='lat' dir='ltr'>curn</span> <span class='ocrx_word' id='word_1_493' title='bbox 1407 575 1642 611; x_wconf 88' lang='lat' dir='ltr'>Monothelitis</span> <span class='ocrx_word' id='word_1_494' title='bbox 1664 577 1813 610; x_wconf 83' lang='lat' dir='ltr'>conferre</span> <span class='ocrx_word' id='word_1_495' title='bbox 1824 575 1972 609; x_wconf 88' lang='lat' dir='ltr'>volentes</span> <span class='ocrx_word' id='word_1_496' title='bbox 1982 573 2074 608; x_wconf 86' lang='lat' dir='ltr'>cohi-</span> 
     </span>
     <span class='ocr_line' id='line_1_78' title="bbox 1193 626 2076 670; baseline -0.007 -8"><span class='ocrx_word' id='word_1_497' title='bbox 1193 627 1263 661; x_wconf 86' lang='lat' dir='ltr'>buit</span> <span class='ocrx_word' id='word_1_498' title='bbox 1274 653 1284 668; x_wconf 89' lang='lat'>,</span> <span class='ocrx_word' id='word_1_499' title='bbox 1297 629 1331 662; x_wconf 77' lang='grc' dir='ltr'>ἀ</span> <span class='ocrx_word' id='word_1_500' title='bbox 1341 626 1468 662; x_wconf 86' lang='lat' dir='ltr'>addidit</span> <span class='ocrx_word' id='word_1_501' title='bbox 1478 627 1608 661; x_wconf 84' lang='lat' dir='ltr'>causam</span> <span class='ocrx_word' id='word_1_502' title='bbox 1623 638 1631 658; x_wconf 90' lang='lat'>:</span> <span class='ocrx_word' id='word_1_503' title='bbox 1660 627 1751 670; x_wconf 75' lang='lat' dir='ltr'>,Quod</span> <span class='ocrx_word' id='word_1_504' title='bbox 1759 638 1796 658; x_wconf 82' lang='lat' dir='ltr'>ex</span> <span class='ocrx_word' id='word_1_505' title='bbox 1805 626 1990 667; x_wconf 82' lang='lat' dir='ltr'>particulari</span> <span class='ocrx_word' id='word_1_506' title='bbox 2000 635 2076 658; x_wconf 82' lang='lat' dir='ltr'>con·-</span> 
     </span>
     <span class='ocr_line' id='line_1_79' title="bbox 1191 673 2069 721; baseline -0.002 -12"><span class='ocrx_word' id='word_1_507' title='bbox 1191 684 1321 712; x_wconf 82' lang='lat' dir='ltr'>tentione</span> <span class='ocrx_word' id='word_1_508' title='bbox 1331 689 1389 711; x_wconf 83' lang='lat' dir='ltr'>non</span> <span class='ocrx_word' id='word_1_509' title='bbox 1395 676 1489 721; x_wconf 67' lang='lat' dir='ltr'>filum</span> <span class='ocrx_word' id='word_1_510' title='bbox 1514 681 1615 710; x_wconf 81' lang='lat' dir='ltr'>unitas</span> <span class='ocrx_word' id='word_1_511' title='bbox 1623 676 1694 718; x_wconf 77' lang='lat' dir='ltr'>fieri</span> <span class='ocrx_word' id='word_1_512' title='bbox 1713 687 1770 709; x_wconf 85' lang='lat' dir='ltr'>non</span> <span class='ocrx_word' id='word_1_513' title='bbox 1778 677 1858 717; x_wconf 82' lang='lat' dir='ltr'>poffit</span> <span class='ocrx_word' id='word_1_514' title='bbox 1872 700 1883 716; x_wconf 94' lang='lat'><strong>,</strong></span> <span class='ocrx_word' id='word_1_515' title='bbox 1901 673 1958 718; x_wconf 84' lang='lat' dir='ltr'>sed</span> <span class='ocrx_word' id='word_1_516' title='bbox 1968 677 2069 719; x_wconf 79' lang='lat' dir='ltr'>tnagis</span> 
     </span>
     <span class='ocr_line' id='line_1_80' title="bbox 1192 725 2073 770; baseline -0.002 -11"><span class='ocrx_word' id='word_1_517' title='bbox 1192 730 1304 760; x_wconf 85' lang='lat' dir='ltr'>malum</span> <span class='ocrx_word' id='word_1_518' title='bbox 1329 727 1471 770; x_wconf 72' lang='lat' dir='ltr'>accreftat</span> <span class='ocrx_word' id='word_1_519' title='bbox 1492 752 1500 758; x_wconf 92' lang='lat'>.</span> <span class='ocrx_word' id='word_1_520' title='bbox 1537 727 1671 760; x_wconf 78' lang='lat' dir='ltr'>interim</span> <span class='ocrx_word' id='word_1_521' title='bbox 1699 726 1835 760; x_wconf 86' lang='lat' dir='ltr'>eruditis</span> <span class='ocrx_word' id='word_1_522' title='bbox 1865 726 1899 760; x_wconf 76' lang='grc' dir='ltr'>δε</span> <span class='ocrx_word' id='word_1_523' title='bbox 1919 725 2073 759; x_wconf 87' lang='lat' dir='ltr'>facundis</span> 
     </span>
     <span class='ocr_line' id='line_1_81' title="bbox 1192 775 2072 821; baseline -0.002 -11"><span class='ocrx_word' id='word_1_524' title='bbox 1192 777 1446 820; x_wconf 87' lang='lat' dir='ltr'>disputationem</span> <span class='ocrx_word' id='word_1_525' title='bbox 1458 779 1521 812; x_wconf 76' lang='lat' dir='ltr'>effe</span> <span class='ocrx_word' id='word_1_526' title='bbox 1533 777 1784 821; x_wconf 85' lang='lat' dir='ltr'>permittendam</span> <span class='ocrx_word' id='word_1_527' title='bbox 1797 775 1923 810; x_wconf 90' lang='lat' dir='ltr'>censuit</span> <span class='ocrx_word' id='word_1_528' title='bbox 1936 776 2072 809; x_wconf 66' lang='lat' dir='ltr'>Sanetus</span> 
     </span>
     <span class='ocr_line' id='line_1_82' title="bbox 1192 825 2074 872; baseline -0.001 -12"><span class='ocrx_word' id='word_1_529' title='bbox 1192 827 1371 872; x_wconf 87' lang='lat' dir='ltr'>Gregorius</span> <span class='ocrx_word' id='word_1_530' title='bbox 1394 829 1634 862; x_wconf 84' lang='lat' dir='ltr'>Nazianzenus.</span> <span class='ocrx_word' id='word_1_531' title='bbox 1665 826 1709 860; x_wconf 86' lang='lat' dir='ltr'>Et</span> <span class='ocrx_word' id='word_1_532' title='bbox 1733 826 1801 869; x_wconf 78' lang='lat' dir='ltr'>ejus</span> <span class='ocrx_word' id='word_1_533' title='bbox 1812 825 1970 868; x_wconf 81' lang='lat' dir='ltr'>judicium</span> <span class='ocrx_word' id='word_1_534' title='bbox 1983 837 2074 859; x_wconf 89' lang='lat' dir='ltr'>com·</span> 
     </span>
     <span class='ocr_line' id='line_1_83' title="bbox 1192 875 2076 920; baseline -0.002 -10"><span class='ocrx_word' id='word_1_535' title='bbox 1192 877 1339 919; x_wconf 86' lang='lat' dir='ltr'>probavit</span> <span class='ocrx_word' id='word_1_536' title='bbox 1349 878 1511 912; x_wconf 86' lang='lat' dir='ltr'>Trullana</span> <span class='ocrx_word' id='word_1_537' title='bbox 1535 877 1690 920; x_wconf 89' lang='lat' dir='ltr'>Synodus</span> <span class='ocrx_word' id='word_1_538' title='bbox 1699 901 1707 908; x_wconf 92' lang='lat'><em>.</em></span> <span class='ocrx_word' id='word_1_539' title='bbox 1737 877 1793 909; x_wconf 80' lang='lat' dir='ltr'>An</span> <span class='ocrx_word' id='word_1_540' title='bbox 1806 877 1940 910; x_wconf 67' lang='lat' dir='ltr'>Sanctus</span> <span class='ocrx_word' id='word_1_541' title='bbox 1951 875 2076 910; x_wconf 85' lang='lat' dir='ltr'>Arche·</span> 
     </span>
     <span class='ocr_line' id='line_1_84' title="bbox 1193 925 2076 972; baseline 0 -13"><span class='ocrx_word' id='word_1_542' title='bbox 1193 927 1260 960; x_wconf 89' lang='lat' dir='ltr'>laus</span> <span class='ocrx_word' id='word_1_543' title='bbox 1283 930 1344 962; x_wconf 86' lang='lat' dir='ltr'>suae</span> <span class='ocrx_word' id='word_1_544' title='bbox 1357 928 1572 972; x_wconf 84' lang='lat' dir='ltr'>disputationi</span> <span class='ocrx_word' id='word_1_545' title='bbox 1597 927 1740 972; x_wconf 87' lang='lat' dir='ltr'>gentiles</span> <span class='ocrx_word' id='word_1_546' title='bbox 1750 926 1881 969; x_wconf 78' lang='lat' dir='ltr'>Iudices</span> <span class='ocrx_word' id='word_1_547' title='bbox 1893 927 1973 960; x_wconf 74' lang='grc' dir='ltr'>ῐεᾶὲ</span> <span class='ocrx_word' id='word_1_548' title='bbox 1983 925 2076 959; x_wconf 88' lang='lat' dir='ltr'>adhi-</span> 
     </span>
     <span class='ocr_line' id='line_1_85' title="bbox 1192 975 2076 1022; baseline -0.003 -11"><span class='ocrx_word' id='word_1_549' title='bbox 1192 977 1296 1011; x_wconf 87' lang='lat' dir='ltr'>buerit</span> <span class='ocrx_word' id='word_1_550' title='bbox 1314 1002 1324 1018; x_wconf 90' lang='lat'><strong>,</strong></span> <span class='ocrx_word' id='word_1_551' title='bbox 1347 979 1393 1012; x_wconf 86' lang='lat' dir='ltr'>est</span> <span class='ocrx_word' id='word_1_552' title='bbox 1416 979 1697 1022; x_wconf 80' lang='lat' dir='ltr'>magnaquaestio.</span> <span class='ocrx_word' id='word_1_553' title='bbox 1724 975 1822 1011; x_wconf 73' lang='lat' dir='ltr'>Certe</span> <span class='ocrx_word' id='word_1_554' title='bbox 1845 977 1979 1010; x_wconf 74' lang='lat' dir='ltr'>Sanctus</span> <span class='ocrx_word' id='word_1_555' title='bbox 1989 976 2076 1009; x_wconf 87' lang='lat' dir='ltr'>Arn-</span> 
     </span>
     <span class='ocr_line' id='line_1_86' title="bbox 1193 1025 2075 1071; baseline -0.002 -11"><span class='ocrx_word' id='word_1_556' title='bbox 1193 1028 1314 1061; x_wconf 79' lang='lat' dir='ltr'>brosius</span> <span class='ocrx_word' id='word_1_557' title='bbox 1335 1039 1448 1063; x_wconf 87' lang='lat' dir='ltr'>coram</span> <span class='ocrx_word' id='word_1_558' title='bbox 1467 1028 1554 1061; x_wconf 87' lang='lat' dir='ltr'>laicis</span> <span class='ocrx_word' id='word_1_559' title='bbox 1575 1027 1736 1070; x_wconf 82' lang='lat' dir='ltr'>judicibus</span> <span class='ocrx_word' id='word_1_560' title='bbox 1757 1027 1919 1071; x_wconf 84' lang='lat' dir='ltr'>disputare</span> <span class='ocrx_word' id='word_1_561' title='bbox 1941 1025 2075 1065; x_wconf 86' lang='lat' dir='ltr'>noluit,</span> 
     </span>
     <span class='ocr_line' id='line_1_87' title="bbox 1191 1076 2077 1120; baseline -0.002 -10"><span class='ocrx_word' id='word_1_562' title='bbox 1191 1079 1328 1111; x_wconf 76' lang='lat' dir='ltr'>afferens</span> <span class='ocrx_word' id='word_1_563' title='bbox 1349 1090 1417 1112; x_wconf 88' lang='lat' dir='ltr'>uon</span> <span class='ocrx_word' id='word_1_564' title='bbox 1444 1078 1658 1120; x_wconf 87' lang='lat' dir='ltr'>Imperatores</span> <span class='ocrx_word' id='word_1_565' title='bbox 1679 1076 1720 1111; x_wconf 89' lang='lat' dir='ltr'>de</span> <span class='ocrx_word' id='word_1_566' title='bbox 1742 1076 1991 1116; x_wconf 86' lang='lat' dir='ltr'>Sacerdotibus,</span> <span class='ocrx_word' id='word_1_567' title='bbox 2017 1077 2077 1109; x_wconf 75' lang='lat' dir='ltr'>sed</span> 
     </span>
     <span class='ocr_line' id='line_1_88' title="bbox 1192 1125 2074 1168; baseline -0.003 -8"><span class='ocrx_word' id='word_1_568' title='bbox 1192 1128 1380 1161; x_wconf 86' lang='lat' dir='ltr'>Sacerdotes</span> <span class='ocrx_word' id='word_1_569' title='bbox 1393 1127 1426 1160; x_wconf 89' lang='lat' dir='ltr'>in</span> <span class='ocrx_word' id='word_1_570' title='bbox 1448 1127 1521 1161; x_wconf 88' lang='lat' dir='ltr'>fidei</span> <span class='ocrx_word' id='word_1_571' title='bbox 1535 1128 1626 1160; x_wconf 87' lang='lat' dir='ltr'>causa</span> <span class='ocrx_word' id='word_1_572' title='bbox 1639 1127 1755 1160; x_wconf 82' lang='lat' dir='ltr'>debere</span> <span class='ocrx_word' id='word_1_573' title='bbox 1766 1127 1807 1160; x_wconf 91' lang='lat' dir='ltr'>de</span> <span class='ocrx_word' id='word_1_574' title='bbox 1821 1125 2074 1168; x_wconf 80' lang='lat' dir='ltr'>Imperatoribus</span> 
     </span>
     <span class='ocr_line' id='line_1_89' title="bbox 1189 1175 2209 1228; baseline -0.003 -18"><span class='ocrx_word' id='word_1_575' title='bbox 1189 1176 1331 1218; x_wconf 86' lang='lat' dir='ltr'>judicare</span> <span class='ocrx_word' id='word_1_576' title='bbox 1342 1203 1350 1211; x_wconf 90' lang='lat'><strong>.</strong></span> <span class='ocrx_word' id='word_1_577' title='bbox 1382 1178 1424 1211; x_wconf 86' lang='lat' dir='ltr'>Et</span> <span class='ocrx_word' id='word_1_578' title='bbox 1440 1178 1485 1212; x_wconf 86' lang='lat' dir='ltr'>ita</span> <span class='ocrx_word' id='word_1_579' title='bbox 1496 1177 1559 1210; x_wconf 83' lang='lat' dir='ltr'>effe</span> <span class='ocrx_word' id='word_1_580' title='bbox 1572 1177 1643 1220; x_wconf 89' lang='lat' dir='ltr'>lege</span> <span class='ocrx_word' id='word_1_581' title='bbox 1662 1176 1822 1209; x_wconf 87' lang='lat' dir='ltr'>sancitum</span> <span class='ocrx_word' id='word_1_582' title='bbox 1837 1176 1854 1208; x_wconf 71' lang='lat' dir='ltr'>a</span> <span class='ocrx_word' id='word_1_583' title='bbox 1867 1175 1997 1219; x_wconf 87' lang='lat' dir='ltr'>Magno</span> <span class='ocrx_word' id='word_1_584' title='bbox 2010 1175 2075 1208; x_wconf 85' lang='lat' dir='ltr'>Im·</span> <span class='ocrx_word' id='word_1_585' title='bbox 2091 1189 2144 1228; x_wconf 56' lang='lat' dir='ltr'>gp,</span> <span class='ocrx_word' id='word_1_586' title='bbox 2162 1199 2209 1226; x_wconf 60' lang='lat'>¹3,</span> 
     </span>
     <span class='ocr_line' id='line_1_90' title="bbox 1192 1224 2074 1271; baseline -0.005 -10"><span class='ocrx_word' id='word_1_587' title='bbox 1192 1238 1338 1270; x_wconf 87' lang='lat' dir='ltr'>peratore</span> <span class='ocrx_word' id='word_1_588' title='bbox 1368 1227 1608 1261; x_wconf 85' lang='lat' dir='ltr'>Valentiniano</span> <span class='ocrx_word' id='word_1_589' title='bbox 1630 1251 1637 1258; x_wconf 96' lang='lat'>.</span> <span class='ocrx_word' id='word_1_590' title='bbox 1678 1226 1780 1271; x_wconf 81' lang='lat' dir='ltr'>Quod</span> <span class='ocrx_word' id='word_1_591' title='bbox 1818 1225 1922 1268; x_wconf 87' lang='lat' dir='ltr'>ipsum</span> <span class='ocrx_word' id='word_1_592' title='bbox 1948 1224 2074 1258; x_wconf 90' lang='lat' dir='ltr'>censuit</span> 
     </span>
     <span class='ocr_line' id='line_1_91' title="bbox 1193 1275 2074 1320; baseline -0.002 -10"><span class='ocrx_word' id='word_1_593' title='bbox 1193 1277 1401 1320; x_wconf 65' lang='lat' dir='ltr'>Aquileiense</span> <span class='ocrx_word' id='word_1_594' title='bbox 1425 1277 1617 1311; x_wconf 88' lang='lat' dir='ltr'>Concilium</span> <span class='ocrx_word' id='word_1_595' title='bbox 1630 1301 1637 1307; x_wconf 89' lang='lat'><strong>.</strong></span> <span class='ocrx_word' id='word_1_596' title='bbox 1667 1276 1710 1309; x_wconf 86' lang='lat' dir='ltr'>Et</span> <span class='ocrx_word' id='word_1_597' title='bbox 1721 1275 1957 1310; x_wconf 89' lang='lat' dir='ltr'>Seleuciensem</span> <span class='ocrx_word' id='word_1_598' title='bbox 1970 1275 2074 1318; x_wconf 88' lang='lat' dir='ltr'>Syno-</span> 
     </span>
     <span class='ocr_line' id='line_1_92' title="bbox 1190 1323 2073 1370; baseline -0.001 -11"><span class='ocrx_word' id='word_1_599' title='bbox 1190 1328 1288 1365; x_wconf 88' lang='lat' dir='ltr'>dum‚</span> <span class='ocrx_word' id='word_1_600' title='bbox 1313 1328 1402 1370; x_wconf 87' lang='lat' dir='ltr'>quod</span> <span class='ocrx_word' id='word_1_601' title='bbox 1427 1327 1582 1370; x_wconf 85' lang='lat' dir='ltr'>mysticas</span> <span class='ocrx_word' id='word_1_602' title='bbox 1605 1326 1646 1360; x_wconf 87' lang='lat' dir='ltr'>de</span> <span class='ocrx_word' id='word_1_603' title='bbox 1670 1326 1736 1360; x_wconf 91' lang='lat' dir='ltr'>Dei</span> <span class='ocrx_word' id='word_1_604' title='bbox 1757 1323 1861 1358; x_wconf 86' lang='lat' dir='ltr'>Verbi</span> <span class='ocrx_word' id='word_1_605' title='bbox 1885 1325 2073 1359; x_wconf 85' lang='lat' dir='ltr'>Divinitate</span> 
     </span>
     <span class='ocr_line' id='line_1_93' title="bbox 1191 1374 2234 1420; baseline -0.002 -10"><span class='ocrx_word' id='word_1_606' title='bbox 1191 1377 1378 1420; x_wconf 66' lang='lat' dir='ltr'>quaestiones</span> <span class='ocrx_word' id='word_1_607' title='bbox 1390 1388 1499 1410; x_wconf 86' lang='lat' dir='ltr'>coram</span> <span class='ocrx_word' id='word_1_608' title='bbox 1522 1378 1614 1410; x_wconf 89' lang='lat' dir='ltr'>omni</span> <span class='ocrx_word' id='word_1_609' title='bbox 1628 1374 1716 1408; x_wconf 86' lang='lat' dir='ltr'>fideli</span> <span class='ocrx_word' id='word_1_610' title='bbox 1740 1376 1863 1417; x_wconf 91' lang='lat' dir='ltr'>populo</span> <span class='ocrx_word' id='word_1_611' title='bbox 1875 1375 2049 1418; x_wconf 85' lang='lat' dir='ltr'>agitaverit</span> <span class='ocrx_word' id='word_1_612' title='bbox 2060 1399 2071 1415; x_wconf 95' lang='lat'>‚</span> <span class='ocrx_word' id='word_1_613' title='bbox 2090 1385 2176 1413; x_wconf 72' lang='lat' dir='ltr'>orat.</span> <span class='ocrx_word' id='word_1_614' title='bbox 2188 1394 2200 1412; x_wconf 79' lang='lat'>2</span> <span class='ocrx_word' id='word_1_615' title='bbox 2210 1393 2234 1412; x_wconf 71' lang='grc' dir='ltr'>ι,</span> 
     </span>
     <span class='ocr_line' id='line_1_94' title="bbox 1191 1425 2070 1470; baseline -0.001 -11"><span class='ocrx_word' id='word_1_616' title='bbox 1191 1427 1329 1470; x_wconf 88' lang='lat' dir='ltr'>graviter</span> <span class='ocrx_word' id='word_1_617' title='bbox 1350 1427 1458 1470; x_wconf 89' lang='lat' dir='ltr'>arguit</span> <span class='ocrx_word' id='word_1_618' title='bbox 1472 1427 1605 1459; x_wconf 67' lang='lat' dir='ltr'>Sandius</span> <span class='ocrx_word' id='word_1_619' title='bbox 1618 1425 1797 1469; x_wconf 82' lang='lat' dir='ltr'>Gregorius</span> <span class='ocrx_word' id='word_1_620' title='bbox 1821 1425 2051 1458; x_wconf 85' lang='lat' dir='ltr'>Nazianzenus</span> <span class='ocrx_word' id='word_1_621' title='bbox 2062 1450 2070 1457; x_wconf 89' lang='lat'>.</span> 
     </span>
     <span class='ocr_line' id='line_1_95' title="bbox 1191 1473 2074 1523; baseline -0.002 -13"><span class='ocrx_word' id='word_1_622' title='bbox 1191 1476 1365 1523; x_wconf 76' lang='lat' dir='ltr'>Qquuid</span> <span class='ocrx_word' id='word_1_623' title='bbox 1379 1477 1417 1509; x_wconf 86' lang='lat' dir='ltr'>fit</span> <span class='ocrx_word' id='word_1_624' title='bbox 1429 1500 1440 1516; x_wconf 90' lang='lat'>‚</span> <span class='ocrx_word' id='word_1_625' title='bbox 1467 1476 1610 1509; x_wconf 87' lang='lat' dir='ltr'>ineunda</span> <span class='ocrx_word' id='word_1_626' title='bbox 1625 1486 1700 1508; x_wconf 90' lang='lat' dir='ltr'>cum</span> <span class='ocrx_word' id='word_1_627' title='bbox 1723 1473 1882 1508; x_wconf 84' lang='lat' dir='ltr'>haereticis</span> <span class='ocrx_word' id='word_1_628' title='bbox 1892 1474 2074 1518; x_wconf 71' lang='lat' dir='ltr'>disputatio</span> 
     </span>
     <span class='ocr_line' id='line_1_96' title="bbox 1193 1523 2081 1567; baseline -0.001 -9"><span class='ocrx_word' id='word_1_629' title='bbox 1193 1537 1259 1559; x_wconf 89' lang='lat' dir='ltr'>non</span> <span class='ocrx_word' id='word_1_630' title='bbox 1278 1527 1324 1558; x_wconf 92' lang='lat' dir='ltr'>cst</span> <span class='ocrx_word' id='word_1_631' title='bbox 1338 1536 1392 1567; x_wconf 89' lang='lat' dir='ltr'>per</span> <span class='ocrx_word' id='word_1_632' title='bbox 1404 1526 1434 1558; x_wconf 88' lang='lat' dir='ltr'>se</span> <span class='ocrx_word' id='word_1_633' title='bbox 1446 1525 1530 1557; x_wconf 87' lang='lat' dir='ltr'>mala</span> <span class='ocrx_word' id='word_1_634' title='bbox 1546 1549 1552 1555; x_wconf 92' lang='lat'><em>.</em></span> <span class='ocrx_word' id='word_1_635' title='bbox 1578 1524 1630 1557; x_wconf 86' lang='lat' dir='ltr'>Ex</span> <span class='ocrx_word' id='word_1_636' title='bbox 1642 1523 1824 1557; x_wconf 87' lang='lat' dir='ltr'>rationibus</span> <span class='ocrx_word' id='word_1_637' title='bbox 1838 1523 1931 1566; x_wconf 83' lang='lat' dir='ltr'>poffit</span> <span class='ocrx_word' id='word_1_638' title='bbox 1943 1524 2081 1566; x_wconf 74' lang='lat' dir='ltr'>permit-</span> 
     </span>
     <span class='ocr_line' id='line_1_97' title="bbox 1190 1572 2075 1616; baseline 0 -9"><span class='ocrx_word' id='word_1_639' title='bbox 1190 1575 1215 1607; x_wconf 90' lang='lat' dir='ltr'>ti</span> <span class='ocrx_word' id='word_1_640' title='bbox 1232 1598 1243 1614; x_wconf 86' lang='lat'><strong>,</strong></span> <span class='ocrx_word' id='word_1_641' title='bbox 1270 1572 1338 1607; x_wconf 73' lang='lat' dir='ltr'>imo</span> <span class='ocrx_word' id='word_1_642' title='bbox 1358 1575 1390 1607; x_wconf 76' lang='grc' dir='ltr'>δε</span> <span class='ocrx_word' id='word_1_643' title='bbox 1412 1573 1534 1616; x_wconf 86' lang='lat' dir='ltr'>juberi.</span> <span class='ocrx_word' id='word_1_644' title='bbox 1566 1574 1700 1606; x_wconf 88' lang='lat' dir='ltr'>lnterim</span> <span class='ocrx_word' id='word_1_645' title='bbox 1723 1573 1764 1606; x_wconf 89' lang='lat' dir='ltr'>ab</span> <span class='ocrx_word' id='word_1_646' title='bbox 1786 1574 1851 1615; x_wconf 84' lang='lat' dir='ltr'>ipsa</span> <span class='ocrx_word' id='word_1_647' title='bbox 1876 1573 1992 1616; x_wconf 89' lang='lat' dir='ltr'>sperari</span> <span class='ocrx_word' id='word_1_648' title='bbox 2015 1575 2075 1607; x_wconf 84' lang='lat' dir='ltr'>vix</span> 
     </span>
     <span class='ocr_line' id='line_1_98' title="bbox 1190 1622 2075 1667; baseline -0.001 -9"><span class='ocrx_word' id='word_1_649' title='bbox 1190 1624 1284 1667; x_wconf 88' lang='lat' dir='ltr'>poffit</span> <span class='ocrx_word' id='word_1_650' title='bbox 1311 1622 1537 1658; x_wconf 83' lang='lat' dir='ltr'>haereticorum</span> <span class='ocrx_word' id='word_1_651' title='bbox 1554 1623 1732 1657; x_wconf 66' lang='lat' dir='ltr'>conversio</span> <span class='ocrx_word' id='word_1_652' title='bbox 1744 1648 1751 1654; x_wconf 91' lang='lat'><strong>.</strong></span> <span class='ocrx_word' id='word_1_653' title='bbox 1781 1623 1824 1656; x_wconf 87' lang='lat' dir='ltr'>Et</span> <span class='ocrx_word' id='word_1_654' title='bbox 1836 1624 1942 1657; x_wconf 88' lang='lat' dir='ltr'>timeri</span> <span class='ocrx_word' id='word_1_655' title='bbox 1953 1623 2075 1667; x_wconf 82' lang='lat' dir='ltr'>poffiut</span> 
     </span>
     <span class='ocr_line' id='line_1_99' title="bbox 1189 1672 1948 1708; baseline -0.003 -1"><span class='ocrx_word' id='word_1_656' title='bbox 1189 1675 1252 1708; x_wconf 87' lang='lat' dir='ltr'>alia</span> <span class='ocrx_word' id='word_1_657' title='bbox 1265 1675 1350 1707; x_wconf 86' lang='lat' dir='ltr'>mala</span> <span class='ocrx_word' id='word_1_658' title='bbox 1364 1699 1371 1705; x_wconf 92' lang='lat'>.</span> <span class='ocrx_word' id='word_1_659' title='bbox 1399 1675 1478 1707; x_wconf 90' lang='lat' dir='ltr'>Hoc</span> <span class='ocrx_word' id='word_1_660' title='bbox 1498 1672 1566 1707; x_wconf 90' lang='lat' dir='ltr'>vult</span> <span class='ocrx_word' id='word_1_661' title='bbox 1581 1674 1689 1707; x_wconf 88' lang='lat' dir='ltr'>noster</span> <span class='ocrx_word' id='word_1_662' title='bbox 1702 1672 1948 1708; x_wconf 86' lang='lat' dir='ltr'>Tertullianus.</span> 
     </span>
    </p>

    <p class='ocr_par' dir='ltr' id='par_1_21' title="bbox 1179 1723 2212 3402">
     <span class='ocr_line' id='line_1_100' title="bbox 1240 1723 2079 1771; baseline 0 -13"><span class='ocrx_word' id='word_1_663' title='bbox 1240 1724 1325 1771; x_wconf 84' lang='lat' dir='ltr'>Qae</span> <span class='ocrx_word' id='word_1_664' title='bbox 1335 1725 1448 1758; x_wconf 89' lang='lat' dir='ltr'>omnia</span> <span class='ocrx_word' id='word_1_665' title='bbox 1463 1724 1573 1757; x_wconf 92' lang='lat' dir='ltr'>locum</span> <span class='ocrx_word' id='word_1_666' title='bbox 1585 1723 1737 1757; x_wconf 86' lang='lat' dir='ltr'>obtinent</span> <span class='ocrx_word' id='word_1_667' title='bbox 1750 1723 1849 1758; x_wconf 87' lang='lat' dir='ltr'>etiarn</span> <span class='ocrx_word' id='word_1_668' title='bbox 1863 1725 1897 1756; x_wconf 89' lang='lat' dir='ltr'>in</span> <span class='ocrx_word' id='word_1_669' title='bbox 1920 1723 2079 1768; x_wconf 86' lang='lat' dir='ltr'>generali-</span> 
     </span>
     <span class='ocr_line' id='line_1_101' title="bbox 1191 1772 2078 1816; baseline -0.001 -9"><span class='ocrx_word' id='word_1_670' title='bbox 1191 1773 1249 1807; x_wconf 87' lang='lat' dir='ltr'>bus</span> <span class='ocrx_word' id='word_1_671' title='bbox 1270 1774 1432 1816; x_wconf 87' lang='lat' dir='ltr'>Syuodis.</span> <span class='ocrx_word' id='word_1_672' title='bbox 1463 1773 1574 1806; x_wconf 84' lang='lat' dir='ltr'>Etiam</span> <span class='ocrx_word' id='word_1_673' title='bbox 1594 1773 1664 1806; x_wconf 89' lang='lat' dir='ltr'>illic</span> <span class='ocrx_word' id='word_1_674' title='bbox 1688 1772 1829 1807; x_wconf 82' lang='lat' dir='ltr'>haeretici</span> <span class='ocrx_word' id='word_1_675' title='bbox 1854 1785 1924 1807; x_wconf 87' lang='lat' dir='ltr'>non</span> <span class='ocrx_word' id='word_1_676' title='bbox 1947 1774 2020 1807; x_wconf 86' lang='lat' dir='ltr'>sunt</span> <span class='ocrx_word' id='word_1_677' title='bbox 2033 1773 2078 1807; x_wconf 78' lang='lat' dir='ltr'>ad</span> 
     </span>
     <span class='ocr_line' id='line_1_102' title="bbox 1188 1821 2077 1868; baseline -0.002 -10"><span class='ocrx_word' id='word_1_678' title='bbox 1188 1823 1444 1868; x_wconf 89' lang='lat' dir='ltr'>disputationem</span> <span class='ocrx_word' id='word_1_679' title='bbox 1478 1822 1675 1856; x_wconf 87' lang='lat' dir='ltr'>admittendi</span> <span class='ocrx_word' id='word_1_680' title='bbox 1701 1846 1710 1854; x_wconf 82' lang='lat'><strong>.</strong></span> <span class='ocrx_word' id='word_1_681' title='bbox 1746 1821 1816 1856; x_wconf 92' lang='lat' dir='ltr'>Hic</span> <span class='ocrx_word' id='word_1_682' title='bbox 1834 1823 1879 1856; x_wconf 89' lang='lat' dir='ltr'>est</span> <span class='ocrx_word' id='word_1_683' title='bbox 1902 1834 2077 1866; x_wconf 86' lang='lat' dir='ltr'>perpetuus</span> 
     </span>
     <span class='ocr_line' id='line_1_103' title="bbox 1189 1873 2078 1918; baseline 0 -11"><span class='ocrx_word' id='word_1_684' title='bbox 1189 1875 1294 1909; x_wconf 89' lang='lat' dir='ltr'>sensus</span> <span class='ocrx_word' id='word_1_685' title='bbox 1308 1874 1473 1908; x_wconf 79' lang='lat' dir='ltr'>Ecciefiae.</span> <span class='ocrx_word' id='word_1_686' title='bbox 1501 1873 1716 1917; x_wconf 84' lang='lat' dir='ltr'>Disputantes</span> <span class='ocrx_word' id='word_1_687' title='bbox 1730 1883 1832 1918; x_wconf 87' lang='lat' dir='ltr'>agunt</span> <span class='ocrx_word' id='word_1_688' title='bbox 1844 1884 1881 1908; x_wconf 90' lang='lat' dir='ltr'>ut</span> <span class='ocrx_word' id='word_1_689' title='bbox 1894 1884 1950 1916; x_wconf 88' lang='lat' dir='ltr'>par</span> <span class='ocrx_word' id='word_1_690' title='bbox 1968 1874 2003 1906; x_wconf 89' lang='lat' dir='ltr'>in</span> <span class='ocrx_word' id='word_1_691' title='bbox 2015 1884 2078 1917; x_wconf 77' lang='lat' dir='ltr'>pa·-</span> 
     </span>
     <span class='ocr_line' id='line_1_104' title="bbox 1189 1923 2077 1973; baseline -0.002 -15"><span class='ocrx_word' id='word_1_692' title='bbox 1189 1937 1273 1960; x_wconf 87' lang='lat' dir='ltr'>rem:</span> <span class='ocrx_word' id='word_1_693' title='bbox 1305 1924 1410 1973; x_wconf 86' lang='lat' dir='ltr'>Qod</span> <span class='ocrx_word' id='word_1_694' title='bbox 1435 1923 1595 1957; x_wconf 82' lang='lat' dir='ltr'>haereticis</span> <span class='ocrx_word' id='word_1_695' title='bbox 1619 1923 1762 1966; x_wconf 88' lang='lat' dir='ltr'>permitti</span> <span class='ocrx_word' id='word_1_696' title='bbox 1786 1934 1855 1957; x_wconf 88' lang='lat' dir='ltr'>non</span> <span class='ocrx_word' id='word_1_697' title='bbox 1869 1923 1989 1966; x_wconf 85' lang='lat' dir='ltr'>poffit,</span> <span class='ocrx_word' id='word_1_698' title='bbox 2015 1934 2077 1958; x_wconf 86' lang='lat' dir='ltr'>nec</span> 
     </span>
     <span class='ocr_line' id='line_1_105' title="bbox 1189 1972 2080 2019; baseline -0.003 -10"><span class='ocrx_word' id='word_1_699' title='bbox 1189 1987 1336 2019; x_wconf 87' lang='lat' dir='ltr'>unquam</span> <span class='ocrx_word' id='word_1_700' title='bbox 1349 1973 1526 2018; x_wconf 66' lang='lat' dir='ltr'>illegitima</span> <span class='ocrx_word' id='word_1_701' title='bbox 1539 1973 1680 2016; x_wconf 79' lang='lat' dir='ltr'>syuodo</span> <span class='ocrx_word' id='word_1_702' title='bbox 1690 1973 1753 2006; x_wconf 90' lang='lat' dir='ltr'>fnit</span> <span class='ocrx_word' id='word_1_703' title='bbox 1767 1973 1954 2016; x_wconf 74' lang='lat' dir='ltr'>permissum</span> <span class='ocrx_word' id='word_1_704' title='bbox 1966 1998 1974 2004; x_wconf 94' lang='lat'><em>.</em></span> <span class='ocrx_word' id='word_1_705' title='bbox 2004 1972 2080 2018; x_wconf 81' lang='lat' dir='ltr'>Qi.</span> 
     </span>
     <span class='ocr_line' id='line_1_106' title="bbox 1187 2021 2078 2064; baseline -0.003 -5"><span class='ocrx_word' id='word_1_706' title='bbox 1187 2026 1340 2059; x_wconf 70' lang='lat' dir='ltr'>Sanstum</span> <span class='ocrx_word' id='word_1_707' title='bbox 1362 2024 1581 2058; x_wconf 76' lang='lat' dir='ltr'>Athanasium</span> <span class='ocrx_word' id='word_1_708' title='bbox 1604 2025 1639 2057; x_wconf 90' lang='lat' dir='ltr'>in</span> <span class='ocrx_word' id='word_1_709' title='bbox 1654 2023 1787 2056; x_wconf 78' lang='lat' dir='ltr'>Nicaena</span> <span class='ocrx_word' id='word_1_710' title='bbox 1809 2021 2078 2064; x_wconf 80' lang='lat' dir='ltr'>synodocontra</span> 
     </span>
     <span class='ocr_line' id='line_1_107' title="bbox 1187 2069 2079 2118; baseline -0.007 -9"><span class='ocrx_word' id='word_1_711' title='bbox 1187 2075 1330 2109; x_wconf 85' lang='lat' dir='ltr'>Arianos</span> <span class='ocrx_word' id='word_1_712' title='bbox 1351 2075 1531 2118; x_wconf 88' lang='lat' dir='ltr'>Episcopos</span> <span class='ocrx_word' id='word_1_713' title='bbox 1554 2072 1723 2115; x_wconf 82' lang='lat' dir='ltr'>disputasse</span> <span class='ocrx_word' id='word_1_714' title='bbox 1734 2069 1922 2105; x_wconf 83' lang='lat' dir='ltr'>existimant</span> <span class='ocrx_word' id='word_1_715' title='bbox 1942 2096 1954 2112; x_wconf 92' lang='lat'><strong>,</strong></span> <span class='ocrx_word' id='word_1_716' title='bbox 1978 2071 2079 2114; x_wconf 87' lang='lat' dir='ltr'>pluri-</span> 
     </span>
     <span class='ocr_line' id='line_1_108' title="bbox 1187 2120 2077 2160; baseline -0.006 0"><span class='ocrx_word' id='word_1_717' title='bbox 1187 2126 1278 2160; x_wconf 77' lang='lat' dir='ltr'>mum</span> <span class='ocrx_word' id='word_1_718' title='bbox 1303 2125 1480 2159; x_wconf 84' lang='lat' dir='ltr'>falluntur.</span> <span class='ocrx_word' id='word_1_719' title='bbox 1506 2122 1640 2155; x_wconf 86' lang='lat' dir='ltr'>Etenim</span> <span class='ocrx_word' id='word_1_720' title='bbox 1662 2131 1742 2155; x_wconf 90' lang='lat' dir='ltr'>tunc</span> <span class='ocrx_word' id='word_1_721' title='bbox 1754 2133 1822 2156; x_wconf 90' lang='lat' dir='ltr'>non</span> <span class='ocrx_word' id='word_1_722' title='bbox 1835 2132 1903 2156; x_wconf 87' lang='lat' dir='ltr'>erat</span> <span class='ocrx_word' id='word_1_723' title='bbox 1915 2121 1974 2155; x_wconf 82' lang='lat' dir='ltr'>nifi</span> <span class='ocrx_word' id='word_1_724' title='bbox 1995 2120 2077 2155; x_wconf 85' lang='lat' dir='ltr'>Dia-</span> 
     </span>
     <span class='ocr_line' id='line_1_109' title="bbox 1186 2171 2080 2216; baseline -0.006 -7"><span class='ocrx_word' id='word_1_725' title='bbox 1186 2186 1308 2210; x_wconf 90' lang='lat' dir='ltr'>conus.</span> <span class='ocrx_word' id='word_1_726' title='bbox 1336 2175 1381 2207; x_wconf 88' lang='lat' dir='ltr'>Et</span> <span class='ocrx_word' id='word_1_727' title='bbox 1406 2173 1479 2216; x_wconf 86' lang='lat' dir='ltr'>quis</span> <span class='ocrx_word' id='word_1_728' title='bbox 1507 2171 1628 2205; x_wconf 82' lang='lat' dir='ltr'>nesciat</span> <span class='ocrx_word' id='word_1_729' title='bbox 1650 2171 1825 2214; x_wconf 85' lang='lat' dir='ltr'>Synodum</span> <span class='ocrx_word' id='word_1_730' title='bbox 1848 2184 1916 2206; x_wconf 89' lang='lat' dir='ltr'>non</span> <span class='ocrx_word' id='word_1_731' title='bbox 1930 2171 2080 2205; x_wconf 89' lang='lat' dir='ltr'>Clerico-</span> 
     </span>
     <span class='ocr_line' id='line_1_110' title="bbox 1186 2221 2077 2267; baseline -0.001 -10"><span class='ocrx_word' id='word_1_732' title='bbox 1186 2235 1258 2258; x_wconf 87' lang='lat' dir='ltr'>rum</span> <span class='ocrx_word' id='word_1_733' title='bbox 1275 2224 1337 2257; x_wconf 81' lang='lat' dir='ltr'>esse</span> <span class='ocrx_word' id='word_1_734' title='bbox 1363 2247 1374 2262; x_wconf 92' lang='lat'><strong>,</strong></span> <span class='ocrx_word' id='word_1_735' title='bbox 1400 2222 1454 2256; x_wconf 90' lang='lat' dir='ltr'>sed</span> <span class='ocrx_word' id='word_1_736' title='bbox 1475 2222 1620 2256; x_wconf 88' lang='lat' dir='ltr'>solorum</span> <span class='ocrx_word' id='word_1_737' title='bbox 1644 2221 1907 2265; x_wconf 83' lang='lat' dir='ltr'>Episcoporum,</span> <span class='ocrx_word' id='word_1_738' title='bbox 1934 2222 2077 2267; x_wconf 85' lang='lat' dir='ltr'>ideoque</span> 
     </span>
     <span class='ocr_line' id='line_1_111' title="bbox 1187 2271 2078 2317; baseline -0.003 -9"><span class='ocrx_word' id='word_1_739' title='bbox 1187 2274 1333 2308; x_wconf 89' lang='lat' dir='ltr'>Clericos</span> <span class='ocrx_word' id='word_1_740' title='bbox 1345 2273 1414 2306; x_wconf 89' lang='lat' dir='ltr'>illic</span> <span class='ocrx_word' id='word_1_741' title='bbox 1433 2284 1494 2305; x_wconf 90' lang='lat' dir='ltr'>nec</span> <span class='ocrx_word' id='word_1_742' title='bbox 1506 2272 1684 2314; x_wconf 87' lang='lat' dir='ltr'>interloqui</span> <span class='ocrx_word' id='word_1_743' title='bbox 1709 2273 1798 2315; x_wconf 78' lang='lat' dir='ltr'>posse</span> <span class='ocrx_word' id='word_1_744' title='bbox 1811 2297 1823 2313; x_wconf 95' lang='lat'>‚</span> <span class='ocrx_word' id='word_1_745' title='bbox 1849 2271 1950 2317; x_wconf 71' lang='lat' dir='ltr'>longe</span> <span class='ocrx_word' id='word_1_746' title='bbox 1963 2272 2078 2306; x_wconf 76' lang='lat' dir='ltr'>minus</span> 
     </span>
     <span class='ocr_line' id='line_1_112' title="bbox 1184 2322 2194 2375; baseline -0.002 -19"><span class='ocrx_word' id='word_1_747' title='bbox 1184 2323 1348 2365; x_wconf 87' lang='lat' dir='ltr'>disputare</span> <span class='ocrx_word' id='word_1_748' title='bbox 1362 2346 1369 2353; x_wconf 89' lang='lat'><strong>.</strong></span> <span class='ocrx_word' id='word_1_749' title='bbox 1397 2322 1498 2355; x_wconf 59' lang='lat' dir='ltr'>Recte</span> <span class='ocrx_word' id='word_1_750' title='bbox 1511 2322 1661 2356; x_wconf 81' lang='lat' dir='ltr'>Socrates</span> <span class='ocrx_word' id='word_1_751' title='bbox 1673 2335 1684 2355; x_wconf 84' lang='grc'>.·</span> <span class='ocrx_word' id='word_1_752' title='bbox 1711 2322 1884 2356; x_wconf 77' lang='lat' dir='ltr'>Alexander</span> <span class='ocrx_word' id='word_1_753' title='bbox 1904 2322 2076 2366; x_wconf 64' lang='lat' dir='ltr'>Episcopus</span> <span class='ocrx_word' id='word_1_754' title='bbox 2092 2342 2154 2375; x_wconf 38' lang='lat' dir='ltr'>Lib·</span> <span class='ocrx_word' id='word_1_755' title='bbox 2180 2355 2194 2373; x_wconf 57' lang='lat'>¹</span> 
     </span>
     <span class='ocr_line' id='line_1_113' title="bbox 1186 2366 2212 2423; baseline 0.001 -19"><span class='ocrx_word' id='word_1_756' title='bbox 1186 2370 1378 2412; x_wconf 80' lang='lat' dir='ltr'>Athanafium</span> <span class='ocrx_word' id='word_1_757' title='bbox 1391 2373 1555 2402; x_wconf 73' lang='lat' dir='ltr'>Diaconum</span> <span class='ocrx_word' id='word_1_758' title='bbox 1561 2369 1657 2413; x_wconf 80' lang='lat' dir='ltr'>J&#39;ecum</span> <span class='ocrx_word' id='word_1_759' title='bbox 1671 2373 1761 2404; x_wconf 77' lang='lat' dir='ltr'>duxit</span> <span class='ocrx_word' id='word_1_760' title='bbox 1772 2376 1808 2405; x_wconf 88' lang='lat' dir='ltr'><em>N</em></span> <span class='ocrx_word' id='word_1_761' title='bbox 1810 2378 1913 2405; x_wconf 77' lang='lat' dir='ltr'>icaeain</span> <span class='ocrx_word' id='word_1_762' title='bbox 1927 2397 1938 2411; x_wconf 90' lang='lat'>,</span> <span class='ocrx_word' id='word_1_763' title='bbox 1962 2381 1997 2405; x_wconf 86' lang='lat' dir='ltr'>ut</span> <span class='ocrx_word' id='word_1_764' title='bbox 2009 2374 2076 2406; x_wconf 69' lang='lat' dir='ltr'>ci&#39;cm</span> <span class='ocrx_word' id='word_1_765' title='bbox 2091 2392 2155 2423; x_wconf 59' lang='lat' dir='ltr'>cap,</span> <span class='ocrx_word' id='word_1_766' title='bbox 2167 2394 2177 2412; x_wconf 67' lang='lat'>1</span> <span class='ocrx_word' id='word_1_767' title='bbox 2189 2366 2212 2413; x_wconf 57' lang='grc' dir='ltr'>ι’,</span> 
     </span>
     <span class='ocr_line' id='line_1_114' title="bbox 1183 2420 2076 2466; baseline 0.001 -12"><span class='ocrx_word' id='word_1_768' title='bbox 1183 2423 1346 2454; x_wconf 80' lang='lat' dir='ltr'>Concilium</span> <span class='ocrx_word' id='word_1_769' title='bbox 1358 2427 1391 2455; x_wconf 69' lang='lat' dir='ltr'>e&#39;n</span> <span class='ocrx_word' id='word_1_770' title='bbox 1403 2431 1493 2453; x_wconf 78' lang='lat' dir='ltr'>unum</span> <span class='ocrx_word' id='word_1_771' title='bbox 1503 2429 1646 2464; x_wconf 85' lang='lat' dir='ltr'>cogeretur</span> <span class='ocrx_word' id='word_1_772' title='bbox 1661 2445 1673 2461; x_wconf 87' lang='lat'><strong>,</strong></span> <span class='ocrx_word' id='word_1_773' title='bbox 1693 2420 1883 2464; x_wconf 79' lang='lat' dir='ltr'>subfidiofibi</span> <span class='ocrx_word' id='word_1_774' title='bbox 1895 2422 1958 2465; x_wconf 38' lang='lat' dir='ltr'>&amp;set</span> <span class='ocrx_word' id='word_1_775' title='bbox 1967 2428 2004 2455; x_wconf 87' lang='lat' dir='ltr'>in</span> <span class='ocrx_word' id='word_1_776' title='bbox 2013 2421 2076 2466; x_wconf 84' lang='lat' dir='ltr'>dis-</span> 
     </span>
     <span class='ocr_line' id='line_1_115' title="bbox 1179 2470 2075 2514; baseline -0.003 -8"><span class='ocrx_word' id='word_1_777' title='bbox 1179 2473 1320 2514; x_wconf 82' lang='lat' dir='ltr'>putando</span> <span class='ocrx_word' id='word_1_778' title='bbox 1344 2496 1353 2503; x_wconf 91' lang='lat'><strong>.</strong></span> <span class='ocrx_word' id='word_1_779' title='bbox 1394 2470 1483 2504; x_wconf 77' lang='lat' dir='ltr'>Effer</span> <span class='ocrx_word' id='word_1_780' title='bbox 1520 2470 1650 2513; x_wconf 84' lang='lat' dir='ltr'>adjutor</span> <span class='ocrx_word' id='word_1_781' title='bbox 1675 2470 1775 2504; x_wconf 80' lang='lat' dir='ltr'>studii</span> <span class='ocrx_word' id='word_1_782' title='bbox 1802 2494 1831 2503; x_wconf 83' lang='lat'>.-</span> <span class='ocrx_word' id='word_1_783' title='bbox 1853 2473 1927 2507; x_wconf 75' lang='lat' dir='ltr'>Nec</span> <span class='ocrx_word' id='word_1_784' title='bbox 1954 2473 2075 2508; x_wconf 62' lang='lat' dir='ltr'>Nica</span> 
     </span>
     <span class='ocr_line' id='line_1_116' title="bbox 1183 2520 2075 2567; baseline 0 -11"><span class='ocrx_word' id='word_1_785' title='bbox 1183 2522 1357 2561; x_wconf 86' lang='lat' dir='ltr'>Arius,nec</span> <span class='ocrx_word' id='word_1_786' title='bbox 1368 2520 1505 2555; x_wconf 86' lang='lat' dir='ltr'>Sardicae</span> <span class='ocrx_word' id='word_1_787' title='bbox 1517 2532 1574 2555; x_wconf 89' lang='lat' dir='ltr'>aut</span> <span class='ocrx_word' id='word_1_788' title='bbox 1586 2520 1880 2565; x_wconf 88' lang='lat' dir='ltr'>Constantinopoli</span> <span class='ocrx_word' id='word_1_789' title='bbox 1894 2523 1967 2567; x_wconf 89' lang='lat' dir='ltr'>quis</span> <span class='ocrx_word' id='word_1_790' title='bbox 1980 2523 2075 2557; x_wconf 82' lang='lat' dir='ltr'>Aria-</span> 
     </span>
     <span class='ocr_line' id='line_1_117' title="bbox 1183 2568 2075 2614; baseline 0.001 -9"><span class='ocrx_word' id='word_1_791' title='bbox 1183 2583 1244 2606; x_wconf 89' lang='lat' dir='ltr'>nus</span> <span class='ocrx_word' id='word_1_792' title='bbox 1261 2597 1271 2611; x_wconf 92' lang='lat'>‚</span> <span class='ocrx_word' id='word_1_793' title='bbox 1305 2583 1365 2606; x_wconf 92' lang='lat' dir='ltr'>nec</span> <span class='ocrx_word' id='word_1_794' title='bbox 1389 2568 1504 2614; x_wconf 82' lang='lat' dir='ltr'>Ephefi</span> <span class='ocrx_word' id='word_1_795' title='bbox 1541 2570 1715 2605; x_wconf 80' lang='lat' dir='ltr'>NestorIus</span> <span class='ocrx_word' id='word_1_796' title='bbox 1728 2594 1741 2612; x_wconf 85' lang='lat'>,</span> <span class='ocrx_word' id='word_1_797' title='bbox 1768 2583 1830 2606; x_wconf 91' lang='lat' dir='ltr'>nec</span> <span class='ocrx_word' id='word_1_798' title='bbox 1857 2569 2075 2607; x_wconf 85' lang='lat' dir='ltr'>Chalcedone</span> 
     </span>
     <span class='ocr_line' id='line_1_118' title="bbox 1184 2619 2073 2666; baseline 0.001 -10"><span class='ocrx_word' id='word_1_799' title='bbox 1184 2619 1347 2665; x_wconf 88' lang='lat' dir='ltr'>Eutyches</span> <span class='ocrx_word' id='word_1_800' title='bbox 1369 2631 1426 2655; x_wconf 89' lang='lat' dir='ltr'>aut</span> <span class='ocrx_word' id='word_1_801' title='bbox 1458 2620 1661 2662; x_wconf 69' lang='lat' dir='ltr'>Dioscorus,</span> <span class='ocrx_word' id='word_1_802' title='bbox 1688 2632 1750 2656; x_wconf 88' lang='lat' dir='ltr'>nec</span> <span class='ocrx_word' id='word_1_803' title='bbox 1773 2621 1807 2655; x_wconf 91' lang='lat' dir='ltr'>in</span> <span class='ocrx_word' id='word_1_804' title='bbox 1831 2623 1919 2656; x_wconf 77' lang='lat' dir='ltr'>sexta</span> <span class='ocrx_word' id='word_1_805' title='bbox 1931 2623 2073 2666; x_wconf 90' lang='lat' dir='ltr'>Synodo</span> 
     </span>
     <span class='ocr_line' id='line_1_119' title="bbox 1182 2669 2072 2715; baseline 0.001 -10"><span class='ocrx_word' id='word_1_806' title='bbox 1182 2673 1346 2706; x_wconf 86' lang='lat' dir='ltr'>Macarius</span> <span class='ocrx_word' id='word_1_807' title='bbox 1371 2669 1629 2711; x_wconf 85' lang='lat' dir='ltr'>Antiochenus,</span> <span class='ocrx_word' id='word_1_808' title='bbox 1655 2683 1717 2705; x_wconf 88' lang='lat' dir='ltr'>nec</span> <span class='ocrx_word' id='word_1_809' title='bbox 1740 2672 1774 2706; x_wconf 90' lang='lat' dir='ltr'>in</span> <span class='ocrx_word' id='word_1_810' title='bbox 1796 2673 1930 2715; x_wconf 87' lang='lat' dir='ltr'>septima</span> <span class='ocrx_word' id='word_1_811' title='bbox 1953 2673 2072 2706; x_wconf 81' lang='lat' dir='ltr'>loono-</span> 
     </span>
     <span class='ocr_line' id='line_1_120' title="bbox 1181 2720 2072 2763; baseline -0.001 -7"><span class='ocrx_word' id='word_1_812' title='bbox 1181 2723 1284 2756; x_wconf 84' lang='lat' dir='ltr'>clastae</span> <span class='ocrx_word' id='word_1_813' title='bbox 1295 2746 1307 2761; x_wconf 92' lang='lat'>‚</span> <span class='ocrx_word' id='word_1_814' title='bbox 1334 2733 1395 2755; x_wconf 88' lang='lat' dir='ltr'>nec</span> <span class='ocrx_word' id='word_1_815' title='bbox 1415 2722 1450 2754; x_wconf 85' lang='lat' dir='ltr'>in</span> <span class='ocrx_word' id='word_1_816' title='bbox 1473 2722 1583 2754; x_wconf 71' lang='lat' dir='ltr'>octava</span> <span class='ocrx_word' id='word_1_817' title='bbox 1597 2720 1739 2754; x_wconf 84' lang='lat' dir='ltr'>Photius</span> <span class='ocrx_word' id='word_1_818' title='bbox 1762 2722 1837 2754; x_wconf 90' lang='lat' dir='ltr'>suut</span> <span class='ocrx_word' id='word_1_819' title='bbox 1851 2723 1891 2755; x_wconf 89' lang='lat' dir='ltr'>ad</span> <span class='ocrx_word' id='word_1_820' title='bbox 1905 2721 2072 2763; x_wconf 63' lang='lat' dir='ltr'>disputan*</span> 
     </span>
     <span class='ocr_line' id='line_1_121' title="bbox 1181 2769 2071 2814; baseline -0.003 -6"><span class='ocrx_word' id='word_1_821' title='bbox 1181 2774 1260 2808; x_wconf 88' lang='lat' dir='ltr'>dum</span> <span class='ocrx_word' id='word_1_822' title='bbox 1272 2771 1410 2811; x_wconf 84' lang='lat' dir='ltr'>admiffi,</span> <span class='ocrx_word' id='word_1_823' title='bbox 1422 2783 1460 2805; x_wconf 86' lang='lat' dir='ltr'>ac</span> <span class='ocrx_word' id='word_1_824' title='bbox 1472 2769 1610 2814; x_wconf 75' lang='lat' dir='ltr'>permissi</span> <span class='ocrx_word' id='word_1_825' title='bbox 1623 2770 1738 2810; x_wconf 71' lang='lat' dir='ltr'>sedere,</span> <span class='ocrx_word' id='word_1_826' title='bbox 1751 2769 1805 2803; x_wconf 85' lang='lat' dir='ltr'>sed</span> <span class='ocrx_word' id='word_1_827' title='bbox 1816 2770 1888 2811; x_wconf 69' lang='lat' dir='ltr'>iuffi</span> <span class='ocrx_word' id='word_1_828' title='bbox 1901 2771 1974 2803; x_wconf 85' lang='lat' dir='ltr'>sunt</span> <span class='ocrx_word' id='word_1_829' title='bbox 1986 2769 2071 2805; x_wconf 80' lang='lat' dir='ltr'>stare</span> 
     </span>
     <span class='ocr_line' id='line_1_122' title="bbox 1181 2817 2069 2863; baseline -0.005 -6"><span class='ocrx_word' id='word_1_830' title='bbox 1181 2825 1266 2857; x_wconf 89' lang='lat' dir='ltr'>inter</span> <span class='ocrx_word' id='word_1_831' title='bbox 1279 2832 1349 2856; x_wconf 89' lang='lat' dir='ltr'>reos</span> <span class='ocrx_word' id='word_1_832' title='bbox 1362 2845 1374 2861; x_wconf 91' lang='lat'>,</span> <span class='ocrx_word' id='word_1_833' title='bbox 1399 2822 1543 2854; x_wconf 85' lang='lat' dir='ltr'>rationes</span> <span class='ocrx_word' id='word_1_834' title='bbox 1553 2817 1684 2853; x_wconf 88' lang='lat' dir='ltr'>reddere</span> <span class='ocrx_word' id='word_1_835' title='bbox 1695 2820 1827 2852; x_wconf 89' lang='lat' dir='ltr'>suorum</span> <span class='ocrx_word' id='word_1_836' title='bbox 1842 2819 2069 2863; x_wconf 83' lang='lat' dir='ltr'>Dogmatum,</span> 
     </span>
     <span class='ocr_line' id='line_1_123' title="bbox 1180 2868 2064 2918; baseline -0.003 -11"><span class='ocrx_word' id='word_1_837' title='bbox 1180 2873 1291 2907; x_wconf 83' lang='lat' dir='ltr'>audire</span> <span class='ocrx_word' id='word_1_838' title='bbox 1312 2870 1478 2913; x_wconf 87' lang='lat' dir='ltr'>Synodale</span> <span class='ocrx_word' id='word_1_839' title='bbox 1490 2868 1673 2912; x_wconf 82' lang='lat' dir='ltr'>judicium,</span> <span class='ocrx_word' id='word_1_840' title='bbox 1697 2868 1731 2901; x_wconf 83' lang='lat'>&amp;</span> <span class='ocrx_word' id='word_1_841' title='bbox 1753 2868 1902 2903; x_wconf 88' lang='lat' dir='ltr'>obedire.</span> <span class='ocrx_word' id='word_1_842' title='bbox 1927 2869 2064 2918; x_wconf 62' lang='lat' dir='ltr'>Quibus</span> 
     </span>
     <span class='ocr_line' id='line_1_124' title="bbox 1180 2917 2068 2963; baseline -0.003 -5"><span class='ocrx_word' id='word_1_843' title='bbox 1180 2923 1314 2958; x_wconf 90' lang='lat' dir='ltr'>obedire</span> <span class='ocrx_word' id='word_1_844' title='bbox 1327 2931 1393 2954; x_wconf 90' lang='lat' dir='ltr'>non</span> <span class='ocrx_word' id='word_1_845' title='bbox 1407 2919 1529 2963; x_wconf 90' lang='lat' dir='ltr'>placuit</span> <span class='ocrx_word' id='word_1_846' title='bbox 1540 2943 1551 2959; x_wconf 92' lang='lat'><strong>,</strong></span> <span class='ocrx_word' id='word_1_847' title='bbox 1563 2920 1693 2952; x_wconf 90' lang='lat' dir='ltr'>fuerunt</span> <span class='ocrx_word' id='word_1_848' title='bbox 1704 2917 1867 2962; x_wconf 85' lang='lat' dir='ltr'>deportati</span> <span class='ocrx_word' id='word_1_849' title='bbox 1881 2944 1889 2951; x_wconf 90' lang='lat'>.</span> <span class='ocrx_word' id='word_1_850' title='bbox 1902 2918 1940 2953; x_wconf 84' lang='lat' dir='ltr'>ln</span> <span class='ocrx_word' id='word_1_851' title='bbox 1952 2919 2068 2955; x_wconf 83' lang='lat' dir='ltr'>oafim</span> 
     </span>
     <span class='ocr_line' id='line_1_125' title="bbox 1181 2966 2070 3026; baseline -0.004 -19"><span class='ocrx_word' id='word_1_852' title='bbox 1181 2973 1293 3017; x_wconf 86' lang='lat' dir='ltr'>paffim</span> <span class='ocrx_word' id='word_1_853' title='bbox 1304 2972 1525 3015; x_wconf 84' lang='lat' dir='ltr'>migraverunt</span> <span class='ocrx_word' id='word_1_854' title='bbox 1537 2993 1545 3000; x_wconf 90' lang='lat'><strong>.</strong></span> <span class='ocrx_word' id='word_1_855' title='bbox 1560 2969 1706 3013; x_wconf 84' lang='lat' dir='ltr'>Magnus</span> <span class='ocrx_word' id='word_1_856' title='bbox 1716 2968 1894 3011; x_wconf 83' lang='lat' dir='ltr'>Imperator</span> <span class='ocrx_word' id='word_1_857' title='bbox 1905 2966 2070 3026; x_wconf 44' lang='lat' dir='ltr'>&#39;1513on</span> 
     </span>
     <span class='ocr_line' id='line_1_126' title="bbox 1180 3014 2068 3059; baseline -0.006 -2"><span class='ocrx_word' id='word_1_858' title='bbox 1180 3025 1239 3057; x_wconf 87' lang='lat' dir='ltr'>fius</span> <span class='ocrx_word' id='word_1_859' title='bbox 1249 3020 1458 3057; x_wconf 84' lang='lat' dir='ltr'>orientalem</span> <span class='ocrx_word' id='word_1_860' title='bbox 1470 3019 1648 3053; x_wconf 76' lang='lat' dir='ltr'>Ecclesiam</span> <span class='ocrx_word' id='word_1_861' title='bbox 1658 3018 1787 3052; x_wconf 82' lang='lat' dir='ltr'>invenit</span> <span class='ocrx_word' id='word_1_862' title='bbox 1796 3014 2068 3059; x_wconf 46' lang='lat' dir='ltr'>,hoerutfflimai&#39;n‘</span> 
     </span>
     <span class='ocr_line' id='line_1_127' title="bbox 1179 3064 2066 3111; baseline -0.007 -3"><span class='ocrx_word' id='word_1_863' title='bbox 1179 3071 1411 3108; x_wconf 78' lang='lat' dir='ltr'>Graffabantur</span> <span class='ocrx_word' id='word_1_864' title='bbox 1434 3070 1550 3103; x_wconf 81' lang='lat' dir='ltr'>Ariani</span> <span class='ocrx_word' id='word_1_865' title='bbox 1577 3093 1589 3109; x_wconf 91' lang='lat'>,</span> <span class='ocrx_word' id='word_1_866' title='bbox 1611 3064 2066 3111; x_wconf 49' lang='lat' dir='ltr'>Macedoniani‘33,fflovatia·</span> 
     </span>
     <span class='ocr_line' id='line_1_128' title="bbox 1181 3119 2064 3165; baseline -0.005 -7"><span class='ocrx_word' id='word_1_867' title='bbox 1181 3124 1314 3163; x_wconf 81' lang='lat' dir='ltr'>nenses,</span> <span class='ocrx_word' id='word_1_868' title='bbox 1345 3119 1609 3165; x_wconf 79' lang='lat' dir='ltr'>Apouinaristae:</span> <span class='ocrx_word' id='word_1_869' title='bbox 1637 3119 1766 3157; x_wconf 80' lang='lat' dir='ltr'>omnes</span> <span class='ocrx_word' id='word_1_870' title='bbox 1786 3119 1861 3154; x_wconf 70' lang='lat' dir='ltr'>seffi</span> <span class='ocrx_word' id='word_1_871' title='bbox 1876 3121 1909 3154; x_wconf 86' lang='lat' dir='ltr'>in</span> <span class='ocrx_word' id='word_1_872' title='bbox 1924 3119 2064 3163; x_wconf 82' lang='lat' dir='ltr'>plurima</span> 
     </span>
     <span class='ocr_line' id='line_1_129' title="bbox 1180 3167 2065 3208; baseline -0.005 0"><span class='ocrx_word' id='word_1_873' title='bbox 1180 3173 1283 3208; x_wconf 81' lang='lat' dir='ltr'>&amp;sibi</span> <span class='ocrx_word' id='word_1_874' title='bbox 1303 3170 1420 3206; x_wconf 74' lang='lat' dir='ltr'>mutuo</span> <span class='ocrx_word' id='word_1_875' title='bbox 1444 3167 1723 3204; x_wconf 78' lang='lat' dir='ltr'>adversantiffima.</span> <span class='ocrx_word' id='word_1_876' title='bbox 1737 3170 1854 3203; x_wconf 82' lang='lat' dir='ltr'>frusta.</span> <span class='ocrx_word' id='word_1_877' title='bbox 1886 3169 2065 3204; x_wconf 46' lang='lat' dir='ltr'>Etenim&amp;</span> 
     </span>
     <span class='ocr_line' id='line_1_130' title="bbox 1181 3217 2064 3265; baseline -0.006 -6"><span class='ocrx_word' id='word_1_878' title='bbox 1181 3223 1356 3259; x_wconf 69' lang='lat' dir='ltr'>sardicensi</span> <span class='ocrx_word' id='word_1_879' title='bbox 1371 3220 1508 3265; x_wconf 90' lang='lat' dir='ltr'>Synodo</span> <span class='ocrx_word' id='word_1_880' title='bbox 1520 3217 1880 3263; x_wconf 80' lang='lat' dir='ltr'>Orientalelmperium</span> <span class='ocrx_word' id='word_1_881' title='bbox 1892 3229 2064 3254; x_wconf 85' lang='lat' dir='ltr'>tenuerant</span> 
     </span>
     <span class='ocr_line' id='line_1_131' title="bbox 1184 3268 2064 3314; baseline -0.007 -5"><span class='ocrx_word' id='word_1_882' title='bbox 1184 3272 1397 3309; x_wconf 86' lang='lat' dir='ltr'>Constantius</span> <span class='ocrx_word' id='word_1_883' title='bbox 1420 3296 1432 3312; x_wconf 91' lang='lat'><strong>,</strong></span> <span class='ocrx_word' id='word_1_884' title='bbox 1456 3269 1603 3314; x_wconf 84' lang='lat' dir='ltr'>Julianus</span> <span class='ocrx_word' id='word_1_885' title='bbox 1623 3293 1635 3309; x_wconf 89' lang='lat'>,</span> <span class='ocrx_word' id='word_1_886' title='bbox 1659 3268 1694 3302; x_wconf 73' lang='grc' dir='ltr'><strong>ἃ</strong></span> <span class='ocrx_word' id='word_1_887' title='bbox 1715 3269 1841 3303; x_wconf 89' lang='lat' dir='ltr'>Valens</span> <span class='ocrx_word' id='word_1_888' title='bbox 1860 3295 1871 3311; x_wconf 87' lang='lat'>‚</span> <span class='ocrx_word' id='word_1_889' title='bbox 1896 3280 1994 3313; x_wconf 86' lang='lat' dir='ltr'>atque</span> <span class='ocrx_word' id='word_1_890' title='bbox 2017 3271 2064 3304; x_wconf 76' lang='lat' dir='ltr'>ita.</span> 
     </span>
     <span class='ocr_line' id='line_1_132' title="bbox 1188 3318 2064 3402; baseline -0.005 -44"><span class='ocrx_word' id='word_1_891' title='bbox 1188 3335 1302 3360; x_wconf 82' lang='lat' dir='ltr'>omnes</span> <span class='ocrx_word' id='word_1_892' title='bbox 1313 3324 1383 3358; x_wconf 89' lang='lat' dir='ltr'>illic</span> <span class='ocrx_word' id='word_1_893' title='bbox 1393 3331 1490 3366; x_wconf 83' lang='lat' dir='ltr'>portae</span> <span class='ocrx_word' id='word_1_894' title='bbox 1500 3318 1829 3402; x_wconf 74' lang='lat' dir='ltr'>patuerantPDiabolo</span> <span class='ocrx_word' id='word_1_895' title='bbox 1840 3344 1852 3352; x_wconf 76' lang='grc'><strong>.</strong></span> <span class='ocrx_word' id='word_1_896' title='bbox 1874 3319 1968 3355; x_wconf 81' lang='lat' dir='ltr'>Hine</span> <span class='ocrx_word' id='word_1_897' title='bbox 1977 3321 2064 3364; x_wconf 47' lang='lat' dir='ltr'>opti&lt;</span> 
     </span>
    </p>

    <p class='ocr_par' dir='ltr' id='par_1_22' title="bbox 1933 3381 2005 3404">
     <span class='ocr_line' id='line_1_133' title="bbox 1933 3381 2005 3404; baseline 0 0"><span class='ocrx_word' id='word_1_898' title='bbox 1933 3381 2005 3404; x_wconf 85' lang='lat' dir='ltr'>mus</span> 
     </span>
    </p>
   </div>
   <div class='ocr_carea' id='block_1_7' title="bbox 2090 801 2229 834">
    <p class='ocr_par' dir='ltr' id='par_1_23' title="bbox 2090 801 2229 834">
     <span class='ocr_line' id='line_1_134' title="bbox 2090 801 2229 834; baseline 0.022 -3"><span class='ocrx_word' id='word_1_899' title='bbox 2090 801 2175 832; x_wconf 86' lang='lat' dir='ltr'>Orat.</span> <span class='ocrx_word' id='word_1_900' title='bbox 2183 808 2229 834; x_wconf 72' lang='grc' dir='ltr'>ιε.</span> 
     </span>
    </p>
   </div>
  </div>
 </body>
</html>
