2346 3724
714 183 1126 225 CAPlT

231 265 348 298 nomio
371 275 429 298 nec
440 262 536 296 lavari
552 263 764 296 sustinuerant
789 262 823 295 in
836 261 950 295 eodem
964 258 1101 293 balneo.
1117 269 1126 303 1

233 320 350 356 Aquam
361 319 392 344 in
404 323 465 355 qua
484 313 532 347 ille
542 316 663 346 laverat
675 339 684 353 ‚
710 312 857 346 haereticae
880 316 1022 352 nequitiae
1042 321 1107 342 con-

233 370 312 408 tagio
332 361 473 404 infestam
494 369 575 403 rati,
601 364 776 396 iit-cloacam
799 359 976 402 emiserant,
1002 359 1106 392 alsam-

235 425 291 457 que
307 412 359 454 fibi
379 418 603 455 imperaverant
624 412 747 454 infundi
771 436 779 444 .
819 411 990 444 Habemus
1016 410 1105 452 plura

235 462 420 500 istiusmodi
432 464 582 507 exempla
597 489 603 495 .
631 463 724 509 Qin
736 462 771 496 δε
781 461 821 495 de
834 462 1028 503 imperatore
1043 458 1108 492 Va·

237 515 348 554 lente,
375 514 534 548 auxilium
558 513 726 556 adversum
748 510 897 545 barbaros
919 511 965 544 sui
979 509 1108 552 Imperii

238 566 398 600 invasores
411 562 544 598 Gothos
555 562 739 607 postulante
748 560 765 594 ὲ
782 562 877 595 fratre
892 560 950 594 suo
962 559 1109 594 Valenti-

240 616 342 649 niano
350 613 502 657 Augusto
514 639 525 654 ,
551 613 659 647 scribit
671 612 757 646 idern
769 610 1004 644 Theodoretus
1017 623 1028 643 .·
1055 613 1111 642 Re-

83 657 163 694 caP·
177 658 222 685 ²⁸*
234 666 348 711 scripfit
360 664 588 700 Valentinianus
610 662 700 704 nefas
718 664 769 704 effe
781 686 791 701 ,
819 661 929 694 homini
946 661 1052 694 bellum
1061 670 1110 702 ge-

238 721 319 751 renti
339 727 403 749 cum
415 718 475 748 Deo
497 722 579 754 opem
596 712 680 755 ferre
694 736 704 751 ‚
729 714 812 753 cujus
834 716 988 745 temeritas
1011 711 1113 743 merito

239 767 394 801 coercenda
405 765 470 808 esset
481 789 488 796 .
515 763 768 797 Valentinianus
778 762 866 795 enim
889 759 1114 797 orthodoxus„

208 808 212 813 “
239 817 364 851 Valens
379 826 445 849 erat
470 812 628 849 Arianus.
657 812 760 859 Qod
779 813 968 854 exemplum
989 809 1113 844 utinam

240 865 418 901 Christiani
435 865 542 908 Reges
563 874 604 899 ex
630 864 743 897 animo
762 862 952 895 aemulentur
977 885 984 892 .
1011 857 1115 905 Qod

242 916 371 960 antiqui
394 914 506 948 fideles
523 912 608 947 mori
629 912 851 952 &trucidari,
878 911 974 955 quam
997 908 1115 942 haereti·

241 967 291 1001 cis
310 967 344 999 in
368 965 465 1007 quavi
485 963 587 997 etiam
613 962 702 996 civili
727 963 859 996 materia
875 958 1116 994 communicare

240 1015 437 1055 maluerint,
466 1014 588 1048 docent
597 1011 744 1054 exempla
758 1012 894 1054 plurima
911 1033 922 1049 ,
948 1007 1117 1051 praesertim

242 1066 368 1102 Ariana
380 1074 527 1106 tempora
550 1061 609 1096 sub
623 1060 776 1104 Augusto
801 1058 1014 1093 Constantio.
1043 1057 1117 1091 Plu-

243 1116 317 1149 rimi
328 1113 449 1146 exinde
462 1111 627 1153 Martyres
649 1109 864 1152 processerunt
876 1134 884 1141 .

293 1161 411 1207 Longe
433 1159 544 1195 minus
564 1160 599 1194 in
623 1161 736 1203 quavis
757 1159 882 1193 Divina
906 1170 938 1192 re
963 1158 1037 1192 licet
1061 1157 1118 1190 ista

243 1212 452 1248 communio
462 1236 470 1242 .
497 1210 592 1244 Hinc
603 1209 717 1243 statuit
740 1209 881 1254 vulgaris
895 1209 1013 1242 Canon
1027 1207 1125 1251 Apo*

88 1272 164 1301 Cau.
182 1272 228 1305 63.
247 1264 399 1298 stolicus:
427 1263 457 1293 51·
468 1265 535 1302 quir
539 1263 572 1304 J
575 1261 724 1293 udaeorum
746 1260 797 1292 vel
812 1259 1014 1293 haereticorum
1024 1261 1118 1296 syna-

242 1326 347 1359 gogam
368 1310 508 1356 ingressus
524 1309 563 1351 fit
585 1309 629 1343 ad
648 1310 812 1350 orandum,
838 1310 1003 1351 deponatur
1026 1311 1059 1342 (a
1075 1306 1119 1349 se-

68 1387 132 1417 em
203 1395 212 1405 ,
240 1372 399 1408 gregetur.
426 1361 470 1395 Et
493 1361 613 1396 Canon
635 1359 842 1393 Laodicensis
866 1370 941 1393 cum
965 1359 1030 1391 illis
1050 1369 1121 1392 ora-

68 1434 115 1464 33,
128 1394 233 1463 3Ξ337,
247 1416 292 1453 ri,
319 1414 462 1457 ipsorum
487 1409 641 1450 celebrari
663 1409 743 1444 festa
766 1432 778 1450 ,
804 1408 914 1449 accedi
936 1409 1121 1452 Martyres,

243 1474 302 1498 aut
324 1461 487 1497 orationis
512 1460 562 1494 vel
588 1459 736 1494 sanitatis
763 1459 867 1504 gratia
894 1469 982 1494 vetat
1009 1459 1122 1493 intrari

241 1514 390 1558 ipsorum
416 1511 614 1545 Coemeteria
634 1520 689 1544 aut
704 1509 861 1544 Ecclesias
873 1523 884 1543 .·
913 1508 1122 1543 Praevaricari-

243 1573 291 1599 tes
302 1561 465 1607 suspendit
483 1562 501 1594 a
522 1561 791 1595 Communione.
820 1559 928 1593 Etiam
952 1560 986 1592 in
1001 1560 1122 1602 privata

244 1614 348 1649 domo
360 1623 437 1647 cum
448 1611 522 1655 ipsis
542 1610 626 1644 orari
638 1609 841 1644 interdicunt
856 1608 1123 1644 Constitutiones

245 1663 447 1708 Apostolicae
473 1660 559 1705 apud
586 1660 793 1694 Clementem
821 1661 1013 1694 Romanum
1035 1683 1043 1692 .
1079 1659 1123 1694 Et

89 1733 161 1763 cm
178 1741 225 1768 7²·
246 1723 361 1758 quarta
372 1709 635 1755 Carthaginenfis
646 1709 799 1752 synodus
818 1710 947 1744 sanxit:
974 1713 1053 1743 Cum
1063 1709 1125 1743 bae-

246 1770 346 1798 reticis
367 1773 418 1796 nec
432 1761 578 1794 orandum
591 1785 602 1801 ,
629 1771 680 1793 nec
699 1758 885 1803 psallendum
898 1785 905 1792 .
932 1761 1043 1808 Qem
1065 1763 1125 1796 Ca·

247 1824 372 1849 nonem
385 1811 494 1845 laudat
504 1811 539 1844 in
549 1811 698 1844 sermone
717 1809 756 1843 ad
768 1811 928 1854 populum
941 1811 1126 1843 Caesareen-

249 1865 316 1898 sem
337 1862 469 1897 Sanetus
491 1860 696 1903 Augustinus
716 1882 727 1898 ,
753 1860 866 1893 dicens
887 1859 927 1894 ad
943 1859 1130 1896 Emeritum,

249 1911 499 1949 Donatistarum
521 1908 594 1942 istic
607 1908 825 1951 Episcopum:
852 1910 997 1941 Fratrem
1017 1919 1062 1941 me
1072 1920 1125 1941 ac-

249 1971 334 2006 cipe,
359 1970 392 1994 ut
405 1959 494 2004 fimul
514 1969 643 1992 oremus.
673 1962 747 1990 Non
770 1967 864 1989 tecum
884 1968 949 1988 oro.
977 1957 1020 1990 Et
1032 1970 1127 2002 roga-

247 2024 302 2048 tus
315 2037 326 2053 ,
354 2016 400 2044 An
423 2009 511 2042 debet
533 2008 662 2040 ctericus
681 2004 879 2047 praesentibus
903 2008 1027 2037 Arlanis
1040 2028 1051 2044 ,
1077 2007 1129 2038 vel

247 2066 320 2095 aliis
342 2060 513 2096 hereticis,
540 2065 644 2094 orare,
669 2054 703 2087 ό*
728 2066 769 2087 an
787 2065 853 2088 eum
872 2054 980 2093 laedit‚
1006 2056 1125 2096 quando

243 2111 326 2154 facit
337 2113 522 2146 orationem,
544 2102 596 2148 seu
607 2104 801 2145 oblationem,
829 2103 996 2147 respondit
1006 2104 1127 2139 Timo-

247 2160 347 2194 theus
369 2152 556 2191 Patriarcha
576 2153 843 2190 Alexandrinus.-
870 2158 907 2187 In
918 2155 1127 2189 Divinaobla-
1151 2157 1153 2159 ’

249 2217 330 2245 :ione
341 2203 487 2240 Diaconus
497 2214 570 2240 anie
573 2203 783 2248 salutationem
792 2206 923 2247 loquitur
937 2229 947 2244 ,
974 2206 1046 2252 Qi
1058 2217 1124 2239 non

250 2258 528 2296 communicatis,
555 2255 719 2289 ambulate
731 2281 739 2288 .
766 2260 839 2289 Non
850 2254 955 2288 debent
974 2258 1039 2298 ergo
1053 2262 1127 2289 inte-

249 2311 336 2353 resse,
363 2307 418 2349 nisi
436 2305 632 2349 profiteantur
650 2303 684 2348 se
703 2309 909 2348 penitentiam
927 2304 1065 2347 ac‘luros,
1094 2307 1127 2340 Θ

249 2358 379 2400 baerefim
395 2364 546 2391 vitaturos
566 2381 574 2388 .
602 2355 704 2390 Tunc
726 2365 893 2398 tamquam
919 2355 1123 2390 Poenitentes

248 2420 306 2443 aut
319 2407 584 2443 Catechumenos
594 2404 741 2441 admittit
754 2404 795 2440 ad
808 2405 958 2439 Ferulam
974 2415 1030 2439 aut
1043 2405 1127 2439 Nar-

250 2459 381 2493 thecem
393 2482 405 2498 ‚
431 2454 648 2501 pertinacibus
659 2456 786 2490 nullum
798 2456 831 2489 in
846 2454 988 2489 Ecclesia
999 2456 1126 2498 permit-

251 2510 293 2544 tit
304 2509 418 2543 locum
433 2532 441 2539 .
467 2506 517 2541 lta
537 2507 618 2540 reste
637 2506 776 2551 exponit
802 2503 1005 2540 Theodorus
1021 2505 1128 2540 balsa-

253 2570 355 2594 mon.
382 2554 567 2605 Qomodo
586 2557 702 2600 Regiae
722 2555 810 2590 urbis
831 2553 979 2589 Basilicas
1005 2555 1128 2590 Demo·

251 2607 346 2652 philo
358 2607 559 2641 Asianorum
578 2606 742 2650 Episcopo
765 2605 917 2649 eripuerit
928 2629 940 2646 ,
966 2606 999 2639 &
1010 2606 1128 2640 Sancto

255 2656 420 2700 Gregorio
439 2655 653 2690 Nazianzeno
663 2657 839 2700 Imperator
849 2653 1061 2691 Theodosius
1068 2665 1128 2691 tra-

254 2706 399 2747 diderit,
426 2706 521 2739 refert
547 2706 698 2740 Hermias
717 2706 950 2747 Zozomenus,
974 2705 1128 2750 &adjun-

258 2758 328 2801 git:
356 2756 512 2798 Postquam
521 2754 677 2797 Ecclesiam
688 2754 879 2797 Demophilus
888 2755 1065 2798 reliquiffet,
1083 2761 1129 2790 in·

254 2806 364 2850 greffus
374 2810 537 2847 Imperator
552 2814 654 2848 preces
668 2804 772 2847 fudit.
805 2803 935 2848 Nempe
946 2815 1042 2839 antea
1059 2806 1129 2842 illic

256 2868 351 2891 orare
373 2855 520 2889 noluerat
539 2880 546 2887 .
585 2856 788 2890 Et'matrem
824 2855 912 2888 suam
939 2854 1099 2890 Nonnam
1117 2881 1129 2897 ,

257 2906 347 2951 quod
369 2903 594 2940 haereticorum
606 2905 757 2940 Basilicas
777 2905 931 2939 transiens
948 2915 1010 2939 nec
1019 2904 1129 2941 saluta-

253 2963 304 2991 'ret
315 2981 326 2997 ,
353 2955 502 2999 praedicat
519 2956 669 2999 praefatus
683 2955 874 3000 Gregorius.
903 2954 948 2988 Et
967 2954 1009 2989 de
1026 2956 1130 2991 Satur-

257 3007 342 3040 nino
356 3006 535 3040 Arelatensi
551 3030 562 3046 ,
588 3017 626 3039 ac
635 3005 706 3038 aliis
717 3016 792 3039 cum
804 3005 874 3048 ipso
885 3005 918 3038 in
931 3003 1131 3050 Ariumrpro-

254 3054 473 3101 pendentibus
488 3055 656 3099 Episcopis
668 3053 777 3089 scribit
799 3053 833 3087 in
847 3054 931 3088 libro
942 3066 1057 3090 contra
1068 3056 1130 3090 Im·

252 3117 431 3150 peratorem
456 3105 688 3140 Constantium
712 3106 841 3139 Sanetus
862 3104 1012 3139 Hilarius
1030 3103 1131 3141 Pieta-

257 3157 372 3190 viensis
397 3170 408 3189 .-
435 3161 502 3191 Nec
524 3159 642 3189 interim
666 3159 799 3187 criminis
820 3156 876 3187 Ioco
897 3156 975 3187 duxi
997 3179 1009 3195 ,
1034 3166 1130 3198 quem-

256 3215 348 3247 qnam
368 3215 420 3239 aut
433 3218 497 3240 cum
518 3205 566 3238 ln's
594 3205 735 3245 colloqui,
761 3213 814 3236 aut
822 3201 965 3247 suspensa
984 3206 1049 3238 licet
1059 3211 1130 3240 com-⁵

258 3260 409 3289 munionis
416 3256 576 3301 societate,
601 3259 742 3287 orationi:
753 3256 870 3287 domum
886 3255 991 3295 adire,
1016 3264 1130 3299 autpa·

254 3311 286 3340 fi
302 3307 432 3345 optanda
449 3308 569 3350 sperare
593 3329 604 3345 ,
631 3307 702 3337 dum
723 3309 830 3337 erroris
852 3303 1068 3347 indulgentiam
1090 3307 1129 3340 ab

251 3352 454 3394 Antichristo
474 3359 516 3389 ad
527 3354 673 3394 Christum
691 3359 899 3388 recurrentium
917 3360 974 3396 per
979 3360 1128 3398 preniten-

322 3427 328 3431 1
353 3404 461 3445 Christ.
474 3409 551 3449 Lupi
563 3410 659 3447 Opera
669 3407 701 3436 T.
712 3406 769 3437 IX.

116 2790 182 2825 Liba
209 2801 238 2826 7-

117 2839 183 2870 eap.
210 2839 238 2868 5.

1195 192 1210 221 1
1282 193 1299 220 s
1408 181 1565 223 XLI.

1889 200 1983 243 337

1168 265 1244 292 tiam
1251 267 1493 301 praepararemus
1505 285 1512 292 .
1537 261 1688 294 Affirmat
1709 264 1739 295 se
1752 265 1892 306 ipsorum
1911 269 2043 310 quidem

1146 327 1148 330 .
1171 322 1237 343 non
1252 311 1507 344 communicasse
1522 312 1667 353 personis
1678 336 1689 350 ,
1716 313 1856 354 ipsorum
1869 326 1977 350 tamen
1989 317 2044 351 ad-

1164 357 1233 397 ,huc
1246 360 1375 393 intrasse
1388 360 1561 394 Ecclefias.
1589 360 1691 407 Quod
1705 362 1843 396 necdum
1864 366 1964 400 essent
1977 379 2044 401 ma-

1172 408 1285 443 nifeste
1298 409 1429 443 Ariani.
1460 411 1502 443 Et
1514 411 1555 444 ad
1569 412 1726 454 populum
1738 411 2018 450 Mediolanensem
2032 440 2045 457 ,

1172 459 1368 494 recusantem
1391 472 1481 494 orare
1499 471 1588 494 extra
1600 461 1773 502 Basilicas,
1799 461 1940 505 ideoque
1964 465 2044 506 ipsas

1172 521 1245 543 cum
1267 509 1438 544 Auxentio
1449 511 1506 544 suo
1520 511 1646 546 Ariano
1662 511 1823 555 Episcopo
1843 512 2021 547 intrantem
2033 537 2046 553 ,

1175 560 1239 593 haec
1252 560 1389 602 scripsit:
1418 565 1533 595 Cavete
1544 561 1794 602 Ama-christum,
1820 564 1897 595 male
1924 573 1977 596 vos
1988 571 2047 604 pa-

1173 616 1278 642 rietum
1290 621 1371 642 amor
1383 617 1458 652 cepit
1469 637 1480 651 ,
1505 613 1583 645 malr²
1597 611 1752 653 Ecclesiam
1764 615 1821 645 Dei
1831 620 1865 645 in
1877 612 1965 646 tellis
1975 613 2048 646 aedi·

1173 658 1300 701 fissisque
1312 666 1516 702 veneramini,
1544 662 1622 695 male
1628 661 1684 704 sub
1695 662 1743 695 bis
1761 674 1865 695 nomen
1873 667 1956 704 pacis
1968 668 2049 706 inge-

1168 716 1243 742 ritis
1255 733 1262 740 .
1291 710 1345 744 Ut
1356 722 1431 744 cum
1445 709 1615 755 Prophetis
1634 724 1671 746 ac
1683 712 1886 756 Martyribus
1897 723 2025 746 montes
2036 735 2048 753 ,

1179 760 1295 801 sylvas,
1312 760 1417 799 lacus,
1429 772 1587 801 carceres,
1604 764 1775 807 voragines
1786 763 1907 797 oraturi
1918 762 2050 802 adeant,

1179 808 1323 843 hortatur
1342 810 1376 843 δε
1389 811 1523 846 mandat
1536 836 1543 844 .
1571 812 1619 846 Ita
1632 814 1719 846 enim
1742 814 1774 847 in
1789 813 1925 847 Oriente
1943 812 2052 846 fecisse

1178 868 1258 893 tunc
1272 860 1380 902 passim
1393 860 1502 895 fideles
1514 887 1524 901 ‚
1551 862 1772 897 demonstrari·
1786 864 1882 907 possit
1894 862 2052 905 exemplis

1179 920 1216 943 ac
1243 910 1440 945 testimoniis
1461 937 1468 943 .
1495 912 1606 946 Etiam
1627 912 1672 946 ob
1692 913 1826 948 Petrum
1851 913 2027 947 Fullonem
2041 936 2053 951 ‚

1183 959 1465 1003 Eutychianistam
1488 963 1645 996 intrusum
1673 964 1707 996 in
1732 964 1846 998 Sedem
1869 961 2054 998 Antioche-

1182 1019 1257 1044 nam
1274 1034 1285 1050 ,
1309 1010 1419 1045 fideles
1434 1012 1591 1054 plurimos
1612 1013 1721 1046 renavis
1737 1011 1928 1057 suirfi’dibus
1940 1012 2032 1055 ctffiffe
2043 1036 2055 1052 ‚

1180 1071 1217 1093 ac
1233 1061 1351 1104 fugisse
1362 1085 1372 1100 ,
1399 1061 1530 1095 testatur
1543 1063 1636 1096 Felix
1655 1064 1766 1097 tertius
1779 1064 1938 1097 Pontifex
1954 1064 1988 1096 in
2004 1062 2056 1095 lit-

1181 1111 1257 1143 teris
1271 1110 1312 1144 ad
1325 1109 1493 1153 Bithyniae
1507 1111 1683 1146 Ecclesiam
1704 1114 1738 1147 ὃ(
1750 1111 2058 1155 Constantinopoli·

1181 1168 1311 1193 tanam.
1338 1160 1535 1195 Metuebant
1556 1161 1604 1194 illi
1616 1163 1694 1205 cogi
1717 1162 1758 1196 ad
1773 1162 1960 1197 intrandam
1981 1172 2058 1202 cum

1183 1210 1283 1243 Petro
1294 1209 1469 1244 Ecclesiam
1481 1234 1493 1251 ‚
1519 1223 1558 1246 ac
1570 1211 1611 1246 ad
1623 1210 1681 1255 ipsi
1706 1211 1740 1245 in
1754 1211 1961 1246 orationibus
1970 1222 2060 1245 com-

1184 1257 1418 1294 municandum
1430 1285 1437 1291 .

1234 1309 1417 1348 Denostris
1437 1310 1507 1343 vice
1530 1312 1618 1345 versa
1635 1310 1783 1345 Ecclefiis
1807 1311 1918 1346 statuit
1931 1309 2061 1346 laudata

1185 1358 1337 1402 synodus
1349 1359 1537 1393 Laodicena
1549 1374 1560 1393 .·
1587 1363 1683 1404 ,Quod
1701 1371 1756 1393 non
1774 1369 1887 1402 oportet
1900 1366 2060 1396 Haereticis
2077 1363 2149 1399 cap.
2168 1363 2198 1391 6.

1184 1410 1352 1449 concedere,
1378 1418 1412 1442 ut
1424 1414 1456 1441 in
1466 1410 1584 1443 domum
1597 1413 1655 1442 Dei
1666 1412 1895 1455 ingrediantur,
1917 1410 1944 1452 fi
1953 1418 1985 1444 in
1999 1411 2062 1444 hae-

1184 1458 1238 1501 refi
1239 1468 1458 1501 permaneant.
1488 1460 1579 1503 Ipsos
1591 1459 1701 1495 neca'd
1715 1460 1915 1495 Narthecem
1937 1472 1991 1495 aut
2004 1462 2061 1495 Fe-

1186 1511 1289 1543 rulam
1301 1508 1543 1550 admittendos,
1569 1511 1662 1553 supra
1675 1510 1772 1545 nobis
1784 1510 1873 1552 juxta
1886 1509 2061 1545 Theodori

1188 1559 1393 1594 Balsamonis
1420 1559 1706 1595 commentarium
1737 1561 1823 1595 dixit
1861 1560 2066 1595 Timotheus

1187 1608 1374 1644 Patriarcha
1397 1609 1660 1644 Alexandrinus.
1689 1611 1879 1656 Qitamen
1903 1621 1976 1646 mos
1996 1622 2067 1646 non

1187 1662 1249 1694 fuit
1262 1659 1452 1694 universalis
1465 1684 1472 1691 .
1484 1659 1528 1692 Et
1538 1661 1691 1694 Sanctum
1703 1660 1954 1696 Britannionem
1967 1661 2070 1705 Schy-

1186 1721 1292 1745 tarum
1317 1709 1353 1744 in
1371 1708 1517 1744 Thracia
1530 1709 1752 1755 Episcopum,
1780 1713 1869 1754 quod
1893 1713 2071 1756 Imperato-

1188 1772 1220 1794 re
1232 1760 1377 1795 Valente
1389 1759 1519 1794 Ariano
1542 1759 1720 1794 Ecclesiam
1745 1763 1834 1795 suam
1858 1762 2002 1795 intrante
2022 1762 2072 1795 fu-

1187 1811 1272 1854 gerit
1292 1820 1370 1844 cum
1381 1808 1474 1843 omni
1497 1809 1556 1843 suo
1566 1809 1690 1852 populo
1711 1808 1751 1843 ad
1764 1808 1864 1844 aliam
1877 1809 2049 1845 Basilicam
2060 1836 2072 1853 ,

1188 1859 1299 1893 laudat
1323 1858 1478 1892 Hermias
1497 1857 1724 1894 Zozomenus.
1752 1859 1927 1906 Quoniam
1949 1860 2073 1896 Princi-
2089 1866 2151 1898 Lib.
2178 1872 2205 1899 6.

1189 1920 1262 1953 pem
1273 1906 1436 1952 expellere
1450 1919 1519 1941 non
1534 1918 1662 1951 poterat
1673 1933 1684 1948 ,
1707 1909 1772 1951 ipse
1782 1921 1857 1943 curn
1869 1911 1994 1954 populo
2007 1913 2074 1946 exi·
2089 1917 2154 1946 cap·
2169 1919 2214 1939 ²4>-

1189 1960 1235 1992 vit
1254 1981 1262 1990 .
1290 1958 1360 1991 Cur
1372 1955 1514 1990 eundem
1526 1955 1757 2000 Imperatorem
1768 1959 1914 2004 Magnus
1935 1961 2072 1995 Basilius

1187 2007 1287 2040 etiam
1309 2005 1350 2039 ad
1369 2005 1575 2049 spectandum
1601 2009 1693 2042 suum
1706 2008 1911 2044 Sacrificium
1931 2011 2074 2046 admisen

1189 2056 1250 2096 rit,
1279 2056 1338 2090 suo
1351 2055 1427 2090 loco
1439 2066 1644 2100 exponetur.
1674 2058 1776 2105 Qod
1791 2060 1867 2094 item
1882 2060 2072 2107 Levigildi,

1190 2106 1390 2140 Arianorum
1401 2106 1591 2142 Gothorum
1614 2109 1650 2143 in
1670 2108 1832 2153 Hispania
1856 2111 1981 2156 Regis,
2011 2113 2072 2147 Le-

1189 2165 1284 2202 gatos
1307 2156 1473 2190 Gallicani
1488 2157 1641 2202 Episcopi
1663 2161 1833 2204 coegerint
1856 2161 1943 2204 prius
1955 2160 1995 2196 ad
2008 2163 2076 2197 Ca·

1188 2206 1319 2240 tholicae
1339 2206 1412 2241 fidei
1431 2208 1659 2250 profeffionem
1681 2233 1692 2250 ‚
1718 2211 1815 2254 quam
1844 2212 2070 2254 permitterent

1190 2256 1333 2290 Ecclefiae
1344 2257 1520 2302 ingressum
1534 2282 1545 2298 ,
1573 2257 1730 2294 habemus
1756 2260 1791 2294 in
1806 2262 2008 2297 Francorum
2021 2262 2071 2297 hi·

1189 2306 1284 2340 stor-,ia
1301 2307 1386 2350 apud
1411 2308 1564 2342 Sanctum
1576 2308 1773 2355 Gregorium
1784 2311 1985 2356 Episcopum
1997 2314 2069 2352 Tu·
2086 2336 2138 2368 Η)
2179 2342 2207 2367 6-

1188 2357 1356 2390 ronensem
1369 2382 1376 2389 .
1405 2357 1460 2391 Est
1481 2359 1720 2402 antiquiffimus
1743 2360 1894 2395 omnium
1914 2363 2069 2398 Ecclesia·
2084 2348 2202 2415 02:924,

1188 2417 1259 2440 rum
1273 2416 1345 2441 mos
1355 2407 1484 2442 abunde
1497 2409 1734 2445 demonstratus
1745 2410 1777 2444 in
1792 2412 1863 2446 aliis
1878 2413 1975 2448 locis.
1998 2414 2070 2447 Ro-

1191 2466 1286 2491 mana
1305 2456 1449 2492 Ecclesia
1471 2456 1694 2495 haereticorum
1707 2463 1978 2498 communionem
1990 2464 2068 2499 sem·

1190 2517 1242 2550 per
1252 2506 1316 2540 fuit
1335 2507 1420 2541 adeo
1440 2509 1601 2550 aversata,
1629 2521 1666 2544 ut
1688 2521 1747 2545 nec
1770 2512 1811 2545 ad
1839 2513 1993 2558 Episcopi
2018 2504 2067 2548 sui

1192 2555 1363 2590 videndam
1401 2558 1522 2593 faciem
1548 2559 1734 2596 admitteret
1761 2560 1926 2597 haereticos
1950 2588 1961 2604 ,
1989 2564 2067 2598 licet

1193 2606 1370 2650 Episcopos
1392 2618 1431 2641 ac
1454 2606 1658 2644 Patriarchas
1679 2635 1686 2643 .
1713 2611 1823 2659 Qem
1853 2623 1977 2649 rnorem
2004 2615 2067 2648 effe

1188 2657 1286 2691 etiarn
1296 2656 1554 2702 antiquissimum
1569 2682 1580 2698 ‚
1606 2659 1694 2694 lucet
1717 2672 1758 2695 ex
1772 2662 1835 2695 illis
1849 2687 1859 2702 ,
1886 2675 1957 2706 quae
1977 2664 2010 2695 in
2022 2675 2067 2696 er·

1189 2715 1292 2741 rantes
1303 2706 1463 2751 Cypriani
1478 2708 1622 2753 Legatos
1644 2712 1710 2743 afta
1729 2710 1820 2743 fuisse
1838 2712 1856 2743 ὲ
1867 2712 1984 2745 Sancto
1998 2712 2068 2745 Ste-

1189 2756 1297 2800 phano
1308 2756 1493 2797 pontifice,
1519 2757 1611 2801 supra
1635 2757 1819 2792 audivimus
1838 2761 1855 2792 a
1869 2761 1989 2796 Sansto
2001 2761 2070 2796 Fir·

1189 2807 1343 2841 miliano.
1372 2806 1415 2840 Et
1427 2805 1506 2840 hinc
1529 2805 1620 2840 firme
1641 2807 1810 2852 colligitur
1833 2811 1986 2854 paganis,
2014 2811 2067 2854 Ju-

1189 2857 1265 2891 daeis
1280 2879 1291 2895 ,
1317 2865 1415 2899 atque
1428 2855 1588 2890 haereticis
1607 2879 1617 2895 ‚
1645 2856 1723 2891 dum
1745 2857 1786 2892 ad
1800 2857 1990 2904 Episcopale
2001 2871 2067 2895 ver·

1190 2907 1288 2947 bum,
1314 2904 1460 2949 adeoque
1483 2905 1519 2938 &
1540 2906 1580 2941 ad
1604 2906 1803 2942 Nar‘thecem
1826 2909 1958 2947 suerunt
1981 2911 2068 2956 post-

1190 2957 1291 2993 modd
1303 2955 1427 2991 admiffi
1439 2979 1450 2996 ,
1477 2956 1570 2990 fuisse
1593 2958 1667 2991 suus
1686 2959 1832 3001 proprius
1853 2961 1886 2994 ὅ(
1898 2962 2066 3006 singularis

1190 3008 1301 3047 locus,
1326 3006 1361 3040 in
1372 3017 1438 3050 quo
1450 3005 1570 3051 singuli
1590 3005 1772 3042 debuerunt
1790 3009 1950 3045 colletflim
1965 3013 2063 3051 stare,

1191 3059 1223 3092 ὅ(
1237 3057 1333 3091 finito
1346 3056 1446 3090 verbo
1459 3057 1549 3099 posse
1560 3057 1721 3091 colleciim
1736 3059 1872 3103 expelli.
1900 3060 1932 3095 A
1943 3062 2065 3097 cunctis

1191 3109 1225 3142 in
1237 3107 1378 3152 ingressu
1400 3107 1524 3151 ignotis
1533 3107 1724 3152 exigebatur
1744 3108 1885 3152 symboli
1897 3112 2040 3147 redditio
2055 3123 2064 3142 ι

1193 3158 1233 3191 Et
1245 3158 1336 3201 juxta
1347 3155 1442 3198 hujus
1467 3157 1661 3192 redditionis
1682 3158 1858 3195 successum
1871 3163 2006 3207 quisque
2018 3163 2066 3201 iu·

1189 3219 1236 3243 tra
1251 3206 1423 3241 Ecclesiam
1443 3206 1608 3241 Iocabatur
1620 3232 1628 3240 .

1240 3259 1397 3291 Romana:
1410 3256 1557 3290 Ecclefiae
1577 3270 1635 3301 pro
1648 3258 1831 3295 Catholicae
1850 3263 2067 3299 communio·-

1191 3306 1439 3352 nisintegritate
1461 3307 1644 3342 constantia
1668 3309 1836 3355 insigniter
1856 3313 2018 3357 splenduit
2028 3315 2066 3350 in

1192 3356 1363 3393 schismate
1374 3356 1544 3395 Acaciano
1554 3382 1562 3391 .
1577 3357 1795 3404 Nequaquam
1809 3359 2068 3409 haereticuserat,

1625 3409 1698 3444 Ff
1743 3421 1763 3458 3
1963 3414 2017 3449 sed
