2346 3724
810 165 892 192 ET

245 242 427 276 Dostoroec
431 234 599 274 umenicus
622 233 706 277 apud
720 233 870 267 Graecos.
891 233 959 266 ibid
988 233 1122 280 Qanta

295 284 568 335 ejusauthoritas.
594 283 650 330 46
664 294 695 319 2-
715 284 792 317 Sine
804 283 872 326 ejus
885 281 1020 317 consilio
1032 282 1123 326 quid·

297 349 392 383 quarn
405 336 477 381 agi,
504 336 577 378 ipsis
589 345 719 378 quoque
731 332 1003 376 imperatoribuS,
1030 333 1120 366 nefas

296 386 484 434 putabatur.
508 396 562 432 47
582 397 608 422 1.
636 383 791 419 Dostoris
801 392 997 419 oecumenici
1008 382 1123 417 titulus

297 438 383 473 unde
403 446 552 472 exortus.
1048 432 1122 465 ibid.

246 491 426 529 Dossorum
458 487 493 519 in
519 484 634 521 studiis
665 481 869 529 generalibus
897 477 1123 524 promotiones

295 537 520 582 antiquissima:
540 560 548 568 .
574 545 629 581 44.
655 545 689 573 2.
718 532 863 577 Eliphas
902 532 1123 570 Themanites

297 591 369 624 Rex
392 582 1121 622 &Doctor.ib1·d.

245 641 428 675 ῡοᾶοιυηι
448 636 704 678 Theologorum
729 632 908 670 authoritas
937 631 1037 676 longe
1058 643 1120 666 am·

295 691 401 734 plior,
425 699 467 721 ex
488 697 554 730 quo
568 684 680 729 Regiae
704 684 944 719 nominationis
964 682 1121 717 violentia

295 740 409 774 multis
422 735 553 776 Ecclesii
558 747 572 769 s
584 734 708 768 intrufit
722 732 922 778 Episcopus.
1023 731 1120 776 46.1

246 792 427 826 Doctorum
439 783 874 829 Theologorumlaureola.
918 781 924 793 ¹
1021 793 1081 828 47.
1095 793 1122 817 2.

246 838 496 875 Donatistarum
509 835 630 880 flagitia
644 859 651 867 .
664 833 717 880 65.
730 847 751 867 ι.
779 832 972 876 Hypocrifis
983 857 990 864 .
1022 831 1078 879 65.
1091 843 1121 867 2.

244 889 494 930 Donatistarum
506 884 674 920 Moniales
692 885 710 917 e
724 883 856 927 rupibus
882 884 913 917 se
927 881 1121 925 praecipitan-

294 952 358 975 tes
385 942 439 984 65
456 947 483 971 1.
495 948 525 970 2
554 934 737 971 Donatista:
760 945 836 968 cum
860 933 1123 967 aliisSacramen·

288 992 338 1026 &is
353 985 572 1023 exsufflabant
592 985 701 1019 datam
725 986 741 1016 a
755 983 938 1017 Catholicis
957 981 1124 1022 Episcopis

295 1041 464 1085 virginum
486 1035 782 1072 consecrationem
811 1042 866 1076 33
893 1042 919 1066 1
949 1031 1122 1066 Mitrarum

295 1088 667 1127 materiamimmutant.
696 1083 766 1114 ibid.
783 1080 1055 1119 Tertullianum,
1076 1091 1123 1113 ut-

295 1138 373 1182 pote
386 1137 524 1190 primum
537 1131 708 1167 authorem
723 1130 858 1164 iterandi
871 1131 1028 1174 Baptismi
1043 1131 1124 1164 sum-

294 1199 351 1222 mo
363 1185 483 1220 habent
505 1184 538 1216 in
550 1183 671 1225 pretio.
1031 1190 1082 1228 33.
1097 1192 1126 1216 2.

243 1236 427 1275 Donatistae
447 1234 566 1279 jactant
589 1231 620 1266 se
646 1232 706 1266 esse
721 1229 896 1304 Ecclesiam
916 1230 1123 1274 Martyrum.

295 1300 338 1337 5¹·
362 1299 396 1324 2·

243 1338 375 1377 Donati
408 1331 554 1375 superbia
579 1357 586 1365 .
622 1342 699 1378 340.
739 1344 759 1365 i.
801 1342 878 1378 359.
915 1343 935 1367 i.
978 1330 1125 1364 Nolebat

295 1388 407 1422 vocari
426 1388 562 1418 Donatus
575 1381 762 1425 Episcopus,
788 1383 839 1417 sed
854 1385 988 1414 Donatus
999 1380 1125 1413 Cartba-

289 1432 734 1485 ginis.ib1d.Permittebat
756 1443 812 1476 per
834 1442 956 1467 nomen
976 1431 1125 1514 suut-1³13}

240 1488 428 1573 Doriiiiiistae
441 1535 613 1568 voluerunt
625 1533 732 1567 vivere
746 1557 756 1575 ,
785 1542 821 1568 ut
834 1532 997 1570 latrones,
1025 1531 1058 1565 ἀ
1072 1529 1126 1564 ho

295 1588 404 1622 norati
417 1596 452 1620 ut
467 1584 649 1625 Martyres.
678 1593 731 1630 70.
743 1594 773 1619 2
801 1580 1128 1618 DeficientesaSedi-

294 1636 354 1674 bus
368 1634 570 1679 Apostolicis
584 1632 797 1666 schismatici
827 1630 880 1668 88
894 1641 925 1667 2.
938 1630 1005 1666 Sibi
1019 1642 1127 1666 creant

294 1687 495 1731 Episcopum
519 1709 530 1725 ,
556 1692 696 1727 eumque
717 1682 915 1721 Pontificem
939 1681 1127 1717 Romanum

901 1729 954 1779 89
968 1747 986 1765 r.
1014 1729 1086 1774 198
1100 1739 1115 1766 1

1004 1791 1086 1827 270
1100 1793 1125 1816 1

293 1737 476 1779 appellant.
508 1744 509 1747 ’

243 1787 422 1821 Dositheus
434 1785 660 1821 Saducaeorum
671 1781 793 1817 author
808 1808 815 1816 .

243 1835 407 1872 Duodena
413 1834 450 1868 rii
465 1835 592 1869 numeri
605 1834 757 1877 perfesiio
769 1858 778 1866 .

672 1927 703 1957 Ε

325 2029 441 2066 Bionis
451 2027 593 2063 haeresis.
1002 2031 1082 2071 271.
1100 2037 1126 2061 1.

351 2080 491 2117 Ecclesia
502 2076 663 2112 auxilium
676 2073 821 2110 saeculare
832 2073 929 2109 certis
938 2073 1078 2109 casibus
1070 2087 1127 2110 im·

293 2133 418 2176 plorare
429 2128 555 2173 potest.
1030 2123 1082 2171 87.
1099 2135 1125 2161 1

243 2182 385 2219 Ecclesia
396 2181 437 2214 de
450 2178 524 2213 solis
544 2176 584 2210 ad
597 2160 833 2219 Evangelicum
845 2173 966 2218 dogma
981 2177 1125 2218 spectan—

291 2232 380 2268 tibus
390 2226 622 2273 quaestionibus
642 2225 685 2258 est
701 2226 795 2258 docta
819 2236 835 2259 a
849 2226 969 2268 Spiritu
982 2227 1124 2264 Sancto,

291 2281 438 2326 adeoque
451 2279 485 2312 &
497 2279 536 2312 de
549 2278 618 2320 ipsis
634 2275 707 2310 solis
720 2274 821 2317 potest
835 2274 988 2311 definire.
1016 2285 1081 2311 122.
1093 2286 1114 2310 2

242 2333 383 2370 Ecclesia
409 2330 453 2363 est
479 2327 568 2372 plebs
581 2326 746 2360 Sacerdoti
769 2324 930 2364 adunata,
956 2325 1124 2359 &Pastori

292 2384 350 2416 suo
363 2391 455 2427 grex-
465 2378 647 2414 adhaerens.
1038 2373 1090 2411 82.
1104 2386 1123 2408 ι

240 2433 454 2469 Ecclesiarum
469 2429 602 2469 antiqua
624 2425 811 2469 opulentia.
840 2434 916 2470 247.
928 2435 965 2459 2.
991 2424 1123 2468 Cypria

290 2493 352 2517 nus
375 2493 415 2515 ex
438 2480 505 2512 sola
529 2477 669 2512 Ecclesia
693 2474 942 2518 Carthaginensi
967 2485 1025 2517 pto
1047 2475 1123 2510 redi·

288 2530 418 2565 mendis
427 2526 564 2572 captivis
591 2527 674 2561 milit
693 2535 828 2560 centum
848 2525 953 2559 millia
974 2525 1124 2560 sestertio·

290 2593 362 2615 rum
378 2605 384 2613 .
1051 2575 1125 2609 ibid.

241 2631 459 2667 Ecclefiarum
472 2625 556 2670 apud
572 2625 722 2659 Gentiles
748 2623 850 2667 prima
863 2623 1038 2666 fundatio,
1061 2626 1125 2660 fuit

291 2692 376 2725 opus
388 2677 525 2713 sublime
536 2701 547 2717 ,
573 2687 610 2709 ac
623 2675 791 2710 manifeste
803 2674 965 2711 Divinum
978 2701 985 2708 .
1014 2684 1123 2721 ¹95³--

240 2731 383 2767 Ecclesia
415 2729 534 2765 sanffl:
562 2726 642 2760 Non
663 2724 770 2768 quoad
784 2723 988 2768 singulorum
1002 2727 1123 2766 vitam,

294 2781 347 2815 sed
359 2780 464 2823 quoad
478 2777 605 2821 regulas
620 2785 746 2808 morum
760 2799 767 2805 .
1005 2775 1081 2821 371.
1097 2787 1122 2811 1

242 2831 388 2867 Ecclesia
402 2841 472 2863 vera
484 2830 651 2864 neminem
663 2826 761 2858 latet.
1001 2834 1077 2871 191,
1092 2837 1119 2861 1

241 2881 387 2917 Ecclesia
411 2890 476 2914 una
497 2890 513 2910 a
537 2875 669 2911 Christo
696 2874 849 2911 Domino
877 2874 968 2917 supet
990 2874 1121 2909 Petrum

254 2947 257 2950 ·
289 2931 419 2975 origine
432 2927 588 2967 unitatis,
614 2925 784 2962 &ratione
803 2923 958 2960 fundata.
1023 2924 1076 2961 82.
1090 2937 1121 2961 2

246 2981 396 3020 Ecclefiae
408 2977 605 3022 Apostolicae
627 2974 777 3012 fundatio
796 2974 930 3018 requirit
948 2972 1124 3016 Episcopo-

289 3041 359 3066 rum
384 3027 634 3065 successionem,
660 3025 750 3067 cujus
775 3026 896 3066 primus
918 3022 1038 3061 author
1057 3024 1123 3059 fue-

262 3100 264 3103 ·
288 3085 328 3117 rit
340 3080 382 3117 ab
397 3080 508 3122 aliquo
522 3075 686 3121 Apostolo
699 3099 711 3115 ,
738 3074 789 3108 vel
800 3074 997 3118 Apostolico
1016 3076 1124 3108 conso-

289 3143 395 3168 eratus
410 3155 417 3164 .

243 3182 393 3216 Ecclefiae
404 3178 602 3223 Apostolicae
613 3186 759 3219 quaenam
771 3173 940 3209 dicantur
933 3175 945 3199 >
1021 3185 1088 3220 ⁸95
1102 3187 1121 3208 1

241 3231 394 3268 Ecciefiae
408 3228 605 3274 Apostolicae
623 3225 741 3281 quibus
757 3225 843 3260 notis
863 3224 1118 3268 dignoscantur
1111 3226 1124 3251 >
1170 3237 1173 3245 =

292 3291 361 3326 ¹97·
373 3290 393 3311 ι.
418 3281 451 3314 &
471 3282 530 3322 seq
553 3277 646 3311 Nota
670 3275 770 3318 prima
792 3275 837 3308 est
863 3274 1123 3310 communicatio

292 3339 371 3365 cum
392 3328 539 3366 Ecclesris
561 3328 636 3371 Apo
639 3325 780 3362 stolicis.
807 3325 878 3358 ibid.
904 3325 996 3361 Nota
1013 3326 1124 3359 secun·

291 3381 335 3415 da
347 3403 358 3421 ,
383 3378 559 3423 appellatio
573 3375 784 3413 fraternitatis
803 3386 857 3419 per
869 3372 1037 3411 Christum
1048 3375 1123 3412 Do-

964 150 1476 194 Visa-nonem.

1153 1591 1177 1740 Ι
1240 1583 1386 1619 donum..

1008 1833 1076 1867 180.
1098 1842 1127 1868 2.

991 3123 1070 3161 260.
1091 3138 1174 3161 2..

1899 159 1990 215 389

1237 233 1363 268 minum
1385 232 1555 267 instituta
1580 245 1660 271 200.
1672 250 1702 274 2
1728 239 1812 275 Sunt
1831 243 2000 282 matrices,
2026 244 2060 278 &

1236 285 1433 328 originales
1940 290 2060 329 2081·

1188 334 1335 370 Ecclesia:
1362 331 1544 369 Catholicae
1575 346 1683 370 mores
1715 333 1842 374 honesti
1872 341 1907 376 δε
1928 352 2061 387 graves.

1279 394 1312 420 0
1338 397 1368 424 2·

1188 395 1333 469 Ecgl7esiae
1343 445 1459 469 omnes
1472 434 1621 469 subboelo
1634 445 1702 468 noti
1715 404 1846 478 possunt
1856 441 1964 472 errasse
1973 452 2059 475 eam-

1235 482 1308 518 dem
1322 485 1421 518 fidem
1432 484 1678 528 amplectendo.
1938 500 2044 536 237⁴

1188 533 1336 570 Ecclesia:
1347 535 1452 569 oratio
1464 536 1566 569 unita.
1581 545 1681 582 374.ι
1686 560 1692 566 .
1726 535 1804 593 Ejus
1814 537 1922 571 virtus.
1950 540 2021 571 ibid
2026 551 2058 575 2.

1235 584 1289 620 Ad
1301 596 1373 618 eam
1385 585 1545 619 discordes
1557 609 1568 623 ‚
1593 596 1648 619 aut
1662 586 1787 620 inimici
1813 588 1897 620 inter
1908 589 1938 621 se
1949 588 2065 623 fideles

1237 645 1303 667 non
1325 635 1542 669 admittuntur
1552 660 1560 668 .
1586 635 1666 684 376.
1688 648 1719 672 2.
1749 635 1804 673 Est
1826 636 1868 670 ad
1889 637 2063 681 impetran-

1235 684 1312 717 dum
1324 685 1437 719 efficax
1447 709 1455 716 .
1987 688 2062 721 ibid.

1145 775 1147 778 Α
1188 733 1333 768 Ecclesiae
1357 736 1481 769 summa
1503 734 1684 779 persecutio
1707 734 1749 769 ab
1771 734 1994 772 haereticorum
2008 749 2062 772 ne-

1236 785 1355 827 quitia.
1961 784 2017 823 68.
2036 800 2060 820 i.

1188 834 1334 868 Ecclefiae
1346 834 1470 868 unitas.
1941 836 2010 872 160.
2033 848 2063 872 1.

1187 883 1428 969 Epgphmdirus
1442 884 1580 919 Paulum
1597 884 1631 918 in
1646 884 1787 919 vinculis
1807 884 1966 931 intrepide
1977 897 2064 920 acce-

1186 986 1215 1020 S.
1241 945 1384 1027 Elphrem
1407 984 1527 1028 lingua:
1549 984 1668 1019 Graecae
1692 985 1847 1020 notitiam
1874 947 2065 1021 mi3a9cffilosle

1234 1046 1289 1077 per
1300 1034 1406 1069 Sansti
1420 1035 1524 1069 Basilii
1539 1046 1645 1077 preces
1659 1034 1765 1071 subito
1777 1035 1911 1092 accipit.
1965 1033 2030 1071 188
2042 1045 2064 1069 1.

1188 1084 1388 1128 Episcopalis
1411 1084 1556 1129 dignitas
1565 1097 1657 1119 omni
1671 1086 1787 1119 mundi
1804 1086 1895 1129 apice
1905 1087 2066 1129 superior.

1189 1132 1362 1228 5ΡίΞέεέΡέ
1371 1163 1425 1227 per
1449 1184 1606 1218 canones
1631 1194 1767 1218 vocatur
1793 1184 1945 1228 Episcopi
1967 1183 2066 1219 vidua

1189 1232 1338 1340 Epiicozpi
1367 1281 1631 1326 Apostolicarum
1669 1282 1800 1317 Sedium
1827 1308 1840 1324 ,
1876 1283 2069 1318 Christianae

1239 1333 1372 1368 unitatis
1383 1358 1394 1372 ,
1419 1334 1452 1366 &
1464 1333 1709 1367 communionis
1723 1333 1845 1367 radices
1858 1358 1865 1365 .
1969 1331 2021 1369 88.
2035 1343 2067 1367 2.

1191 1383 1341 1429 Episcopi
1356 1384 1568 1417 consecrandi
1589 1384 1687 1425 capiti
1700 1382 1995 1429 imponitur-codex
2010 1380 2069 1417 Di-

1241 1434 1310 1467 vini
1329 1432 1416 1467 verbi
1439 1444 1480 1467 ex
1503 1433 1590 1472 ritu,
1616 1434 1648 1466 &
1676 1433 1828 1467 instituto
1853 1432 2068 1475 Apostolico.

1240 1492 1316 1531 123.
1333 1495 1358 1520 1·
1388 1482 1560 1527 Significat
1582 1493 1639 1525 per
1652 1482 1878 1526 Episcopalem
1901 1485 2068 1520 consecra-

1237 1535 1364 1567 tionem
1375 1531 1502 1568 traduci
1516 1532 1699 1577 legitimum
1712 1532 1779 1568 ritae
1792 1533 2073 1576 interpretationis

1997 1582 2071 1616 ibid.

1193 1634 1345 1679 Episcopi
1366 1634 1484 1667 domus
1506 1631 1603 1667 debet
1623 1633 1687 1668 esse
1716 1632 1870 1668 omnium
1892 1642 2074 1668 commune

1244 1683 1445 1728 hospitium.
1948 1693 2025 1729 204
2043 1693 2071 1719 1,-

1155 1728 1343 1779 iEpiscopi
1370 1744 1485 1768 omnes
1509 1732 1591 1768 olim
1628 1731 1831 1769 vocabantur
1865 1732 2074 1768 διηᾶιίᾙωί.

1269 1795 1315 1818 iz..
1345 1795 1394 1820 2.

1194 1794 1376 1878 Epi3scopis
1377 1812 1504 1864 dandus
1523 1830 1646 1874 primus
1655 1831 1770 1865 locus.
1946 1830 2027 1878 358.
2046 1842 2074 1867 1,

1155 1874 1176 1910 ¹
1194 1882 1368 1928 Episcopis
1386 1890 1526 1922 quantus
1546 1880 1628 1913 olim
1643 1879 1752 1913 honor
1772 1877 1920 1914 delafftus
1950 1890 2026 1928 357.
2041 1892 2077 1916 2.

1239 1933 1272 1964 δι
1285 1932 1345 1972 seq
1358 1928 1541 1962 Anastasius
1556 1928 1726 1972 Presbyter
1745 1930 1909 1965 osculatur
1929 1930 2025 1975 pedes
2043 1931 2075 1964 S.

1241 1978 1368 2013 Basilii.
1953 1979 2031 2028 358
2052 1988 2082 2014 1:

1192 2031 1372 2074 Episcopus
1399 2028 1547 2064 Ecclefiae
1569 2038 1729 2075 aptator,
1758 2032 1812 2066 seu
1836 2032 2076 2068 concinnator.

1194 2077 1371 2174 Epigcgiis
1382 2129 1554 2173 eligendus
1565 2130 1662 2166 debet
1673 2131 1734 2165 esse
1747 2132 1874 2168 Dostor
1883 2159 1891 2166 .
1964 2134 2024 2179 46.
2042 2145 2069 2171 1.

1193 2180 1371 2225 Episcopus
1394 2180 1526 2222 sponsus
1546 2182 1707 2226 coagulus
1720 2185 1804 2224 pacis
1826 2184 2070 2218 Ecclefiasticae.

1240 2227 1293 2266 82.
1308 2242 1337 2266 2·
1364 2229 1503 2263 Ecclesia
1516 2230 1634 2264 Latina
1649 2232 1712 2266 suis
1726 2232 1894 2276 Episcopis
1914 2235 1947 2267 in
1960 2236 2070 2268 conse-

1239 2278 1394 2313 crationis
1405 2280 1468 2313 ritu
1481 2281 1602 2324 semper
1613 2281 1703 2315 dedit
1719 2284 1896 2317 annulum.
1995 2285 2068 2319 ibid.

1192 2331 1469 2373 Episcopusunit
1494 2331 1607 2365 omnia
1637 2332 1784 2366 Ecclefiae
1816 2335 1877 2367 suae
1902 2333 2068 2368 membra:

1237 2380 1368 2413 Deinde
1389 2381 1591 2424 semetipsum
1616 2392 1669 2424 per
1693 2381 1900 2417 catholicam
1922 2394 2070 2417 commu-

1237 2430 1372 2463 nionem
1397 2431 1471 2464 unit
1492 2430 1645 2465 omnibus
1672 2432 1742 2465 aliis
1766 2433 1823 2467 sub
1841 2434 1924 2467 coelo
1938 2435 2071 2477 Episco-

1236 2479 1301 2522 pis.
1328 2479 1484 2522 Denique
1505 2492 1560 2523 per
1594 2482 1741 2516 eamdem
1778 2484 2070 2522 communionem,

1234 2541 1272 2563 ac
1284 2529 1427 2563 debitam
1439 2529 1598 2564 primatui
1611 2531 1834 2567 obedientiam
1859 2534 1932 2566 unit
1957 2535 1989 2567 se
2001 2532 2070 2567 Ro-

1178 2612 1182 2614 ,
1236 2591 1336 2614 mano
1359 2581 1524 2625 Episcopo
1546 2605 1557 2621 ,
1594 2582 1612 2614 a
1635 2593 1702 2626 quo
1725 2582 1822 2617 habet
1851 2584 2067 2627 Episcopatus

1235 2630 1416 2674 originem.
1970 2631 2022 2677 83.
2047 2641 2066 2665 ι.

1186 2677 1436 2723 Epitaphiorum
1458 2681 1531 2713 usus
1555 2679 1639 2722 apud
1663 2680 1869 2717 Christianos
1889 2681 2069 2723 antiquiffi-

1233 2740 1326 2762 mus.
1946 2731 1990 2767 28
2047 2745 2065 2764 r.

1187 2778 1339 2812 Erasmus
1366 2788 1480 2811 contra
1494 2777 1749 2812 Ecciefiasticam
1770 2742 2072 2823 antiqnitatemf'so

1235 2829 1278 2862 let
1294 2827 2065 2875 deviare-1402-

1184 2876 1318 2918 Erhnici
1341 2889 1407 2911 non
1423 2878 1497 2912 sunt
1521 2877 1562 2911 ad
1576 2878 1740 2912 orationes
1761 2879 1884 2913 nostras
1897 2879 2070 2914 admitten-

1231 2928 1263 2962 di
1280 2953 1286 2960 .
1316 2929 1394 2975 326.
1407 2941 1438 2964 2.
1461 2929 1494 2962 &
1509 2928 1569 2970 seq.
1593 2929 1712 2972 Neque
1730 2929 1770 2963 ad
1783 2931 2010 2974 conspicienda
2022 2932 2067 2964 sa·

1231 2990 1283 3013 cra
1304 2980 1394 3012 vasa.
1992 2981 2066 3014 ibid

1184 3028 1400 3072 Evangelium
1413 3028 1593 3061 confiflum
1608 3029 1627 3062 a
1642 3019 1918 3064 Valentinianis..
1955 3038 2022 3078 173
2038 3042 2066 3066 1

1185 3078 1402 3123 Evangelium
1432 3079 1495 3112 fuit
1524 3078 1642 3121 Judaeis
1667 3080 1776 3123 primo
1810 3079 2066 3124 praedicandum

1237 3139 1317 3171 192
1340 3141 1372 3164 1.

1186 3178 1422 3213 Eucharistiam
1436 3177 1518 3211 olim
1532 3177 1793 3219 Catechumeni‚
1820 3182 1854 3215 &
1867 3180 2068 3216 Poenitentes

1234 3239 1352 3262 intueri
1366 3240 1432 3262 non
1445 3228 1648 3262 sinebantur.
1680 3241 1754 3277 323.
1769 3242 1797 3266 2.
1831 3232 2070 3265 Eamdemcol-

1237 3280 1270 3312 lo
1285 3278 1388 3312 suoin
1402 3279 1509 3311 orario
1532 3281 1705 3321 appensam
1729 3282 1861 3321 Satyrus
1886 3282 1981 3316 frater
1994 3282 2071 3315 San·

1234 3329 1274 3363 &i
1288 3327 1451 3363 Ambrosii
1467 3328 1583 3362 intueri
1602 3340 1670 3363 non
1685 3331 1878 3374 praesumpsit
1890 3356 1898 3364 .
1998 3332 2069 3364 ibid.

1189 3378 1426 3416 Eucharistiam
1448 3378 1598 3424 singulari
1611 3379 1691 3415 odio
1709 3392 1765 3415 cur
1775 3383 2008 3425 prosequantur
2019 3381 2071 3424 Ju-

1935 3429 2021 3465 daei?
