2346 3724
687 156 1005 200 CA1>1

192 234 225 269 Β
243 238 311 270 coelo
323 235 452 278 quotidie
463 237 618 268 venientes
641 235 776 279 leguntur
787 236 911 279 epistola
922 261 929 268 .
951 239 1009 270 Die
1021 247 1072 269 au-

194 295 255 319 tem
265 310 277 326 ,
300 284 396 328 quaefii
407 308 418 324 ,
437 283 469 326 fi
477 282 623 327 quispiam
636 309 646 324 ‚
658 287 728 318 dum
739 298 835 321 omnes
845 298 898 319 nos
907 284 1050 330 adsumus
1060 308 1071 325 ,

194 335 332 380 ingreffus
342 335 408 376 effet
417 359 428 375 ‚
455 337 573 367 Zonam
582 333 696 368 babens
716 348 836 371 auream
846 336 942 370 ereata
960 331 1073 370 cervice

194 397 231 418 ac
244 383 366 427 fiiperbe*
388 384 525 418 incedens
537 409 547 424 ‚
574 385 607 418 δε
627 383 659 427 se
678 386 800 427 effi-rens
810 412 822 428 ,
851 388 960 420 diceret
965 385 999 430 se
1021 386 1073 429 effe

195 435 307 479 miffum
318 436 342 466 ἄ
352 437 430 478 Rege
441 444 552 468 terreno
563 458 574 474 ,
600 436 635 468 ὁ·
646 438 691 468 ad
699 445 791 471 totam
804 443 959 471 civitatem
969 435 1072 478 adfer-

192 496 227 518 re
246 484 393 526 epistolam
404 486 441 517 de
451 485 539 517 rebus
553 486 711 527 necessariis
725 511 736 527 ,
762 499 803 520 an
825 498 883 520 non
894 498 993 520 omnes
1003 498 1073 519 con-

193 540 389 568 verteremini
406 535 419 567 ἒ
444 538 511 579 Ego
525 533 601 577 sane*
629 536 758 570 arbitror
777 562 783 569 .
814 542 899 570 Nam
916 537 961 570 hic
981 543 1074 571 etlam

1076 168 1101 197 Τ

190 586 298 618 audivi
313 585 369 628 legi
379 583 511 625 epistolas
522 588 610 628 Regis
626 610 632 617 .
661 588 777 620 Deinde
792 586 822 628 st
833 585 981 630 quispiam
1004 592 1073 630 quio

187 636 257 667 dem
267 640 372 668 veniat
382 636 402 666 ἂ
413 638 493 678 Rege
506 659 516 675 ,
545 646 643 668 omnes
665 637 798 669 acceditis
814 662 821 668 .
850 642 874 670 A
891 641 949 671 Deo
973 646 1074 671 autem

189 689 297 723 venit,
323 685 358 718 <9⁶
381 686 418 717 de
437 686 517 718 caelis
541 686 672 728 loquitur
687 686 859 728 Propheta,
886 689 1012 722 &nemo
1036 686 1074 728 est

189 739 241 776 qui
262 735 421 768 attendat.
453 741 499 767 An
523 745 581 768 non
602 737 723 769 crediti:
749 738 828 780 quod
845 736 909 770 baec
921 762 931 777 ,
952 750 1019 781 quae
1031 739 1076 771 di-

187 793 296 817 cuntur
307 809 317 825 ‚
341 784 443 827 sunta
454 787 514 819 Deo
529 787 542 819 ?
566 787 612 817 Et
629 784 704 829 ipsae
722 788 848 828 eptstolae
866 790 887 820 ἃ
898 790 958 821 Deo
985 788 1075 831 miffae

185 831 259 876 fiant
271 859 278 866 .
309 834 412 881 Quod
427 835 532 876 ipsum
545 834 656 869 scribit
679 836 713 869 in
728 838 821 871 tertia
835 836 972 872 homilia
986 840 1076 881 super

190 883 365 918 Genefim.
393 885 546 918 Affirmat
570 886 758 920 Dominum
779 887 892 921 Deum
915 898 990 921 cum
1016 888 1076 932 pri-

189 932 313 967 mitivis
330 933 422 976 justis
453 935 548 968 fuisse
569 934 772 970 familiariter
793 939 953 972 versatum
976 949 1013 972 ac
1030 938 1076 971 lo-

190 993 305 1017 cutum
329 1008 340 1024 ,
378 982 554 1027 postmodo
575 995 685 1019 autem
708 996 837 1030 propter
858 996 988 1030 peccata
1010 988 1075 1021 effe

190 1035 338 1068 aversum
361 1033 403 1069 ab
425 1034 517 1068 omni
553 1033 664 1068 nostro
688 1046 807 1079 genere
826 1061 836 1076 ,
877 1047 915 1070 ac
936 1037 1040 1081 pergit
1068 1049 1075 1069 :

190 1083 251 1117 Sed
269 1087 349 1116 Deus
361 1082 561 1126 iterumsuam
571 1095 642 1127 erga
654 1086 721 1116 illos
736 1086 988 1125 familiaritatem
996 1093 1078 1120 inno-

191 1144 266 1167 vare
277 1134 379 1167 volens
391 1157 401 1172 ,
428 1131 514 1175 quasi
526 1134 610 1176 longe*
622 1133 801 1175 absentibus
817 1138 935 1169 litteras
957 1142 1053 1170 mittit
1069 1161 1080 1177 ,

190 1185 397 1217 conciliaturus
420 1182 475 1222 fibi
487 1183 662 1227 universam
686 1184 833 1219 hominum
846 1194 1004 1221 naturam.
1032 1191 1078 1220 Et

190 1232 249 1266 bas
265 1235 387 1276 quidem
407 1233 528 1267 litteras
539 1235 624 1267 dedit
634 1238 716 1267 Deus
729 1259 740 1275 ‚
765 1238 870 1270 attulit
890 1246 991 1270 autem
1004 1241 1078 1276 Moy-

186 1281 238 1327 ses
259 1308 267 1316 .
302 1285 391 1327 ,Quid
411 1285 513 1316 dicunt
531 1281 580 1316 bae
599 1286 714 1318 litterae
734 1287 747 1319 ?
783 1291 821 1319 In
835 1292 984 1329 principio
1001 1288 1079 1329 fecit

190 1336 277 1366 Deus
296 1334 440 1366 calum&
453 1342 565 1366 terram
578 1357 585 1364 .
617 1334 658 1367 Et
683 1335 719 1367 in
743 1337 846 1377 primo
868 1338 960 1378 super
973 1338 1079 1371 Gene-

191 1383 251 1416 fim
277 1383 424 1416 sermone
450 1394 458 1414 :
484 1382 539 1414 Ubi
560 1381 725 1415 humanum
740 1397 836 1427 genus
854 1388 1019 1427 proclivius
1046 1392 1079 1420 in

1170 167 1189 199 1
1259 166 1280 197 s
1415 149 1532 196 lx.
1865 167 1961 207 129

1123 234 1181 275 ‘est
1195 238 1315 268 Divina
1327 237 1439 276 gratia
1459 234 1623 272 ducamur,
1650 232 1807 274 &Spiritu
1830 237 1939 270 sanda
1963 238 2028 271 illm

1132 285 1224 326 strati
1240 287 1357 328 eloquia
1370 287 1489 317 Divina
1497 283 1641 316 adeamus
1653 306 1660 314 .
1688 286 1795 325 Neque
1816 288 1937 319 Divina
1947 291 2028 322 Scri·

1133 344 1226 378 ptura
1237 344 1310 377 opus
1323 335 1414 368 habet
1422 333 1573 367 hominum
1580 330 1732 376 sapientia
1742 356 1753 372 ,
1774 341 1808 364 ut
1819 338 1991 378 intelligam
1998 350 2030 377 r,

1134 385 1192 428 sed
1207 387 1387 419 revelatione
1404 382 1532 427 spiritus
1543 408 1554 424 ‚
1582 391 1614 415 ut
1624 381 1723 423 hausto
1737 383 1810 416 indi
1819 393 1890 415 vero
1905 384 1975 428 sen(
1984 398 2003 418 u
2017 411 2029 425 ,

1138 446 1280 479 magnum
1291 436 1373 468 nobis
1385 434 1454 467 binc
1463 436 1578 468 lucrum
1588 431 1731 475 accrescat
1741 456 1749 464 .
1773 431 1895 475 Namfi
1901 438 1932 465 in
1954 436 2032 466 scri-

1137 491 1199 527 ptis
1214 510 1225 525 ,
1249 497 1318 528 quae
1331 487 1369 519 de
1377 483 1574 528 saecularibus
1586 489 1709 528 negotiis
1726 481 1912 524 conficiuntur
1922 481 1963 515 ab
1980 481 2030 515 bo-

1139 535 1268 569 minibus
1281 560 1291 576 ‚
1319 537 1353 569 (5
1364 543 1494 577 tempore
1505 533 1679 576 frequenter
1703 541 1929 574 corrumpuntur
1942 558 1952 573 ,
1977 533 2030 565 vel

1137 596 1227 618 unam
1236 591 1372 628 prooemii
1383 584 1528 628 syllabam
1541 584 1629 626 deeffe
1640 609 1650 624 ,
1677 583 1798 618 multum
1808 586 1949 616 momenti
1972 580 2028 615 ha-

1139 635 1188 669 bet
1201 660 1211 676 ‚
1237 637 1326 670 mulio
1339 641 1436 680 magis
1451 634 1502 668 hoc
1516 659 1526 675 ,
1536 640 1568 667 in
1579 637 1742 675 scripturis
1755 637 1881 672 Divinis
1894 656 1905 672 ,
1930 635 1949 665 ἃ
1964 635 1984 665 5
1983 636 2031 674 pi-

1139 692 1199 718 ritu
1229 686 1335 719 Soneio
1358 684 1539 728 compositis,
1567 689 1721 717 invenitur
1735 709 1745 725 ‚
1771 686 1855 716 modo
1877 680 1969 726 sobrii
1990 683 2030 722 li—

1136 746 1201 767 mus
1215 759 1225 776 ,
1253 738 1287 770 ὁ·
1304 747 1362 769 non
1388 737 1495 769 temere*
1514 736 1767 777 progrediamur.
1797 733 1958 780 Qaedam
1980 734 2032 767 'sa-

1137 797 1263 820 eratum
1292 787 1474 820 litterarum
1502 784 1606 829 capita
1646 785 1700 818 vix
1728 783 1819 818 aliud
1850 784 2028 818 continent

1138 836 1235 879 quim
1251 837 1363 870 seriem
1377 836 1629 881 generationum
1641 860 1652 875 ,
1679 836 1782 868 varias
1793 834 2003 869 salutationes
2019 857 2032 872 ‚

1136 887 1170 919 δε
1182 888 1265 919 varia
1280 884 1456 920 hominurn
1472 886 1609 919 nomina
1621 910 1629 918 .
1657 884 1738 918 Haec
1758 885 1864 928 capita
1893 884 2029 928 quidam

1138 936 1302 970 ducebant
1325 937 1413 980 parvi
1444 935 1596 979 ponderis
1619 959 1626 967 .
1656 934 1841 969 Adversum
1863 935 1938 968 illos
1958 933 2029 977 agit

1139 987 1272 1020 Sanctus
1285 987 1365 1030 Joan
1373 998 1427 1020 nes
1442 984 1698 1028 Chrysostomus
1712 998 1718 1016 ι
1745 986 1898 1019 Affirmat
1912 987 1945 1019 in
1963 983 2032 1017 istis

1140 1036 1239 1069 etiam
1262 1037 1426 1079 capitibus
1445 1036 1573 1069 nullum
1596 1036 1660 1069 effe
1675 1034 1874 1069 vocabulum
1887 1060 1897 1076 ‚
1925 1033 2033 1069 immo

1141 1097 1200 1119 nec
1223 1085 1290 1128 jota
1313 1097 1368 1119 aut
1383 1086 1535 1129 apicem,
1562 1086 1619 1128 qui
1645 1097 1712 1119 non
1732 1085 1934 1130 fitaSpiritu
1957 1086 2035 1119 San-

1140 1137 1192 1170 610
1206 1158 1217 1174 ,
1243 1136 1385 1179 ideoque
1399 1136 1432 1169 ὅ(
1446 1135 1562 1180 plenus
1585 1135 1802 1168 sacramentis
1814 1159 1821 1167 .

1190 1185 1279 1219 Istud
1303 1186 1408 1229 ipsum
1435 1185 1544 1219 scribit
1568 1185 1601 1217 in
1625 1183 1764 1218 homilia
1789 1185 1949 1228 trigesima
1974 1183 2036 1227 pri-

1141 1248 1193 1269 ma
1220 1236 1312 1279 super
1334 1235 1508 1278 epistolam
1532 1234 1573 1269 ad
1600 1234 1773 1268 Romanos
1799 1260 1805 1266 .
1835 1234 1969 1267 Etenim
1994 1232 2036 1266 ad

1140 1286 1294 1320 ultimum
1317 1285 1462 1330 epistolae
1476 1295 1596 1329 caput,
1623 1285 1713 1328 quod
1735 1283 1800 1318 fere
1819 1284 1947 1319 constat
1959 1284 2038 1319 solis

1142 1335 1334 1370 nominibus
1362 1349 1399 1370 ac
1424 1334 1700 1375 salutationibus,
1726 1334 1792 1368 haec
1809 1334 1928 1369 habet:
1959 1333 2036 1366 Mul-

1141 1397 1183 1419 tos
1199 1395 1345 1427 putamus
1367 1391 1461 1418 etiam
1472 1396 1593 1423 eorum,
1620 1390 1673 1426 qui
1696 1386 1733 1417 de
1758 1383 1947 1418 vehementer
1969 1384 2038 1415 dili-

190 1432 341 1465 malitlam
362 1432 549 1470 declinavit,
576 1434 611 1465 ὀ·
632 1434 654 1463 ἁ
677 1436 806 1467 Parente
831 1446 865 1468 ac
885 1438 905 1466 ἃ
919 1439 1095 1470 Conditore-
1135 1436 1277 1479 gentibus
1297 1436 1349 1478 esse
1364 1436 1509 1468 videntur
1522 1459 1532 1474 ,
1560 1434 1637 1467 hanc
1650 1433 1775 1476 epifloIae
1791 1442 1913 1475 partem
1924 1437 1971 1467 usi
1987 1431 2038 1475 su·

188 1480 242 1525 [uo
251 1479 336 1523 quasi
353 1481 440 1523 longa
449 1481 582 1521 quadam
599 1488 839 1523 peregrinatione
852 1483 967 1525 disceffit
980 1510 990 1524 ,
1015 1497 1095 1523 con-4
1135 1485 1284 1526 perfluam
1297 1508 1307 1524 ,
1335 1485 1469 1526 nihilque
1484 1490 1589 1527 magni
1603 1490 1741 1516 momenti
1753 1483 1911 1517 habentem
1924 1507 1934 1524 ,
1956 1492 2039 1524 prae·

183 1530 375 1573 fabulatione
395 1529 514 1572 ceffante
526 1551 537 1567 ‚
561 1530 671 1563 litteris
692 1533 738 1563 ad
750 1543 798 1565 eos
811 1557 822 1573 ‚
848 1541 1006 1575 tamquam
1017 1535 1080 1567 lon—

186 1582 226 1625 ge
245 1582 266 1613 a
278 1578 420 1623 sepofitos
433 1603 444 1620 ,
471 1578 638 1620 &epistolis
663 1586 783 1622 utitur,
810 1582 919 1625 quibus
943 1596 990 1617 eos
1002 1594 1080 1618 vete-

189 1636 238 1666 ris
258 1629 415 1673 cujusdam
434 1634 576 1663 amicitia
597 1629 877 1671 &familiaritatis
896 1635 1057 1668 admoneat
1069 1604 1096 1667 .l

189 1683 331 1715 Primam
341 1681 462 1722 quidem
472 1679 622 1721 epistolam
633 1682 678 1713 ad
686 1681 889 1725 bomineeper
902 1683 1016 1726 Moysen
1034 1686 1079 1717 di·

188 1736 273 1765 rexit
289 1755 295 1762 .
323 1732 411 1775 ‚Quid
420 1733 485 1773 ergo
497 1729 561 1764 baec
571 1730 693 1771 epistola
705 1739 856 1766 contineat
867 1758 878 1773 ,
904 1726 1059 1768 videamus
1070 1760 1077 1767 .

1139 1543 1299 1566 tercurrere
1313 1557 1320 1564 .
1350 1539 1445 1575 Atque
1455 1533 1506 1566 boc
1532 1532 1629 1574 ipsum
1643 1539 1675 1565 in
1699 1533 1898 1576 Genealogia,
1924 1545 1993 1576 quae
2004 1538 2038 1564 in

1143 1584 1315 1626 Evangelio
1341 1588 1503 1615 continetur
1517 1606 1527 1622 ‚
1558 1580 1626 1624 ipfis
1641 1587 1764 1615 evenire
1776 1583 1926 1616 arbitror.
1956 1585 2039 1625 ,Quo-

1139 1639 1221 1665 niam
1233 1639 1312 1666 enim
1327 1639 1479 1665 nominum
1491 1633 1688 1675 quorumdam
1699 1631 1737 1672 est
1757 1633 1910 1677 catalogus
1920 1657 1931 1672 ,
1959 1632 2046 1665 nihil

1139 1684 1327 1716 arbitrantur
1347 1681 1381 1726 se
1397 1689 1499 1727 magni
1527 1695 1566 1716 ex
1588 1682 1638 1715 hoc
1657 1683 1716 1715 loco
1734 1681 1943 1724 lucrifat‘luros
1956 1708 1963 1714 .
1992 1686 2038 1715 Et

1139 1731 1338 1776 aurifusorum
1361 1735 1484 1776 quidem
1503 1739 1591 1774 pueri
1611 1738 1731 1766 minuta
1757 1739 1849 1766 etiam
1855 1733 2038 1778 fragmenta

188 1785 228 1816 In
245 1787 392 1822 principio
404 1780 483 1822 fecit
504 1781 651 1814 caium&
666 1790 796 1816 terram.
827 1785 907 1819 Nou
930 1784 1079 1828 loquitur
1139 1785 1249 1816 curiose
1262 1790 1468 1826 conquirunt,·
1498 1782 1545 1823 isti
1558 1785 1632 1817 vera
1661 1789 1848 1816 tantasauri
1869 1784 1976 1826 maffas
1990 1794 2042 1815 ne·
2071 1779 2075 1783 ”

188 1830 234 1865 de
260 1831 330 1865 solo
356 1831 531 1875 Decalogo
544 1854 555 1870 ,
582 1840 679 1874 quem
692 1831 858 1877 Angelico
870 1834 979 1879 digito
1002 1846 1078 1869 con-

189 1880 254 1915 stat
274 1883 338 1916 effe
363 1881 380 1915 ὲ
393 1881 545 1916 Domino
564 1880 642 1914 Deo
663 1881 841 1925 scriptum,
869 1885 922 1918 sed
944 1884 984 1919 de
1007 1895 1077 1919 tota

188 1931 309 1965 Genefi
322 1955 333 1971 ,
359 1943 398 1964 ac
406 1930 500 1965 omni
514 1929 743 1965 Pentateucho
755 1956 762 1964 .
793 1934 837 1968 Et
849 1932 890 1968 de
911 1935 983 1978 ipsis
997 1935 1078 1970 dicit

190 1980 228 2015 in
248 1981 398 2026 vigefima
423 1981 527 2023 prima
550 1981 645 2022 super
666 1981 822 2017 Genefim
845 1981 1001 2018 homilia:
1030 1990 1079 2017 At-

188 2033 283 2067 tende
296 2055 307 2071 ,
333 2029 442 2073 obsecro
457 2054 468 2069 ‚
495 2028 654 2070 Propheta
680 2029 777 2070 Moysis
799 2033 1006 2068 admirabilem
1027 2033 1079 2078 sa-

187 2086 335 2125 pientiam
347 2104 358 2119 ‚
386 2082 475 2117 immo
496 2078 598 2112 sanai
610 2081 741 2120 Spiritus
753 2081 936 2117 doctrinam.
969 2084 1012 2117 Ab
1030 2085 1079 2119 illo

189 2137 271 2165 enim
279 2154 291 2171 ‚
316 2140 351 2164 ut
355 2128 439 2173 saepe
451 2128 562 2174 dilium
577 2129 616 2168 est
627 2153 638 2169 ,
664 2130 792 2171 afflatus
804 2133 868 2167 baec
885 2140 984 2167 omnia
996 2135 1079 2168 nobis

191 2181 324 2224 loquitur
332 2204 340 2212 .
356 2183 409 2215 ,Er
419 2181 554 2223 linguam
569 2180 690 2221 quidem
703 2182 855 2223 Propheta
867 2186 1079 2223 commodavit,

187 2236 297 2277 gratia
318 2239 415 2264 autem
440 2230 569 2270 Spiritus
583 2230 686 2262 San&
702 2239 760 2270 per
769 2233 853 2265 illum
866 2240 966 2266 omnia
977 2233 1079 2266 buma-

194 2292 267 2315 mim
273 2291 366 2325 genus
378 2277 532 2319 manifeste
542 2280 625 2312 docet
636 2304 643 2310 .
671 2278 716 2311 Pa
723 2280 787 2314 lam
801 2284 954 2317 asseverat
966 2283 1079 2318 omnia

192 2330 361 2375 &singula
390 2340 457 2362 non
470 2328 644 2363 dumtaxat
656 2329 753 2363 Sensa
765 2355 777 2370 ,
803 2332 856 2364 sed
867 2331 901 2365 ὅ(
915 2333 1009 2366 verba
1022 2343 1080 2366 no-

193 2381 247 2416 bis
262 2381 325 2415 effe
334 2391 374 2414 ex
388 2378 549 2413 beneficio
560 2376 763 2412 charismatis
777 2404 785 2411 .
806 2379 974 2422 Propheta
986 2382 1078 2414 enim

193 2431 343 2475 linguam
355 2429 444 2461 suam
455 2426 587 2469 Spiritui
599 2427 719 2470 Sancto
731 2426 906 2464 dumtaxat
931 2441 1079 2466 eommo-

192 2479 285 2516 davit
295 2505 303 2512 .

243 2527 428 2565 Audiamus
439 2529 473 2563 &
484 2529 548 2564 alia
559 2527 702 2572 ejusdem
724 2527 871 2565 homiiiae
881 2531 975 2565 verba
989 2544 997 2564 ε
1026 2535 1081 2564 Di·

193 2586 235 2616 eit
246 2585 346 2622 nequit
357 2605 368 2620 ,
393 2591 484 2621 quam
497 2580 653 2621 multiplex
676 2578 836 2622 thesaurus
860 2587 894 2614 in
905 2582 1004 2615 verbis
1021 2593 1080 2615 mo-

195 2633 235 2664 do
247 2654 259 2670 ,
283 2640 325 2663 ex
351 2630 493 2663 secundo
505 2630 671 2664 Geneseos
693 2631 822 2673 capite,
847 2632 931 2665 ledis
951 2633 1080 2666 recondi-

197 2678 292 2721 tussit
305 2703 313 2711 .
340 2682 386 2713 Et
397 2676 455 2722 scio
465 2682 582 2721 quidem
594 2705 604 2720 ,
630 2681 708 2722 quod
724 2687 888 2723 opinantur
898 2684 993 2726 aliqui
1004 2682 1083 2716 nibil

196 2731 329 2772 amplius
340 2729 398 2762 dici
409 2752 420 2768 ,
442 2732 533 2772 quam
546 2731 661 2763 illorum
672 2736 820 2764 nominum
831 2740 1080 2766 enumerationem

197 2782 235 2814 6·
254 2780 482 2822 appellationem
493 2803 501 2811 .
527 2780 672 2822 spellam
682 2781 762 2814 enlm
778 2783 856 2816 tales
867 2784 912 2815 ad
932 2781 1028 2825 solam
1034 2781 1082 2826 su-

195 2830 347 2874 perficiem
360 2851 369 2861 .
395 2832 461 2873 Ego
471 2839 567 2864 autem
577 2842 675 2864 omnes
692 2841 746 2864 vos
757 2830 871 2874 obsecro
881 2857 892 2873 ,
918 2844 955 2865 ne
968 2833 1081 2875 fimpli-
1106 2849 1111 2855 ·

198 2886 273 2914 citer
292 2890 330 2913 ea
353 2903 364 2919 ,
385 2890 452 2922 quae
476 2885 508 2912 in
529 2883 686 2922 scripturis
707 2879 804 2923 sacris
826 2890 965 2916 contenta
982 2882 1056 2926 sunt
1070 2907 1081 2923 ,

198 2927 361 2972 transeatis
375 2953 382 2960 .
409 2928 504 2962 Nihil
513 2935 591 2963 enim
603 2930 649 2963 bic
663 2931 810 2974 scriptum
832 2933 891 2972 est,
919 2935 1001 2975 quiid
1023 2945 1081 2966 non

200 2979 310 3014 babeat
319 2980 430 3012 multas
439 2975 575 3021 sensuum
589 2982 716 3016 divitias
730 3006 738 3014 .
764 2985 1018 3026 ,Quandoquidem
1030 2988 1082 3016 Di-

200 3034 274 3065 vino
285 3031 395 3072 spiritu
406 3028 507 3070 afflati
519 3029 675 3071 Prophetae
696 3033 784 3069 locuti
795 3031 891 3075 sunt,
920 3035 984 3066 ideo
1008 3035 1082 3066 utici

201 3082 318 3122 Spiritu
333 3076 458 3122 scriptae
471 3084 620 3122 ingentem
631 3085 664 3113 i'n
683 3080 718 3123 se
728 3085 881 3117 continent
890 3082 1075 3126 thesaurum.

203 3132 250 3163 Et
260 3141 297 3163 ne
308 3133 447 3167 mireris,
470 3131 553 3171 ‘quiid
574 3134 605 3162 i'n
630 3129 685 3163 bac
696 3137 846 3165 nominum
866 3140 1084 3167 enumeratione

202 3180 313 3212 multas
335 3180 370 3213 Θ
390 3179 519 3212 latentes
537 3177 750 3222 sententiarum
774 3183 906 3217 divitias
933 3184 1017 3217 vobis
1039 3194 1084 3217 me

1134 1835 1254 1878 gligunt
1277 1859 1284 1865 .
1314 1833 1356 1866 Et
1382 1833 1455 1876 post
1483 1832 1634 1876 quaedam
1657 1834 1765 1876 pergit
1791 1846 1802 1866 .·
1840 1832 2039 1866 Tentabimus

1139 1883 1216 1916 hunc
1237 1885 1346 1924 locum,
1381 1885 1498 1926 utique
1525 1883 1722 1926 postremum
1740 1882 1781 1916 ad
1795 1882 1968 1918 Romanos
1990 1895 2043 1917 ca-

1141 1944 1221 1977 put,
1244 1935 1404 1976 diligenter
1423 1931 1587 1976 scrutando
1610 1938 1738 1966 rimari.
1768 1932 1823 1973 Est
1846 1939 1927 1967 enim
1950 1935 1983 1967 (ν
2005 1938 2042 1965 in

1140 1985 1229 2018 nudis
1258 1983 1306 2016 bis
1329 1983 1503 2017 nomi'nibus
1526 1994 1669 2027 magnum
1691 1987 1829 2017 invenire
1849 1981 2037 2024 thesaurum.

1140 2034 1357 2068 Demonstrat
1381 2034 1520 2068 nomina
1547 2045 1589 2067 ex
1611 2031 1754 2067 fundatis
1776 2030 1959 2066 rationibus
1981 2032 2044 2066 im-

1139 2086 1218 2128 poni
1238 2107 1249 2124 ‚
1276 2081 1476 2128 quibusdam
1490 2083 1584 2118 fuisse
1597 2093 1652 2123 per
1674 2081 1777 2123 ipsam
1791 2081 1952 2115 Divinam
1967 2080 2040 2115 Ma-

1137 2135 1285 2178 iestatem
1309 2134 1461 2175 impolita
1487 2140 1543 2165 aut
1557 2138 1705 2169 mutata,
1733 2140 1831 2174 atque
1842 2130 2034 2166 concludit:

1137 2184 1336 2221 offendamus
1350 2181 1430 2213 nibil
1444 2179 1646 2222 inscriptum
1664 2178 1847 2222 superfluum
1860 2181 1910 2223 effe
1925 2205 1936 2222 ,
1962 2181 2043 2215 nibil

1129 2232 1247 2273 frastra
1266 2231 1425 2271 prolatum
1437 2254 1444 2261 .
1472 2231 1502 2261 51·
1520 2236 1590 2272 quis
1608 2228 1810 2272 Philosophia
1832 2227 1950 2268 amator
1965 2256 1977 2271 ‚
2004 2233 2040 2266 (σ

1132 2279 1305 2324 spiritualis
1333 2278 1561 2322 auscultationis
1586 2286 1700 2314 amicus
1720 2279 1782 2322 fit,
1810 2282 1921 2314 audiat
1949 2293 2041 2324 quam

1137 2342 1195 2363 non
1199 2329 1259 2370 fini
1267 2330 1324 2370 fra
1325 2329 1391 2368 stra
1405 2331 1438 2362 (5
1449 2335 1583 2362 inaniter
1591 2329 1686 2371 pofita
1699 2355 1710 2370 ‚
1737 2342 1803 2373 quae
1828 2337 1862 2364 in
1873 2333 2041 2373 Scriptum·

1136 2381 1278 2413 videntur
1299 2377 1350 2421 effe
1374 2384 1510 2411 minuta.
1539 2380 1577 2412 ln
1601 2380 1726 2414 sextum
1753 2382 1842 2415 Isaiae
1865 2379 2040 2425 Propheta·

1135 2438 1233 2472 caput
1245 2453 1256 2469 ,
1284 2428 1459 2471 praesertim
1483 2428 1523 2462 nd
1536 2426 1603 2463 haec
1628 2430 1696 2472 ejus
1709 2430 1802 2465 verba
1814 2456 1826 2472 ‚
1852 2433 1925 2465 Vidi
1939 2434 2037 2465 Domi·

1137 2491 1207 2514 num
1214 2477 1370 2522 sedentem
1383 2483 1416 2509 in
1430 2477 1537 2512 throno
1555 2479 1667 2519 excelso
1679 2504 1691 2520 ,
1718 2482 1865 2524 quinque
1880 2480 2038 2517 homilias

1138 2530 1259 2572 scripsit
1277 2527 1365 2562 idem
1379 2529 1515 2563 Sanctus
1527 2530 1691 2573 joannes,
1719 2532 1754 2564 in
1767 2528 1909 2574 ipsaru'm
1924 2533 2040 2566 secuu-

1136 2582 1178 2616 da
1190 2580 1330 2613 affirmat
1344 2579 1446 2612 sacras
1459 2580 1583 2613 litteras
1593 2580 1657 2614 effe
1671 2579 1858 2615 thesaurum
1873 2581 2038 2625 mysteriis

1140 2629 1382 2676 pleniffirnum,
1410 2641 1449 2664 ac
1470 2630 1695 2672 prosequitur:
1723 2634 1798 2665 Haec
1820 2632 1894 2665 mibi
1915 2643 1972 2665 non
1995 2640 2038 2666 te-

1141 2682 1219 2715 mer?
1229 2679 1310 2713 ditia
1317 2678 1392 2723 sunt
1405 2704 1415 2719 ‚
1442 2691 1536 2722 neque
1550 2679 1682 2721 fortuito
1700 2682 1836 2722 produxi
1847 2679 2012 2724 sermonem
2023 2705 2037 2721 ‚

1138 2730 1194 2776 sed
1214 2730 1249 2763 ob
1269 2730 1304 2762 id
1323 2730 1404 2772 quod
1422 2730 1484 2771 fint
1511 2730 1645 2764 homines
1667 2732 1794 2772 quidam
1819 2730 1937 2771 opifices
1951 2736 2037 2772 ‚'qui

1140 2781 1295 2825 postquam
1303 2778 1409 2822 sacras
1431 2782 1552 2812 litteras
1566 2786 1598 2811 in
1610 2777 1931 2822 manussumpseriat,
1951 2781 2036 2813 dein-

1145 2834 1183 2866 de
1192 2835 1357 2872 repererint
1369 2831 1420 2862 vel
1429 2840 1574 2862 annorum
1585 2839 1739 2861 numerum
1746 2828 1870 2870 pofitum
1881 2853 1893 2870 ‚
1920 2832 1972 2865 vel
1982 2841 2036 2863 no-

1146 2888 1261 2917 minum
1273 2877 1460 2921 recensionem
1471 2903 1482 2918 ,
1508 2879 1584 2912 illico
1599 2884 1858 2919 pratermittunt,
1886 2880 1921 2914 θ
1936 2890 2035 2913 mone-

1140 2930 1325 2976 facienti'bus
1342 2927 1538 2971 respondent3
1567 2932 1705 2962 Nomina
1728 2927 1952 2972 tantumsunt‚
1982 2939 2036 2963 nv-

1145 2994 1201 3026 que
1211 2981 1380 3025 quidquam
1399 2978 1511 3012 habent
1532 2980 1673 3013 utilitatis
1694 3003 1701 3010 .
1730 2981 1820 3022 ‚Quid
1844 2985 1892 3012 ais
1906 2979 1924 3012 ἑ
1950 2983 2034 3021 Deus

1146 3036 1272 3076 loquitur
1287 3055 1298 3071 ,
1324 3032 1359 3064 ό*
1382 3038 1414 3062 tu
1434 3029 1527 3062 audes
1549 3030 1668 3069 dicere,
1695 3030 1795 3062 Nulla
1817 3029 1856 3069 est
1877 3029 2033 3063 Dit‘lorum

1146 3083 1285 3118 utilitas?
1313 3083 1436 3114 Etenim
1451 3077 1480 3120 fi
1490 3080 1536 3112 ad
1555 3080 1667 3112 nudam
1683 3077 1905 3122 inscriptionem
1928 3079 2035 3122 adspe-

1148 3138 1229 3168 xeris
1251 3140 1392 3171 tantum,
1418 3131 1466 3162 dic
1477 3128 1567 3170 mihi,
1586 3129 1684 3162 aenne
1708 3137 1844 3171 repertas
1865 3140 1932 3163 cum
1953 3134 2034 3163 omni

1144 3184 1262 3226 studio,
1287 3178 1478 3223 repositasque
1494 3177 1675 3222 scrutaberis
1694 3181 1790 3221 opes?
1814 3181 1875 3215 sed
1894 3181 1972 3222 quid
1993 3182 2032 3213 lo-

203 3227 380 3273 ossensurum
395 3229 551 3271 pollicear.
578 3233 686 3273 Neque
706 3235 785 3264 enim
805 3234 858 3266 vel
868 3233 985 3276 syllaba
1000 3258 1010 3274 ,
1034 3234 1091 3267 vel
1147 3245 1219 3277 quor
1238 3234 1275 3266 de
1287 3230 1466 3274 temporibus
1478 3253 1488 3268 ,
1515 3230 1750 3270 (numinibus,
1777 3231 1812 3264 (5
1823 3231 1948 3263 titulis?
1976 3233 2032 3263 Di-

198 3280 339 3319 <apiculas
348 3278 389 3318 ‘est
399 3285 431 3311 in
438 3277 535 3322 sacris
550 3283 675 3314 Litteris
687 3305 698 3321 ,
725 3285 760 3313 in
771 3283 857 3322 cujus
862 3283 1014 3325 profhndo
1023 3295 1080 3317 noa

1145 3282 1193 3326 sce
1205 3292 1348 3326 quantum
1357 3281 1461 3315 valeat
1481 3284 1567 3312 unius
1579 3288 1699 3313 tantum
1723 3281 1864 3313 litterulae
1875 3279 2006 3320 adjessio
2017 3302 2030 3319 ,

196 3325 241 3372 ᾧ)
251 3329 378 3371 grandis
389 3327 535 3372 quispiam
544 3328 701 3373 thesaurus
712 3355 721 3364 .
749 3334 881 3368 Proinde
903 3335 987 3369 nobis
1013 3335 1085 3377 opus
1151 3336 1184 3368 (τ
1194 3332 1286 3374 desine
1308 3339 1371 3366 tota
1387 3337 1566 3366 contemnere
1574 3336 1698 3364 namura
1712 3356 1719 3363 .
1749 3329 1932 3364 patriarcba
1942 3328 2032 3368 noster

255 3410 259 3414 .
284 3376 616 3424 >chriti.1.ut>'iopera
633 3384 666 3416 r.
678 3383 737 3415 ix.

1649 3379 1692 3416 M
1892 3378 1985 3413 Abra-
