2346 3724
294 232 390 282 136
746 225 939 273 ἴδε

1012 224 1529 277 uo‘troiu

237 315 813 513 gozx‘ptm
891 331 1936 517 DuoDECIMuM.

222 554 285 635 S
286 536 789 660 {quaerendum
814 613 833 641 ‚

864 560 940 639 ,ὰ
970 541 1220 634 ‘nostris
1262 557 1705 659 quaerendum·
1726 562 1827 637 eff
1855 624 1872 654 ‚
1929 589 2056 641 non

869 666 958 747 ab
1019 669 1355 749 extraneis
1390 732 1406 748 .

458 828 572 878 Obis
596 828 673 878 etsi
695 827 972 896 quaerendum
998 828 1098 880 esset
1120 868 1133 892 ‚
1174 831 1315 881 adhuc
1341 831 1402 887 est
1426 831 1728 902 semperjubi
1756 853 1904 888 tamen
1937 830 2060 906 q'uaess

490 903 526 948 ri
551 915 730 968 oportet
755 899 772 948 Ξ
811 899 946 967 Apud
974 901 1196 957 haereticos
1225 903 1243 952 ?
1291 902 1383 953 Ubi
1408 909 1555 954 omnia
1579 921 1782 958 extranea
1828 913 1872 957 δε
1899 908 2052 959 adver-

233 1003 235 1005 -
299 983 319 998 ⁶
489 969 597 1019 saria
624 969 775 1019 nostr'ae
800 973 978 1020 veritati
1001 992 1017 1032 3
1052 970 1109 1020 ad
1138 991 1249 1040 quos
1288 989 1490 1023 vetamur
1512 976 1720 1027 accedere
1744 1016 1757 1027 .
1813 982 1928 1049 Quis
1965 978 2048 1028 ser-

379 1095 384 1102 ,
488 1059 569 1091 vus
607 1040 772 1092 cibaria
809 1039 866 1090 ab
888 1057 1096 1110 extraneo
1118 1079 1132 1103 ,
1182 1061 1236 1094 ne
1277 1042 1422 1093 dicam
1461 1045 1517 1094 ab
1547 1049 1729 1115 inimico
1766 1048 1955 1098 Domini
1979 1047 2051 1108 ,sui

214 1110 354 1181 sperat
383 1109 403 1159 ?
440 1116 552 1181 Qis
579 1113 705 1161 miles
730 1110 786 1159 ab
812 1111 1113 1174 infoederatis,
1150 1131 1204 1164 ne
1226 1113 1370 1163 dicam
1397 1115 1454 1164 ab
1477 1116 1667 1167 hostibus
1699 1119 1896 1181 Regibus
1920 1155 1934 1181 ‚
1969 1118 2050 1168 do-

212 1185 412 1231 nativum
464 1188 506 1231 &
537 1182 795 1249 stipendium
821 1197 971 1250 captat
999 1180 1020 1234 ?
1069 1183 1169 1234 Nifi
1194 1185 1323 1252 plane
1348 1184 1540 1235 desertor
1562 1223 1575 1247 ‚
1623 1192 1666 1237 δε
1697 1188 1920 1252 transfuga
1945 1225 1960 1250 ,
2006 1192 2050 1238 &

210 1253 382 1303 rebellis
408 1289 420 1301 .
469 1252 616 1302 Etiam
645 1271 749 1301 anus
774 1254 849 1301 illa
876 1256 992 1302 intra
1020 1258 1178 1303 teoturn
1205 1253 1323 1304 suum
1355 1254 1608 1305 drachmam
1633 1258 1885 1325 requirebat
1917 1279 1931 1317 3
1982 1274 2049 1308 et«

210 1327 299 1373 iam
325 1322 516 1393 pulsator
540 1324 615 1373 ille
639 1325 775 1374 vicini
798 1327 973 1386 januam
999 1323 1240 1380 tundebat3
1276 1326 1409 1374 etiam
1439 1323 1572 1374 vidua
1597 1328 1673 1374 illa
1707 1345 1796 1383 non
1823 1329 2067 1395 inimicum}

208 1389 330 1442 illurn
358 1399 371 1451 ¹,
410 1391 519 1440 licet
545 1391 699 1443 durum
727 1428 739 1452 ,
776 1392 965 1456 judicem
1003 1392 1310 1460 interpellabat
1338 1428 1351 1440 .
1398 1396 1555 1443 Nemo
1584 1395 1685 1445 inde
1712 1396 1860 1446 instrui
1884 1397 2051 1466 potest,

206 1462 320 1513 unde
347 1460 577 1510 destruitur
602 1495 616 1509 1
651 1457 884 1510 Nemo'ab
909 1480 968 1510 eo
998 1463 1267 1511 illuminatur
1290 1499 1303 1524 ,
1342 1460 1368 1510 ὲ
1393 1481 1484 1530 quo
1510 1466 1844 1516 contenebratur
1871 1502 1883 1514 .
1919 1472 2065 1537 Q&

205 1551 349 1588 ramus
381 1550 485 1595 ergo
512 1535 573 1587 in*
589 1531 760 1590 nostrO,
797 1536 839 1582 &
865 1529 890 1581 a
917 1532 1096 1592 nostris,
1132 1536 1174 1580 &
1196 1532 1250 1580 de
1275 1532 1421 1582 nostro
1447 1553 1458 1582 ε
1498 1534 1637 1603 quue
1671 1533 1899 1588 dumtaxat
1924 1534 2065 1607 quod*

205 1605 322 1658 salva
349 1604 520 1666 Regula
545 1600 650 1656 fidei
681 1601 822 1674 potest
851 1604 895 1653 in
927 1602 1204 1668 quaestionem
1237 1601 1468 1653 devenire.

431 1751 780 1812 Sertorio
812 1781 877 1811 N.

191 1901 194 1909 ζ
230 1904 239 1955 Ῐ
278 1907 415 1971 Nobis
443 1905 508 1968 etsi
525 1896 771 1971 ¹quaererm'm‘rz
793 1898 873 1966 effit
897 1938 910 1963 ,
937 1905 1029 1950 &c-

300 2064 336 2102 St
352 2060 453 2096 vlocus
476 2059 622 2095 difficilis
641 2074 652 2092 .·
680 2060 736 2095 Ob
757 2053 880 2096 variam
901 2062 970 2105 ejus
990 2060 1100 2094 1εᾶἰο-

319 2112 392 2153 ῃε”ω
416 2137 422 2144 .
453 2110 586 2144 Etenim
612 2110 722 2143 Frater
751 2109 916 2154 Georgius
939 2111 1101 2154 Cappuci-

211 2178 273 2201 nus
296 2160 527 2206 Ambianenfis
548 2159 632 2204 legit
658 2171 665 2191 ι
703 2158 804 2192 Nobis
825 2159 880 2200 etfi
910 2161 1102 2202 quarendum

209 2218 275 2259 ‘affec
293 2239 305 2260 κ
320 2212 427 2248 ,η’άῄιιε
452 2211 490 2253 est
506 2209 643 2255 semper,
673 2208 722 2243 ubi
744 2218 845 2243 tamen
857 2213 955 2250 quaen'
964 2210 1102 2251 oportet?

210 2262 259 2302 A'r
274 2264 351 2301 vtro
363 2260 506 2307 'Iacobus
518 2260 683 2295 pamelius
695 2284 705 2299 ‚
733 2258 768 2292 N
772 2259 896 2293 icolaus
907 2259 1077 2303 Rigaltius
1090 2282 1100 2298 ,

211 2319 245 2350 ὅ(
268 2316 323 2350 alii
348 2312 585 2357 paffimlegunt
601 2310 733 2350 :Nobis
755 2308 809 2350 etsi
829 2310 1025 2352 quaerendum
1037 2308 1102 2351 effer

214 2366 308 2400 adbuc
323 2366 356 2401 εἴτ
363 2363 477 2409 semper
488 2385 497 2401 ,
519 2360 678 2395 ubitam-m
690 2365 789 2402 quaert
800 2360 931 2400 oportet?
958 2358 1100 2393 Laudari

215 2415 351 2461 Georgii
376 2415 473 2449 lefkio
498 2412 623 2445 videtur
645 2409 782 2450 melior.
809 2409 926 2443 Sensus
939 2410 1003 2443 est:
1031 2409 1103 2443 No-

216 2463 266 2504 bi}
281 2466 334 2510 per
346 2466 410 2508 jam
425 2464 596 2499 inventam
615 2472 652 2501 ac
670 2461 847 2504 professam
860 2459 1030 2494 veritatem
1039 2458 1101 2492 Ca·

217 2514 350 2556 tliolicis
373 2511 667 2557 licetquaerendum
681 2509 790 2544 adhuc
800 2511 898 2549 effer,
923 2509 969 2544 est
992 2519 1103 2544 autem

218 2570 339 2610 semper
351 2591 359 2604 ,
376 2565 442 2601 *ubi
456 2575 566 2598 tamen
581 2561 678 2605 quaeri
700 2561 858 2604 oportet?
885 2558 995 2594 Verba
1008 2585 1019 2601 ,
1046 2559 1104 2591 Ad·

220 2619 275 2653 huc
298 2616 332 2657 est
345 2614 462 2659 semper
475 2639 486 2654 ,
513 2613 557 2646 est
582 2609 778 2655 parenthesis
791 2635 799 2642 .
827 2610 983 2643 Affirmat
1001 2609 1102 2642 etiam

223 2665 418 2703 Catholicis(
432 2665 551 2707 semper
564 2660 773 2706 quaerendum
786 2685 793 2691 .
819 2660 910 2707 Qia
923 2658 1041 2702 nempe
1052 2669 1105 2692 ne-

223 2717 341 2752 ceffarii
364 2714 569 2760 Evangelicae
582 2711 724 2746 veritatis
745 2710 872 2744 articuli
892 2710 965 2743 sunt
983 2708 1106 2751 paucis-

224 2769 314 2808 simi,
341 2779 373 2801 at
389 2765 603 2809 Theologicae
616 2762 700 2798 eirca
723 2759 794 2795 illas
815 2759 1009 2804 quaestiones
1032 2759 1107 2791 sunt

226 2816 401 2852 innumera:
425 2812 492 2856 ,ἃ
517 2827 559 2849 ex
585 2824 651 2847 una
678 2813 799 2855 semper
823 2820 996 2855 generatur
1022 2809 1109 2848 alia,

228 2868 496 2909 ideoquelemper
520 2863 635 2898 restant
657 2862 763 2906 plures
786 2860 983 2906 quaerendae,
1011 2858 1109 2900 quam

228 2916 457 2952 sintinventae.
482 2914 606 2948 Verum
628 2923 738 2948 earum
766 2910 978 2955 investigatio
993 2908 1110 2943 habere

231 2965 328 3001 debet
339 2975 401 2998 tres
412 2961 617 2997 conditiones
629 2989 637 2996 .
665 2960 779 2996 Primo
791 2986 802 3002 ,
817 2961 885 2994 fieri
896 2960 1011 3003 nequit
1024 2956 1110 3002 apud

232 3015 401 3053 haereticos
416 3038 423 3045 .
451 3013 494 3045 Et
513 3013 574 3046 hoc
589 3013 701 3047 multis
723 3011 906 3046 rationibus
914 3021 952 3044 ac
968 3009 1113 3042 testimo-

233 3067 298 3102 niis
322 3064 403 3099 reite
430 3062 790 3106 confirmatSeptimius
803 3087 811 3096 .
838 3062 881 3095 Et
892 3058 1047 3102 exemplo
1058 3057 1112 3094 de·

234 3114 429 3151 monstravit
450 3113 582 3146 Saucius
594 3113 793 3156 Cyprianus.
823 3110 958 3144 Etenim
979 3108 1033 3142 sua
1054 3108 1112 3142 cir-

233 3179 270 3201 ca
284 3165 485 3209 Baptismum
510 3160 606 3194 dubia
624 3175 690 3195 non
709 3173 797 3197 extra
811 3158 1018 3195 Catholicam
1032 3157 1112 3191 Ma·-

236 3228 317 3251 trem
329 3223 463 3248 venatus
475 3211 520 3245 est
534 3235 545 3251 ,
572 3210 626 3243 sed
648 3214 758 3246 retulit
770 3212 809 3245 ad
822 3211 930 3255 plenas
951 3210 1011 3242 suae
1023 3206 1114 3242 Dioe-

237 3266 313 3301 celis
335 3263 486 3304 Synodos
498 3286 508 3300 ,
534 3259 573 3294 ad
593 3260 795 3296 Alexandriae
807 3261 839 3295 &
852 3256 1041 3294 Antiochiae
1054 3257 1113 3290 Pa-

238 3312 389 3351 triarchas
403 3336 412 3351 ,
438 3312 477 3345 ad
489 3311 666 3344 primatem
678 3311 822 3346 Ponticae
833 3309 1022 3344 Dioeceseos
1034 3331 1045 3347 ,
1071 3307 1112 3341 ad

239 3365 378 3407 majores
400 3360 653 3394 Christianitatis
674 3362 852 3404 Episcopos
873 3361 908 3394 ἃ·
932 3359 1113 3398 Doctores,

240 3414 450 3459 &pracsertim
473 3410 512 3448 ad
535 3411 708 3445 Ecclefiam
727 3411 913 3446 Romanam
935 3433 942 3441 .
963 3408 1114 3455 Qaefivit

1147 2061 1247 2694 ἱδιῐο
1268 2072 1276 2092 :
1313 2061 1406 2102 quue
1429 2063 1593 2094 dumtaxat
1614 2087 1625 2103 ‚
1650 2066 1730 2104 quod
1743 2062 1837 2105 salva
1855 2066 1957 2108 regula
1971 2063 2048 2106 fidei
2065 2066 2067 2068 ’

1145 2728 1154 2774 l

1166 1768 1197 1796 in
1211 1763 1322 1802 nostro,
1347 1767 1367 1796 ἃ
1389 1764 1512 1805 nostrlr,
1537 1767 1572 1800 ὁ*
1591 1768 1627 1800 de
1644 1767 1753 1808 nostro.
1780 1767 1911 1811 Verba,
1937 1771 1984 1803 Ee
2008 1768 2049 1802 de

1167 1813 1255 1853 nostro
1268 1838 1278 1853 ,
1305 1815 1480 1848 continent
1492 1817 1664 1851 secundam
1677 1818 1924 1854 conditionem.
1953 1817 2048 1866 Quia
2066 1819 2069 1823 ’

1167 1863 1281 1907 nempe
1305 1874 1372 1896 non
1396 1864 1547 1897 adversus
1568 1865 1714 1900 nostrum
1726 1869 1860 1912 Dogma
1881 1868 2048 1912 possumus
2066 1873 2067 1876 ’

1166 1923 1303 1954 quaerere
1313 1938 1323 1954 ‚
1352 1913 1405 1947 sed
1416 1913 1458 1947 de
1470 1914 1538 1957 ipso
1550 1938 1561 1953 ‚
1588 1915 1704 1956 utique
1714 1915 1753 1948 ad
1765 1917 1870 1958 ipsum
1883 1929 1950 1951 non
1963 1929 2050 1952 ever-

1164 1960 1306 1995 tendum'
1322 1973 1379 1995 aut
1400 1963 1734 1998 circumscribendum
1756 1989 1767 2006 ,
1794 1965 1849 1999 sed
1874 1966 2048 2000 elucidan-

1163 2011 1242 2045 dum
1263 2022 1301 2045 ac
1327 2009 1569 2045 roborandum.
1597 2012 1691 2047 Hinc
1703 2014 1846 2056 sequitur
1856 2016 1949 2050 tertia
1961 2026 2047 2048 con-

1158 2109 1250 2153 potest
1275 2115 1307 2143 in
1329 2110 1516 2152 quaestionem
1535 2113 1695 2146 devenire.
1727 2112 1790 2147 Per
1809 2113 1886 2148 fidei
1899 2114 2050 2160 regulam
2068 2133 2073 2141 .,

1163 2161 1290 2194 Dostor
1302 2160 1407 2204 palam
1420 2161 1580 2206 intelligit
1590 2162 1788 2205 Symbolum
1801 2164 2045 2207 Apostolicu'm.

1163 2209 1268 2242 Lucet
1279 2222 1320 2243 ex
1334 2211 1480 2254 sequenti
1492 2212 1596 2253 capite
1607 2236 1614 2243 .
1645 2213 1687 2248 Et
1699 2224 1742 2247 ex
1753 2214 1861 2258 capite
1873 2213 1988 2248 tertio:
2014 2214 2049 2246 St
2066 2215 2070 2221 ’

1164 2263 1277 2296 Mai-tyr
1296 2258 1399 2304 lapsus
1420 2263 1440 2293 ἆ
1461 2262 1563 2304 regula
1576 2261 1678 2303 fuerit
1700 2287 1707 2294 .
1736 2262 1889 2298 Eundem
1913 2263 2048 2299 titulum

1165 2309 1325 2351 Symbolo
1338 2310 1485 2346 attribuit
1496 2313 1530 2344 in
1543 2309 1626 2345 libro
1639 2312 1680 2347 de
1691 2312 1836 2348 velandis
1847 2313 2047 2359 virginibus:
2065 2326 2070 2331 ·

1163 2359 1276 2400 Regula
1287 2361 1378 2391 Fidei
1388 2371 1448 2392 una
1457 2365 1576 2392 omm'mi
1587 2360 1643 2400 est.
1671 2363 1804 2406 Utique
1821 2366 1934 2408 regula
1945 2389 1956 2404 ,
1977 2374 2049 2408 quae
2068 2338 2143 2379 ‘⁰³9‘
2161 2342 2190 2369 ’ἐ

1164 2407 1265 2442 eredit
1275 2408 1308 2441 in
1319 2418 1422 2442 unum
1432 2409 1542 2442 Deum
1552 2407 1680 2445 Patrem
1694 2413 1958 2455 omnipotentem
1971 2438 1978 2445 .
2005 2413 2048 2446 Et

1166 2459 1199 2491 in
1223 2458 1328 2500 primo
1341 2457 1426 2491 libro
1437 2459 1802 2495 adversu5›Marcionem
1813 2463 1952 2496 affirmat
1964 2461 2048 2495 duos

1167 2510 1256 2543 Deos
1268 2507 1285 2541 ὲ
1298 2507 1394 2542 nobis
1405 2518 1470 2541 non
1485 2510 1572 2551 posse
1582 2509 1671 2544 credi
1684 2535 1695 2551 ,
1720 2511 1810 2552 quod
1831 2511 1937 2546 obstet
1946 2510 2049 2555 regula
2066 2528 2141 2566 Cap·
2157 2536 2185 2563 5·

1167 2569 1259 2591 unum
1272 2561 1365 2591 Deum
1380 2556 1495 2599 sistent.
1524 2558 1653 2594 Eodem
1672 2561 1707 2594 in
1730 2560 1816 2595 libro
1835 2562 1974 2606 appellat
1986 2564 2049 2594 :Det
2066 2569 2198 2605 capa-n

1167 2607 1297 2651 regulam
1308 2632 1315 2640 .
1343 2607 1441 2642 Circa
1455 2620 1553 2651 quam
1568 2610 1681 2643 veritas
1693 2616 1760 2644 'non
1773 2612 1868 2655 poffit
1881 2613 1948 2656 pati
1960 2611 2050 2645 adul-

1169 2658 1303 2691 terium.
1334 2658 1377 2691 Et
1398 2658 1434 2692 in
1457 2657 1541 2692 libro
1564 2658 1606 2693 de
1631 2658 1876 2706 Monogamia:
1903 2662 2051 2705 Regulam
2067 2682 2139 2719 (Ἀρ.
2156 2693 2184 2710 2.

1167 2709 1344 2741 adulterans
1358 2706 1448 2749 fidei.
1480 2707 1523 2741 Et
1535 2709 1570 2742 in
1583 2708 1666 2743 libro
1680 2709 1720 2745 de
1733 2710 1887 2753 Jejuniis:
1909 2715 2050 2754 Aliquam
2067 2723 2137 2760 029,
2159 2732 2182 2750 1.

1164 2758 1238 2799 fidei
1256 2755 1688 2802 autspeiregulamevertunt.
1711 2762 1791 2795 Hoc
1811 2763 1855 2796 est
1870 2787 1881 2802 ‚
1907 2763 2051 2804 aliquem

1170 2807 1310 2850 symboli
1327 2807 1501 2847 articulum
1515 2832 1522 2841 .
1551 2809 1679 2844 Eodem
1700 2812 1805 2845 modo
1817 2812 1962 2856 loquitur
1974 2813 2051 2847 San-
2069 2821 2071 2823 ·

1170 2859 1238 2892 &us
1261 2857 1397 2892 Irenaeus
1418 2873 1429 2892 .-
1466 2861 1531 2902 ,Qui
1550 2861 1683 2903 regulam
1711 2867 1854 2895 veritatis
1877 2863 2052 2896 immobilem
2069 2875 2127 2906 Lib,
2141 2886 2166 2905 χ,

1171 2909 1256 2950 apud
1259 2906 1290 2950 se
1302 2907 1391 2941 habet
1402 2933 1412 2949 ,
1431 2920 1521 2950 quam
1529 2918 1583 2951 per
1597 2909 1788 2953 Baptismum
1799 2919 1909 2954 accepit
1922 2939 1928 2946 .
1951 2913 1994 2946 Et
2005 2915 2051 2945 in·
2068 2925 2130 2953 cap·
2143 2925 2168 2944 ι.

1173 2958 1218 2992 fra
1231 2958 1265 2990 in
1276 2956 1393 2993 eodem
1404 2958 1487 2993 libro
1498 2973 1509 2992 .·
1538 2961 1615 2994 ciam
1627 2969 1778 2994 teneamus
1797 2975 1850 2996 nos
1862 2965 1993 3007 regulam
2003 2972 2051 2994 ve-

1172 3014 1275 3041 ritatis
1291 3032 1301 3047 ,
1327 3010 1363 3041 id
1381 3008 1439 3049 est,
1467 3020 1527 3052 qua
1539 3009 1579 3050 fit
1592 3021 1668 3043 unus
1683 3014 1766 3045 Deus
1785 3019 1981 3055 omnipotens.
2012 3010 2050 3044 In

1175 3058 1318 3092 secundo
1338 3059 1479 3101 ejusdem
1492 3057 1566 3093 libri
1580 3060 1687 3102 capite
1707 3072 1871 3096 enumerat
1881 3071 1995 3094 omnes
2016 3061 2051 3095 &

1175 3108 1319 3152 fingulos
1341 3109 1431 3143 istius
1453 3110 1570 3153 regulae
1590 3110 1744 3146 articulos
1766 3136 1775 3144 .
1812 3111 1855 3144 Et
1875 3110 1909 3144 in
1933 3111 2052 3154 quinto

1175 3160 1373 3193 stromatum
1388 3159 1471 3193 libro
1484 3161 1615 3193 Sanctus
1625 3160 1778 3195 Clemens
1790 3159 2050 3195 Alexandrinus:

1175 3209 1256 3251 ,ραι
1270 3211 1288 3240 ci
1302 3211 1389 3242 Fidei
1400 3211 1498 3253 regula
1506 3210 1674 3253 permtffum
1684 3210 1723 3251 est
1725 3210 1831 3251 facere
1846 3234 1854 3242 .
1880 3211 1924 3245 Et
1942 3210 1977 3243 in
1987 3210 2054 3254 epi-

1176 3258 1258 3290 stola
1284 3259 1324 3291 ad
1347 3259 1559 3303 Diognetum
1581 3260 1715 3294 Sanctus
1735 3258 1868 3302 Martyr
1888 3260 2053 3304 Iustinus:

1176 3311 1284 3339 Omnia
1299 3320 1366 3350 quae
1379 3311 1471 3343 Fidei
1486 3308 1559 3352 sunt
1572 3333 1582 3349 ,
1607 3308 1685 3342 mva
1696 3309 1729 3341 ὁ·
1746 3318 1825 3342 certa
1837 3321 1961 3354 agamus
1974 3322 2055 3354 regu·

1175 3359 1225 3389 la.
1255 3357 1297 3390 Et
1320 3359 1426 3392 infra.-
1453 3362 1558 3392 Extra
1568 3357 1678 3390 reblam
1698 3359 1828 3400 regulam
1851 3359 1997 3402 confistens
2017 3361 2055 3400 est

1173 3406 1224 3450 suo
1242 3405 1328 3450 ipfius
1342 3409 1455 3449 ‚iudicio
1475 3410 1704 3443 condemnatus.
1730 3407 1864 3455 Utique
1884 3410 1902 3444 ὲ
1918 3410 2060 3455 Symbo-

1977 3459 2013 3496 lo

2070 2995 2140 3033 Cap.
2160 3003 2203 3030 ις.
