2346 3724
135 1425 270 1464 Cap.17.

363 169 429 214 42
860 154 1192 198 Seno

297 237 515 282 improbavit,
543 235 700 272 mandans
719 237 972 271 consecrandam
996 236 1169 281 Virginem

298 288 464 332 Episcopo
482 287 565 321 tradi
589 289 623 321 in
645 285 824 322 humilibus
845 289 879 322 ἀ
904 288 963 320 suae
983 287 1169 330 profeffioni

296 338 453 382 congruis
471 336 630 378 vestibus,
657 348 735 380 quas
757 337 910 380 deinceps
921 347 1050 380 oportet
1068 338 1169 379 ipsam

295 388 419 432 semper
439 388 581 432 gestare.
609 388 651 423 Et
680 387 768 422 hunc
794 386 967 421 Canonem
996 387 1170 431 postmodo

294 437 446 481 probavit
469 449 507 471 ac
528 439 619 472 suum
643 437 720 473 fecit
730 438 830 473 etiam
846 437 998 471 Romana
1011 437 1148 471 Ecclesia
1161 462 1168 469 .

293 487 378 522 Item
405 488 597 523 Gallicana.
626 487 710 524 Eum
731 488 819 522 enim
847 486 946 522 habes
971 486 1097 532 integre
1124 487 1172 520 iu-

291 540 412 576 sertum
433 541 468 573 in
489 539 662 582 antiquum
677 538 866 572 Romanum
879 536 1059 571 Ordinem.
1083 537 1169 571 Eum

291 588 393 626 habes
415 590 447 624 δε
469 589 503 623 in
523 587 808 629 Sanstimonialis,
834 588 867 623 &
894 588 928 621 in
956 588 1056 621 Sacrae
1078 597 1169 621 extra

291 641 530 678 Monasterium
570 638 722 683 Virginis
758 637 1002 672 consecratione
1024 660 1032 669 .
1066 635 1168 683 Qod

290 692 411 737 nempe
432 691 529 726 antea
545 690 643 724 etiam
664 688 933 723 Sanctimoniales
956 688 989 720 in
1005 686 1167 729 polymita

291 743 378 776 veste
398 743 677 777 consecrarentur.
706 739 748 772 Et
774 737 851 772 hinc
877 738 962 771 lucet
975 737 1166 770 sententiam

291 793 447 833 illorum,
473 791 530 835 qui
553 790 726 825 Africanas
749 786 905 833 Virgines
941 796 1113 821 autumant
1132 786 1166 820 in

291 843 356 886 ipsa
379 843 434 876 sua
459 841 559 886 prima
570 838 763 882 professione
777 839 872 872 fuisse
883 837 1164 880 quandoquecon·

290 892 447 933 socratas,
474 902 542 925 non
567 890 633 925 esse
654 899 773 923 certam
796 889 829 921 ἀ
849 888 997 921 firmam.
1025 886 1167 920 Videtur

289 945 370 983 iste,
397 942 505 989 postea
528 938 748 984 improbatus,
775 936 905 971 habitus
942 948 1008 970 non
1043 936 1167 970 laicalis

287 993 403 1033 fuisse,
430 992 481 1026 sed
504 990 569 1033 jam
593 989 696 1023 dictus
723 989 809 1021 sacer
832 996 986 1021 ornatus.
1015 986 1058 1020 Et
1084 989 1168 1021 certe

286 1043 490 1078 consecratio
514 1052 556 1075 ex
576 1040 631 1073 sua
655 1048 770 1073 natura
793 1036 897 1082 exigit
932 1036 1081 1080 praeviam
1099 1047 1171 1080 pro·

286 1093 453 1130 barionem
468 1119 476 1126 .
585 1124 588 1126 .

335 1141 594 1178 Mediolanensis
617 1139 762 1175 Ecclefiae
787 1138 822 1171 in
844 1135 1070 1172 consecrandis
1090 1136 1166 1171 Vir-

286 1193 418 1239 ginibus
438 1194 537 1227 ritum
559 1191 698 1234 exponit
722 1191 755 1223 in
777 1188 861 1223 libro
884 1187 925 1222 de
946 1188 1046 1222 Sacrae
1056 1187 1168 1231 Virgi-

286 1244 337 1278 nis
359 1244 566 1278 institutione
588 1243 722 1276 Sanctus
746 1238 951 1274 Ambrosius.
979 1238 1133 1282 Longam
1155 1260 1166 1276 ‚

285 1305 356 1338 quae
383 1295 474 1338 super
485 1292 660 1336 Virginem
672 1290 796 1325 recitari
810 1288 955 1328 solebat,
980 1287 1162 1322 orationem

284 1345 442 1384 adducit,
476 1343 510 1376 ἀ
532 1341 598 1376 haec
618 1341 687 1384 post
714 1339 816 1374 varias
839 1339 985 1380 Deiparae
1008 1337 1163 1372 Dominae

285 1394 397 1427 laudes
416 1391 585 1434 adjungit:
613 1390 734 1432 Quibus
759 1388 823 1421 baec
841 1399 953 1429 quoque
969 1386 1092 1428 famula
1111 1395 1162 1417 tua

284 1443 329 1476 ad
342 1439 505 1484 huJusmodi
526 1442 657 1481 Virginis
672 1442 809 1480 gratiam
829 1436 971 1475 lacefflta‚
996 1440 1056 1467 tuis
1067 1433 1161 1472 afflstit

284 1491 456 1530 altaribus,
484 1499 539 1522 non
564 1488 706 1522 rutilanti
731 1484 849 1527 caesarie
878 1484 995 1524 flavum
1020 1481 1157 1524 deferens

227 1562 229 1564 ·
283 1549 392 1577 crinem
404 1566 415 1582 ,
443 1540 595 1573 Flammea
617 1536 745 1577 nuptiali
764 1536 914 1573 dicatum,
939 1531 998 1575 sed
1015 1534 1097 1566 illum
1108 1538 1156 1564 cri·

282 1605 348 1627 nem
362 1617 372 1632 ‚
399 1602 455 1634 quo
473 1587 661 1630 Evangelica
681 1583 735 1618 illa
755 1585 860 1617 mulier
879 1587 978 1615 Maria
991 1582 1101 1622 christi
1109 1591 1156 1622 pe-

282 1645 334 1677 des
351 1640 455 1684 sedula
472 1645 585 1681 pietate
604 1634 740 1677 detersti,
766 1636 800 1668 (ν
822 1635 939 1667 domum
953 1642 1048 1666 totam
1073 1630 1159 1674 effuso

281 1693 420 1735 implevit
446 1696 604 1732 unguento,
628 1684 714 1729 sacro
738 1682 861 1724 offerens
894 1683 1045 1716 velamine
1070 1681 1158 1725 conse-

281 1736 426 1780 cranduin
436 1765 443 1773 .
473 1736 557 1779 Adest
567 1737 669 1779 puella
682 1760 692 1776 ‚
717 1745 806 1778 quam
817 1745 874 1767 non
885 1738 1056 1775 nuptiarum
1059 1732 1140 1774 festa
1149 1755 1159 1771 ‚

280 1805 341 1828 non
356 1795 506 1835 praemia,
534 1799 590 1821 non
611 1791 725 1820 onerati
732 1785 851 1827 pondus
862 1789 958 1825 uteri,
986 1787 1091 1817 votivo
1104 1794 1157 1816 nu·

280 1849 381 1886 pturis
401 1842 493 1879 dolore
509 1837 690 1882 sollicitent,
712 1833 767 1878 sed
791 1846 859 1877 quae
880 1833 1082 1867 immaculatos
1103 1832 1157 1874 fibi

276 1894 350 1937 fidei
358 1886 466 1935 partus
480 1892 513 1924 (tr
521 1893 645 1931 pietatis
656 1884 807 1929 exposcat,
830 1893 864 1917 ut
872 1889 908 1919 in
919 1893 1000 1918 utero
1016 1889 1158 1925 concipiat

280 1945 319 1978 de
331 1945 444 1986 Spiritu
456 1940 561 1975 sancto
572 1964 582 1980 ,
609 1940 642 1972 (9⁹
654 1939 796 1980 Spiritum
802 1933 912 1978 salutis
926 1937 987 1968 Deo
990 1934 1070 1978 foeta
1077 1942 1158 1977 par·-

280 1999 378 2027 turiat
389 2018 396 2025 .
425 1993 478 2026 Ex
499 1989 618 2034 quibus
631 1987 736 2023 verbis
747 1987 901 2021 discimus
912 1985 980 2019 duo
992 2009 999 2017 .
1027 1983 1156 2025 Primo,

281 2041 368 2086 quod
389 2043 475 2074 sacra
502 2040 610 2084 Virgo
647 2039 888 2072 consecraretur
907 2046 983 2070 ante
1012 2036 1124 2070 Altare
1150 2059 1156 2066 .

280 2092 382 2140 Qod
401 2091 584 2124 etiamnum
604 2087 705 2122 hodie
740 2089 899 2121 servatur.
929 2086 1021 2120 Huic
1049 2086 1158 2120 conse-

278 2141 433 2177 crandam
453 2139 628 2182 Virginem
647 2137 722 2171 duci
742 2147 785 2181 ex
804 2136 946 2170 claustro
963 2139 996 2169 in
1021 2137 1176 2184 anterio·⁴

279 2204 347 2227 rem
371 2190 547 2225 Ecclesiam
570 2187 702 2222 mandat
723 2184 917 2222 hodiernum
941 2186 1138 2221 Pontificale
1152 2187 1175 2225 ,1

281 2240 433 2277 Secundo
452 2239 623 2277 discimus,
649 2236 738 2280 quod
758 2231 980 2270 'consecranda
993 2232 1102 2280 Virgo
1125 2233 1176 2269 inl

282 2293 339 2327 vili
363 2289 563 2335 poenitentiae
584 2287 697 2321 habitu
709 2288 966 2320 consecraretur.
996 2279 1178 2353 Veniebat!

280 2343 370 2377 enirn
393 2341 434 2375 ad
457 2340 680 2383 Episcopum,
707 2337 754 2369 uti
767 2335 874 2368 Maria
885 2334 1087 2375 Magdalena
1111 2344 1162 2364 ve—

281 2394 332 2428 nit
353 2392 392 2426 ad
405 2388 571 2425 Christum
584 2387 787 2421 Dominum.
817 2383 860 2417 Et
886 2393 927 2415 ex
950 2381 1013 2415 hoc
1026 2382 1118 2414 fonte
1139 2380 1162 2413 i-

280 2444 365 2478 sium
392 2451 515 2475 morem
543 2438 650 2472 forsan
677 2433 794 2469 didicit
816 2431 973 2466 Africana
1000 2429 1162 2464 Ecclesia.

282 2494 375 2527 Huic
392 2491 480 2526 enim
494 2488 698 2523 Clericorum
721 2483 835 2526 inopia
846 2479 1007 2517 laboranti
1019 2479 1163 2514 subsidia·

283 2541 428 2577 submisit
449 2539 557 2574 Sansti
585 2535 747 2570 Ambrosii
776 2533 942 2567 Successor
969 2531 1150 2577 Venereusv

285 2594 338 2628 Hi
356 2592 425 2625 illic
447 2590 603 2634 plantasse
618 2585 736 2629 possint
746 2595 850 2618 mores
862 2583 923 2616 suae
936 2578 1165 2616 Mediolanen-

285 2645 323 2678 sis
340 2641 508 2679 Ecclefiae,
537 2649 573 2672 ac
585 2635 782 2680 synodaliter
794 2634 933 2668 firmasse
945 2657 952 2665 .

337 2692 434 2726 Alios
455 2689 548 2724 istius
567 2684 821 2721 consecrationis
847 2684 927 2718 ritus
946 2681 1101 2716 discimus
1122 2692 1162 2715 ex

287 2743 400 2778 libello
412 2766 423 2781 ,
448 2750 545 2784 quem
566 2739 684 2773 Sancto
696 2734 869 2770 Ambrosio
880 2733 1032 2767 adscribit
1060 2732 1092 2765 in
1107 2732 1164 2766 suo

288 2795 431 2827 Decreto
457 2790 589 2825 Sanctus
607 2787 666 2822 lvo
686 2784 895 2822 Carnutenfis
908 2783 1106 2826 Episcopus,
1124 2782 1163 2815 ad

155 2845 229 2872 Part·
250 2851 277 2874 7·
291 2843 468 2887 Virginem
488 2840 627 2882 lapsam:
655 2842 729 2870 Non
755 2846 785 2870 es
811 2841 970 2868 memorata
996 2834 1074 2865 diem
1094 2830 1164 2874 san-

139 2892 201 2919 cap.
217 2890 280 2916 ¹34·
293 2892 372 2925 “lum
381 2916 392 2931 ‚
416 2892 493 2924 diem
513 2892 674 2922 Dominicae
685 2885 915 2929 Resurreiiionis
928 2908 938 2924 ,
962 2888 994 2915 in
1007 2894 1062 2925 quo
1075 2885 1165 2914 Divi-

140 2924 250 2957 &135-

295 2953 333 2975 no
359 2941 492 2972 Altarite
504 2938 627 2978 obtulisti
653 2936 838 2970 velandam?
865 2937 901 2967 In
916 2943 1019 2973 tanto,
1046 2942 1165 2974 tamque

292 2991 412 3035 solemni
425 2988 555 3029 Ecclefiae
569 2992 623 3021 Dei
633 2997 778 3021 conventu
788 2990 867 3018 inter
883 2986 998 3017 lumina
1006 2980 1165 3024 illasplen·

297 3041 370 3074 dida
396 3043 493 3082 Regni
505 3041 531 3070 C
534 3037 635 3079 oelestis
660 3035 743 3078 quast
749 3040 823 3080 Regi
835 3043 967 3076 nuptura
972 3032 1146 3074 processeras
1158 3056 1164 3063 .

298 3096 370 3124 Non
381 3101 413 3123 es
424 3097 583 3122 memorata
591 3112 602 3127 ,
629 3089 728 3128 qualis
749 3085 792 3119 ad
815 3094 844 3118 te
869 3085 919 3117 illo
932 3084 979 3115 die
982 3081 1074 3123 falia
1079 3078 1114 3121 fit
1125 3081 1166 3113 al-

297 3141 413 3173 locutio:
440 3137 581 3180 Adspice
604 3137 692 3175 filia,
719 3136 843 3170 intuere
854 3134 982 3177 Virgo,
1007 3130 1169 3182 &oblivi-

299 3192 383 3224 scere
403 3188 559 3232 populum
579 3197 694 3225 tuum,
718 3187 750 3219 ὃ(
763 3186 901 3220 domum
926 3180 1025 3225 patris
1039 3181 1107 3220 tui,
1135 3181 1168 3213 ὅ(

300 3238 505 3282 concupiscet
523 3238 596 3271 Rex
621 3235 771 3269 decorem
797 3244 910 3272 tuum,
939 3229 1016 3275 quia
1038 3230 1103 3272 ipse
1125 3229 1168 3263 est

1214 2137 1331 2178 ,nilibus
1355 2141 1478 2170 ornavit
1497 2148 1543 2170 me
1553 2162 1560 2169 .

1228 167 1576 199 ·L·1‹ON

1232 240 1358 272 servare
1377 249 1406 273 te
1426 246 1551 283 oportuit
1573 240 1663 282 fidem
1675 265 1686 282 ,
1711 254 1802 285 quam
1808 243 1863 288 sub
1875 251 1971 279 tantis
1991 246 2107 286 testibus

1228 290 1361 330 pollicita
1382 301 1431 323 es:
1461 292 1579 332 Semper
1599 297 1724 334 cogitare
1748 301 1794 327 cui
1823 299 2029 338 virginitatem
2034 295 2109 340 spo-

1226 341 1385 380 ponderis.
1415 342 1549 375 Facilius
1570 349 1601 374 te
1621 348 1747 382 oportuit
1765 341 1938 388 sanguinem
1959 358 2025 379 cum
2046 346 2110 390 spi-

1230 393 1293 422 ritu
1306 388 1464 430 fundere,
1490 402 1580 433 quam
1596 393 1723 432 perdere
1741 402 1827 426 tuam
1847 394 2026 434 castitatem.
2053 399 2109 429 His

1230 444 1263 471 in
1282 440 1330 472 illo
1350 449 1421 473 tunc
1441 442 1491 474 die
1511 440 1730 484 consecrationi:
1741 452 1802 476 tuae
1821 444 1932 487 dinis,
1957 447 2108 480 &multis-

1225 486 1316 531 super
1334 489 1465 530 castitate
1484 499 1537 523 tua
1554 497 1732 533 praeconiis,
1751 492 1836 535 sacro
1859 496 2008 529 velamine
2028 493 2108 530 reela

1229 550 1260 571 es
1274 562 1282 570 .
1308 543 1414 572 Omnis
1431 543 1559 582 populus
1573 566 1583 581 ‚
1609 543 1706 575 dotem
1741 552 1823 575 tuam
1837 541 2024 587 substriben:
2049 556 2108 579 non

1230 597 1418 630 atramento,
1442 589 1500 632 sed
1513 589 1648 633 spiritu,
1670 598 1786 633 pariter
1798 595 1964 636 clamavit,
1991 600 2105 629 Amen.

1231 642 1337 671 Vincor
1357 639 1513 678 lachrymis
1531 665 1542 682 ,
1566 644 1631 675 cum
1652 643 1714 675 haec
1740 645 1892 677 recordor:
1919 648 2105 689 compungor

1223 687 1370 728 stimulis,
1395 700 1460 722 cum
1479 689 1542 723 baec
1564 695 1698 734 exempla
1710 691 1863 734 confidem.
1891 699 1979 730 Nam
1990 694 2021 737 fi
2029 702 2108 729 inter·

1230 739 1324 771 decem
1343 737 1426 779 testes
1436 739 1574 781 confeHis
1591 740 1775 784 sponsaliis,
1800 749 1915 785 nuptiis
1929 744 2109 788 consumma-

1230 795 1292 828 tis,
1317 794 1437 830 qua-vis
1451 788 1583 830 foemina
1604 797 1671 824 viro
1704 792 1862 826 convine‘ia
1880 796 2023 835 mortali,
2049 804 2110 827 non

1223 837 1285 878 fine
1306 850 1413 882 magno
1427 842 1552 880 periculo
1568 849 1725 883 perpetrat
1739 843 1923 876 adulterium
1934 867 1945 883 ,
1971 845 2109 886 quidpu-

1231 898 1278 920 tas
1291 888 1384 930 fore,
1402 888 1435 930 fi
1449 894 1527 923 inter
1548 892 1778 925 innumerabiles
1797 892 1879 931 telles
1906 892 2040 936 Ecclefiae
2067 904 2111 927 co-

1231 949 1296 970 ram
1317 939 1666 983 Angelis&exercitibus
1690 943 1752 975 caeli
1772 941 1864 984 sabla
1874 942 1976 984 copula
1981 941 2109 986 spirita-

1229 988 1267 1020 lis
1281 996 1339 1030 per
1359 990 1537 1023 adulterium
1554 990 1703 1033 fhlvitur?
1729 992 1823 1026 Sacra
1849 990 1961 1037 Virgo
1988 991 2110 1027 solem-

1233 1040 1316 1072 niter
1340 1040 1379 1072 ad
1403 1040 1603 1082 Ecclesiam,
1627 1042 1674 1076 uti
1696 1041 1802 1086 Regia
1827 1042 1967 1084 sponsa,
1991 1043 2109 1077 conse·-

1230 1086 1347 1121 cranda
1365 1089 1559 1131 procedebat
1570 1113 1580 1129 ,
1606 1092 1816 1126 concurrebat
1827 1093 1937 1126 omnis
1949 1092 2109 1136 populus,

1230 1137 1386 1172 assistebat
1409 1140 1666 1180 consecrationi,
1693 1143 1725 1176 δε
1737 1141 1794 1185 ipfi
1806 1152 1972 1185 tamquam
1983 1153 2108 1188 magno

1228 1188 1442 1224 Sacramenta
1450 1214 1462 1230 ,
1488 1190 1617 1233 publica
1631 1202 1713 1225 voce
1722 1216 1733 1231 ,
1744 1196 1838 1225 Amen
1849 1214 1859 1230 ‚
1870 1191 2083 1226 subscribebat
2091 1216 2106 1233 ‚

1231 1237 1264 1271 &
1282 1249 1353 1272 eam
1364 1239 1578 1274 confirmabat
1588 1263 1596 1272 .
1625 1241 1668 1275 Et
1679 1241 1719 1275 de
1731 1241 1933 1276 nobiliffimae
1942 1241 2027 1285 apud
2039 1243 2111 1276 Ro·

1228 1299 1343 1322 manos
1354 1287 1503 1332 Virginis
1514 1291 1733 1325 Demetriadis
1743 1291 1930 1326 consecratae
1941 1292 2021 1326 festo
2034 1292 2107 1326 scri-

1227 1338 1285 1379 psit
1305 1338 1346 1371 ad
1361 1337 1499 1372 illustres
1518 1338 1714 1379 Matronas,
1740 1340 1810 1382 ejus
1820 1342 2108 1386 consanguineas,

1226 1386 1365 1419 Probam
1391 1397 1429 1418 ac
1440 1386 1601 1427 Julianam
1622 1387 1757 1421 Sanctus
1769 1390 1992 1433 Augustinus:
2021 1393 2107 1423 Vela-

1224 1440 1313 1466 tionis
1340 1433 1548 1475 apophoretum
1569 1437 1727 1478 gratiffime*
1746 1444 1927 1479 accepimus.
1955 1438 2107 1484 Virginis
2125 1419 2282 1464 Epist-¹70

1225 1484 1428 1517 consecratio
1451 1494 1519 1518 erat
1538 1494 1668 1519 rantum
1687 1487 1804 1520 festum
1828 1511 1839 1528 ,
1865 1497 1902 1522 ut
1921 1499 1960 1522 ex
1980 1489 2050 1532 ipso
2074 1501 2106 1523 e-

1224 1532 1465 1582 minentiffimis
1490 1533 1591 1568 etiam
1618 1535 1701 1570 ultra
1729 1547 1820 1571 mare
1841 1538 1983 1581 personis
2000 1538 2106 1573 mitte-

1225 1594 1334 1618 rentur
1355 1582 1580 1629 apophoreta,
1605 1586 1763 1630 nuptialia
1777 1598 1819 1623 ex
1830 1587 1981 1625 amicitiae
1991 1588 2104 1635 officio

1225 1645 1358 1669 munera
1372 1659 1380 1667 .
2055 1637 2109 1658 *³

1269 1685 1353 1731 Qae
1373 1686 1487 1720 omnia
1510 1685 1642 1721 fuerunt
1663 1688 1732 1722 asta
1751 1688 1792 1723 ad
1805 1688 2028 1724 imitationem
2042 1690 2106 1725 Re·

1222 1735 1348 1778 giarum
1370 1735 1556 1779 nuptiarum
1569 1762 1576 1769 .
1605 1737 1707 1785 Qod
1727 1739 1817 1773 enim
1828 1738 1936 1784 Regia
1953 1739 2021 1774 filia
2047 1749 2106 1775 aut

1222 1785 1336 1828 sponsa
1363 1784 1543 1828 splenderet
1569 1787 1728 1830 polymita
1753 1789 1856 1830 veste,
1881 1789 1946 1833 jam
1973 1789 2106 1824 audivi·-

1221 1846 1293 1869 mus
1310 1833 1329 1868 ὲ
1356 1835 1474 1870 Sanno
1487 1836 1700 1879 Hieronymo
1711 1862 1718 1870 .
1747 1838 1791 1873 Et
1805 1838 1928 1884 Regius
1938 1839 2103 1883 Propheta

1220 1886 1357 1919 affirmat
1379 1886 1480 1929 ipsam
1504 1886 1565 1920 -suo
1585 1888 1684 1922 etiam
1706 1898 1853 1931 tempore
1863 1890 1956 1924 fuiffe
1966 1890 2104 1924 circum-

1221 1935 1371 1970 annuam
1384 1935 1610 1971 varietatibus.
1640 1937 1684 1971 Et
1704 1936 1744 1972 ad
1767 1939 1864 1973 istum
1889 1938 2035 1975 Ecclefiae
2055 1940 2103 1973 ri-

1220 1996 1291 2020 tum
1328 1987 1434 2022 forsan
1470 1986 1576 2021 allusit
1596 1986 1739 2031 gloriosa
1762 1986 1869 2033 Virgo
1891 1988 2006 2033 Agnes
2025 2011 2036 2028 ‚
2061 1988 2103 2023 de

1221 2034 1355 2070 Christo
1375 2037 1434 2070 suo
1454 2036 1572 2080 sponso
1583 2035 1695 2071 dicens
1707 2037 1749 2072 ad
1760 2037 1982 2080 Tyrannum:
1999 2039 2102 2072 Induit

1221 2098 1267 2120 me
1290 2089 1435 2120 Dominus
1458 2087 1568 2125 cyclade
1590 2098 1659 2121 auro
1683 2097 1790 2129 texta,
1814 2089 1849 2122 δ’
1868 2087 2012 2130 immenfis
2040 2091 2104 2122 Mo-

1589 2136 1692 2184 Qod
1713 2138 1734 2172 fi
1757 2148 1869 2172 verum
1880 2138 1942 2179 sit,
1969 2138 2004 2173 δε
2021 2138 2106 2173 anti-

1222 2198 1304 2229 quus
1327 2186 1373 2221 est
1399 2185 1455 2220 hic
1477 2186 1577 2226 ritus,
1602 2188 1635 2221 δε
1662 2187 1814 2222 Romana
1851 2198 1931 2223 tunc
1957 2187 2104 2223 Ecclesia

1222 2236 1414 2271 duodennes
1436 2233 1589 2281 Virgines
1612 2238 1831 2272 consecravit.
1859 2237 1902 2272 Et
1927 2235 2006 2272 hinc
2031 2238 2105 2283 glo-

1223 2288 1306 2322 riosa
1330 2287 1458 2328 Martyr
1479 2286 1674 2330 quibusdam
1695 2287 1823 2321 videtur
1859 2288 1967 2330 potius
1987 2287 2030 2322 ad
2054 2286 2106 2322 sui

1224 2336 1380 2375 Baptismi
1406 2338 1485 2367 ritus
1509 2336 1662 2370 allusisse.
1690 2335 1795 2383 Qod
1818 2337 1923 2382 Regia
1947 2337 2015 2371 filia
2044 2346 2120 2371 autr

1225 2382 1339 2425 sponsa.
1364 2381 1551 2414 solemniter
1573 2383 1778 2424 procederet,
1804 2385 1903 2418 docet
1924 2386 2104 2428 Imperator

1224 2432 1364 2475 Joannes
1385 2430 1654 2472 Cantacuzenus,
1682 2431 1724 2465 de
1744 2431 1811 2465 filia
1829 2432 1884 2465 sua
1896 2432 2078 2468 Theodora
2090 2456 2104 2474 ,

1224 2479 1373 2515 Orchani
1382 2480 1726 2524 Turcorum'Principi
1738 2480 1928 2524 desponsata
1941 2482 2102 2517 scribens:

2162 1853 2205 1886 Ps·
2229 1863 2278 1889 44·

1224 2530 1335 2574 sponsa
1354 2529 1504 2563 Theodora
1526 2531 1691 2564 tabulatum
1716 2529 1906 2574 conscendit,
1926 2530 1988 2575 solo
2008 2536 2103 2575 Impe-
2119 2535 2181 2567 Lib.
2203 2545 2231 2572 3.

1224 2591 1322 2615 ratore
1336 2592 1407 2623 equo
1427 2579 1568 2621 insidente
1578 2604 1589 2621 ‚
1614 2586 1730 2614 caeteris
1739 2582 1785 2614 ad
1793 2592 1885 2614 unum
1896 2581 2083 2619 adstantibus
2098 2607 2106 2615 .
2119 2584 2180 2615 ⁶²?-
2191 2586 2225 2614 95
2229 2598 2239 2606 ·

1225 2635 1299 2664 Tum
1319 2628 1563 2673 peripetasmatis
1584 2636 1618 2663 in
1627 2636 1748 2664 circuitu
1757 2631 1871 2664 ablatis
1885 2655 1896 2671 ,
1920 2630 2028 2675 sponsit
2039 2644 2104 2667 con-

1220 2680 1324 2724 spec‘lae
1344 2679 1380 2720 est
1392 2704 1403 2719 ,
1430 2681 1560 2714 dextera
1580 2681 1718 2722 laevaque
1741 2680 1862 2723 accenfis
1882 2682 2102 2725 lampadibur,

1226 2744 1300 2774 quas
1323 2729 1444 2764 eunuchi
1468 2735 1501 2762 in
1519 2741 1618 2774 genna
1632 2729 1811 2774 subfidentes
1831 2732 1972 2765 tenebant
1997 2758 2004 2766 .
2043 2734 2104 2768 Fa·

1226 2784 1312 2815 <Cium
1349 2781 1382 2815 id
1419 2780 1482 2814 fuit
1501 2791 1545 2825 ex*
1567 2783 1654 2814 avita
1680 2781 1811 2825 Imperii
1830 2781 2067 2817 consuetudine
2091 2808 2100 2815 .

1226 2831 1328 2880 Qod
1350 2832 1448 2865 etiam
1471 2829 1723 2874 apophoremata
1743 2831 1949 2867 mitterentur
1971 2857 1983 2874 ,
2017 2832 2104 2877 apud

1229 2881 1406 2916 Eusebium
1433 2880 1674 2915 Caesaraeensem
1699 2881 1814 2925 probat
1833 2882 2018 2925 exemplum
2031 2884 2105 2918 Ma·

1226 2933 1284 2976 gni
1308 2931 1519 2965 Constantini
1546 2931 1584 2965 in
1610 2932 1726 2966 sororis
1750 2932 1890 2976 nuptiis.
1919 2932 1964 2968 Et
1982 2932 2104 2968 adduci
2122 2920 2182 2952 [ib-
2208 2932 2236 2977 ⁴!

1229 2981 1347 3025 possint
1358 2981 1449 3024 plura
1462 2981 1525 3014 alia
1538 3006 1545 3013 .

1276 3031 1315 3065 ln
1341 3042 1438 3075 opere
1453 3030 1495 3065 de
1506 3030 1608 3066 Sacris
1629 3031 1866 3067 Ordinatiobus
1875 3033 1955 3075 Joan
1962 3042 2016 3066 nes
2027 3030 2104 3066 Mo-

1228 3082 1315 3115 rinus
1330 3092 1370 3114 ex
1386 3080 1566 3115 Parisienfis
1576 3081 1740 3116 Senatoris
1752 3082 1875 3117 Petavii
1896 3080 2105 3117 Bibliotheca

1229 3131 1374 3174 producit
1386 3131 1558 3174 antiquum
1580 3131 1614 3165 δε
1626 3130 1839 3166 venerandum
1850 3130 2003 3165 undecim
2014 3132 2105 3166 [κειτ-

1231 3183 1334 3215 lorum
1346 3180 1541 3215 Pontificale
1554 3206 1565 3222 ,
1591 3181 1625 3215 in
1639 3192 1706 3225 quo
1731 3180 1800 3225 post
1825 3181 1986 3214 sacrorum
2007 3180 2105 3215 Ordi-

1232 3243 1307 3265 num
1325 3231 1404 3264 titus
1425 3231 1567 3274 sequitur
1587 3231 1666 3266 ritus
1685 3228 1908 3265 consecrandae
1933 3229 2104 3274 Virginis,

170 3301 243 3335 cap,
262 3304 288 3331 5.
302 3286 469 3322 Dominus
478 3289 571 3322 Deus
581 3295 656 3320 tuus
669 3284 685 3315 ἓ
710 3283 901 3327 Reminiscere
920 3282 988 3324 ergo
1001 3302 1012 3319 2
1038 3288 1170 3321 quantus
1229 3281 1348 3315 &huic
1373 3281 1406 3314 in
1431 3281 1496 3315 fine
1516 3280 1608 3322 datur
1629 3281 1763 3324 pallium
1785 3289 1839 3323 per
1859 3277 1927 3314 haec
1949 3280 2105 3324 Episcopi

301 3337 346 3374 ad
359 3335 457 3380 sponfi
474 3338 559 3371 tui&
572 3338 691 3369 Domini
715 3340 836 3375 nuptias
849 3334 1018 3368 convenerit
1023 3330 1170 3372 populus,

1233 3330 1327 3365 verba
1339 3343 1350 3363 .-
1378 3334 1478 3374 Accipe
1493 3332 1596 3375 puella
1609 3331 1738 3372 pallium
1760 3352 1773 3370 ,
1798 3330 1879 3372 quod
1894 3328 2106 3413 perfireslfine

1942 3390 2024 3414 matu
2038 3392 2058 3413 a

2119 2970 2184 3000 cap.
2193 2972 2240 2996 4⁰·
