2346 3724
92 1041 167 1078 Cap.
183 1049 212 1075 4.

669 189 709 233 C
781 202 807 230 A
878 197 985 230 Pl
1058 197 1083 226 τ

217 272 334 314 famuli
346 272 431 304 aditu
438 268 655 312 probibentur.
685 270 779 313 ,Quod
798 268 918 312 quidem
929 264 1024 300 Paulo
1033 273 1102 298 tunc

221 321 353 363 accidifflr
376 320 531 361 verifimile
554 320 592 361 est
617 331 626 361 ;
653 318 896 361 Epaphroditum
916 317 988 350 vero
1001 338 1012 355 ‚
1039 325 1101 347 ma-

218 379 389 416 gnozaetque
409 369 517 413 excelso
538 376 638 403 animo
660 375 761 403 virum
782 393 792 409 ,
817 364 1004 409 contempsisse
1022 368 1103 406 peri-

222 422 308 461 cula,
336 430 370 453 ut
384 422 512 454 Paulum
533 422 656 458 adiret,
681 425 708 453 ei
717 416 919 458 ministraret,
945 424 1035 458 atque
1046 425 1104 446 om-

223 477 276 504 nia
287 497 297 511 ‚
324 480 379 513 que
391 479 464 512 opus
479 481 569 504 erant
584 495 595 510 ,
615 469 727 510 faceret
737 492 744 500 .
771 468 883 513 Qare
894 466 1028 501 sanstus
1041 463 1103 498 Lu-

222 531 296 560 cas,
323 522 484 555 affirmans
507 522 626 556 Sansto
639 519 743 554 Paulo
765 518 857 551 fuiffe
871 517 904 550 in
926 516 1029 560 prima
1053 525 1104 548 ca-

223 570 373 614 ptivitate
389 571 559 614 permiffum
578 580 699 604 manere
711 567 825 609 fibimet
845 579 911 600 eum
930 565 1105 607 custodiente

220 620 252 665 se
264 621 359 655 milite
373 645 384 661 ,
411 622 646 666 intelligendus
665 620 711 654 est
734 619 775 654 de
797 619 906 661 primo
928 618 1036 661 primae
1057 624 1105 648 ca·

224 671 384 714 privitatis
405 671 566 711 biennio,
589 681 658 714 quo
680 670 737 704 ille
749 667 856 709 mansit
878 673 912 701 in
920 666 973 710 suo
988 665 1105 699 condu-

224 720 269 753 ὅθ
282 745 292 760 ²
320 719 542 765 &suscipiebat
562 732 662 754 omnes
683 744 694 760 ‚
721 726 772 762 qui
794 719 1041 763 ingrediebantur
1064 714 1107 747 ad

224 782 309 811 eum,
335 773 497 813 predicans
519 782 642 816 regnum
666 773 744 810 Del,
772 771 806 804 65
829 771 934 802 docens
956 778 1013 811 que
1032 763 1107 808 sunt

225 822 264 854 de
288 825 415 854 Domino
431 822 542 865 JESU
570 819 685 861 christo
712 831 776 855 cum
796 827 876 853 omm
891 818 1024 860 fiducia,
1045 814 1107 857 fine
1133 856 1135 861 ,

222 871 420 913 prohibitione
428 898 435 905 .
987 893 989 895 v

275 921 379 962 Quid
389 922 459 966 post
471 923 592 967 lapsum
612 920 786 955 biennium
797 919 894 954 fuerit
916 918 950 952 in
964 917 1057 951 firma
1069 925 1107 948 ac

227 971 305 1005 dura
329 972 477 1007 custodia
491 996 502 1012 ,
525 971 726 1007 demonstrat
746 969 886 1004 secunda
905 967 973 1009 ejus
993 966 1032 1000 ad
1045 964 1104 997 Ti·

228 1021 400 1056 motheum
411 1022 571 1067 epistola.-
598 1026 635 1054 In
640 1027 744 1063 prima
764 1029 830 1052 moa
854 1015 1018 1058 diffenfione
1028 1024 1109 1047 nomo

227 1071 414 1112 mihiadfuit
426 1096 436 1111 ,
457 1070 515 1114 sed
532 1082 632 1103 omnes
651 1081 698 1102 mo
718 1069 936 1110 dereliquerunt
947 1089 954 1099 .
984 1070 1058 1099 Non
1075 1064 1107 1098 il-

229 1123 269 1154 lis
297 1126 463 1161 imputetur
512 1123 659 1153 Dominus
681 1126 783 1152 autem
803 1117 879 1150 mihi
900 1116 1046 1156 adstitit,
1074 1116 1115 1151 ὑ.

227 1169 410 1212 confhrta‘vit
432 1181 480 1203 me
500 1194 510 1209 ,
547 1177 580 1203 at
598 1179 655 1212 per
671 1180 718 1202 me
734 1169 902 1210 predicatio
922 1168 1084 1209 impleatur
1094 1177 1108 1207 ;

228 1222 262 1254 Θ
275 1221 401 1252 audiant
422 1229 532 1253 omnes·
537 1229 647 1264 gentes
660 1243 667 1251 .
699 1222 744 1253 Bt
764 1218 908 1252 liberatus
924 1215 995 1260 sum
1013 1216 1051 1249 de
1062 1219 1119 1248 ore*
1137 1220 1140 1231 ·

230 1274 341 1304 Leonis
360 1294 367 1301 .
408 1269 469 1304 Per
488 1270 637 1304 Leonem
657 1267 801 1303 omnino
822 1267 982 1313 intelligit
1006 1267 1109 1308 impe·
1137 1278 1140 1285 ⁴

228 1322 370 1354 ratorem
382 1320 567 1354 Neronem.
597 1320 649 1355 Ex
665 1328 733 1361 quo
757 1318 843 1353 lucet
865 1316 955 1352 hunc
977 1317 1012 1352 in
1028 1314 1110 1348 Pau·

228 1371 299 1404 lum
314 1371 447 1404 leonina
469 1371 588 1404 ferocia
611 1369 756 1409 irruisse,
782 1376 879 1412 atque
899 1378 966 1402 tam
989 1364 1141 1401 terribi-f'

230 1421 253 1453 li
268 1445 277 1459 ‚
305 1430 469 1454 utomnes
488 1419 547 1454 fibi
571 1428 775 1459 metuentes,
801 1419 902 1453 etiam
913 1416 1112 1456 fidelissimi,

228 1468 430 1512 Apostolum
441 1469 640 1504 desererent.
669 1468 799 1511 Nempe
821 1469 1046 1509 mancipatum
1061 1466 1112 1500 fir·

229 1530 291 1552 mae
313 1517 491 1553 custodiar.
532 1519 575 1553 Et
601 1528 683 1553 tunc
711 1516 954 1562 Epaphroditus
984 1516 1112 1553 videtur
1142 1525 1143 1529 ¹

228 1569 333 1611 ipsum
359 1567 539 1613 intrepidus
560 1567 718 1603 accessiffe
739 1592 746 1600 .
786 1567 899 1603 Voces
918 1593 930 1608 ,
955 1570 993 1599 In
1011 1564 1143 1609 prima,
1168 1589 1170 1600 .

230 1631 297 1652 mea
322 1617 486 1662 defenfione
506 1643 517 1659 ,
542 1618 701 1654 evincunt
728 1617 868 1652 Paulum
897 1617 1008 1661 saepius
1033 1627 1114 1651 tunc

230 1668 350 1702 stetifle
372 1680 408 1702 ac
431 1669 588 1711 perorasse
610 1669 651 1703 ad
664 1667 809 1703 Neronis
824 1667 1010 1702 Tribunal.
1040 1666 1117 1701 Nec'

233 1719 308 1762 quis
328 1718 494 1752 existimet
514 1719 706 1763 posteriores
726 1718 768 1753 ad
782 1717 1007 1753 Timotheum
1030 1716 1111 1751 litte-

232 1779 285 1802 ras
294 1770 356 1802 esse
366 1769 499 1812 scriptas
519 1781 562 1803 ex
573 1767 711 1805 secunda
731 1768 948 1812 captivitate,
975 1762 1122 1810 ideoque

233 1819 346 1851 &hac
367 1820 481 1852 omnia
504 1817 554 1851 ad·
568 1819 667 1862 ipsam
685 1818 826 1852 referat.
856 1818 920 1853 Eas
934 1818 1029 1853 enim
1054 1817 1123 1851 effe·

233 1869 365 1911 scriptas
374 1868 392 1902 e
403 1868 515 1911 primis
527 1868 667 1901 vinculis
678 1890 688 1906 ,
709 1867 755 1901 est
769 1865 870 1912 longe
880 1867 1093 1902 certiffimum
1106 1888 1121 1906 ‚.

233 1917 267 1950 δε
279 1917 372 1961 poffit
384 1916 491 1953 lucide
506 1915 722 1953 demonstrari
736 1943 743 1950 .

283 1968 338 2002 De
355 1969 457 2012 prima
480 1969 589 2002 Sansti
614 1967 709 2001 Pauli
735 1967 926 2010 captivitate
948 1965 1061 2000 scribit
1082 1966 1116 1999 in

233 2019 379 2053 virorum
411 2018 586 2050 illustr-ium
620 2016 776 2060 catalogo
804 2015 835 2049 S.
860 2015 1089 2057 Hieronymus
1110 2027 1118 2046 ι

237 2068 349 2101 Paulus
358 2065 419 2108 post
433 2066 587 2106 Pafflonem
602 2069 719 2098 Domini
741 2064 874 2110 vigesimo
892 2070 994 2107 quinto
1015 2076 1095 2098 anno
1105 2089 1117 2106 ‚

236 2119 272 2150 id
279 2116 319 2157 est
331 2139 341 2155 ‚
361 2115 487 2159 secundo
498 2119 634 2149 Nerons's
646 2139 656 2155 ,
682 2127 714 2149 eo
725 2123 854 2157 tempore
865 2126 920 2158 quo
932 2114 1035 2154 Festus
1049 2117 1119 2148 Pro-

234 2176 351 2199 curator
355 2167 486 2217 Jl'daeae
496 2163 620 2207 successit
635 2168 749 2205 Felici,
775 2168 902 2198 Romam
915 2165 1038 2198 vincius
1052 2171 1118 2197 mit-

237 2224 311 2250 titur
323 2240 333 2255 ‚
361 2215 556 2251 &biennium
576 2223 609 2248 in
620 2217 716 2249 libera
736 2226 862 2249 manens
887 2213 1037 2255 custodia,
1064 2216 1116 2246 ad-

235 2269 357 2300 versum
373 2267 505 2310 Judaeos
526 2267 658 2308 quotidie
677 2263 847 2309 disputavit
866 2289 872 2296 .
901 2265 943 2298 Et
969 2264 1118 2308 adjungit

235 2319 277 2350 de
289 2318 407 2350 Santio
419 2317 510 2350 Luca
520 2340 530 2356 ,
559 2327 596 2350 ac
610 2327 663 2359 per
677 2316 781 2359 ipsum
792 2316 912 2358 scripto
925 2314 1011 2349 libro
1029 2315 1120 2358 Apo'·

235 2369 428 2401 ilolicorum
440 2367 604 2400 Astuum:
633 2368 713 2407 Ejus
725 2365 843 2405 historia
862 2363 952 2407 usque
972 2366 1017 2397 ad
1033 2364 1119 2397 bien-

237 2426 318 2450 nium
344 2421 447 2450 Romae
467 2420 677 2449 commorantis
700 2415 793 2447 Pauli
807 2419 950 2456 pervenit
971 2438 981 2454 ,
1008 2415 1044 2446 id
1063 2412 1122 2451 est,

234 2467 322 2511 usque
342 2468 388 2500 ad
406 2475 546 2509 quartum
558 2469 690 2499 Neronis
710 2476 841 2498 annum.
871 2464 968 2498 Pauli
988 2464 1119 2507 captivi·

236 2529 284 2552 tas
305 2517 366 2552 fuit
387 2527 466 2551 tunc
490 2515 575 2552 adeo
592 2515 692 2549 libera
706 2540 717 2555 ‚
743 2525 780 2549 ut
802 2526 871 2549 non
893 2515 970 2548 solis
981 2513 1119 2557 Judaeis,

237 2580 298 2602 nec
311 2569 484 2601 dumtaxat
505 2566 539 2599 in
551 2565 837 2600 Trans-Tiberina
860 2564 1035 2610 Regione,
1062 2574 1120 2597 aut

237 2617 300 2651 hac
323 2617 453 2651 vel-ista
467 2616 642 2660 gentilium
662 2616 894 2650 Romanorum
913 2615 1037 2655 domo,
1065 2613 1118 2648 sed

237 2670 269 2700 ὅ(
285 2669 317 2700 in
341 2667 410 2709 ipso
432 2665 578 2699 Neronis
599 2665 721 2709 palatio
742 2665 962 2709 praedicaverit
984 2689 996 2706 ,
1023 2664 1119 2708 pluri-

238 2718 375 2760 mosque
389 2715 559 2750 deduxerit
569 2714 610 2749 ad
621 2714 790 2749 Christum
803 2715 1008 2749 Dominum.
1026 2714 1120 2747 Hinc

239 2778 329 2801 enim
353 2766 463 2800 scribit
483 2767 523 2799 ad
546 2765 795 2809 Philippenses:
823 2766 964 2798 salutant
990 2775 1044 2796 vos
1067 2768 1119 2806 qui

240 2829 349 2851 mecum
359 2816 448 2859 sunt,
469 2815 612 2858 fratres,
639 2817 773 2849 maxime
787 2824 885 2848 autem
906 2814 1007 2856 quide
1017 2812 1119 2856 Caesa-

241 2877 282 2901 ris
295 2870 378 2900 domo
385 2865 454 2909 sunt
469 2890 476 2898 .
505 2866 549 2899 Et
571 2864 688 2899 iterum
703 2879 714 2899 .-
739 2866 816 2899 scire
837 2861 1016 2899 autem'vos
1037 2865 1119 2902 volo,

236 2919 357 2961 fratres
369 2942 380 2958 ,
407 2921 477 2959 quia
493 2927 560 2958 quae
580 2921 655 2951 circa
677 2927 723 2949 me
741 2913 832 2958 sunt,
856 2920 953 2958 magis
971 2914 1017 2946 ad
1021 2913 1116 2955 profe-

168 2976 171 2978 “
238 2965 324 3001 'lium
337 2975 483 3001 venerunt
494 2965 659 3009 Evangelii
670 2989 681 3005 ‚
707 2971 752 2998 ita
763 2974 797 2998 ut
809 2967 932 2999 vincula
947 2975 1014 2997 mea
1024 2969 1120 2996 mani-

237 3017 427 3061 jestafierent
444 3022 477 3049 in
491 3015 604 3055 Christo
626 3021 658 3048 in
679 3022 757 3051 omni
782 3018 947 3054 Praetorio,
973 3016 1007 3048 Θ
1018 3019 1051 3046 in
1064 3024 1118 3046 cae-

243 3076 315 3102 teris
335 3068 469 3101 omnibus
489 3092 499 3107 ,
528 3076 560 3098 ut
582 3066 685 3107 plures
707 3067 723 3099 ἒ
736 3064 893 3106 fratribus
921 3071 953 3097 in
977 3067 1118 3102 Domino,

243 3119 419 3161 confidentes
431 3123 463 3150 in
474 3118 602 3150 vinculis
622 3121 696 3148 meis
710 3138 722 3154 ,
747 3114 953 3147 abundantius
972 3114 1118 3147 auderent

240 3169 299 3208 fine
309 3175 413 3202 timore
422 3168 548 3201 verbum
561 3169 617 3198 Dei
627 3167 719 3208 loqui.
749 3165 833 3198 Haec
854 3164 947 3198 verba
969 3163 1118 3198 altifflme

244 3219 385 3257 clamant
408 3216 607 3263 Apostolum
627 3226 702 3249 toto
729 3214 842 3258 primo³
863 3214 1000 3248 biennio
1027 3214 1119 3249 fuisse

243 3270 335 3302 omni
347 3270 417 3303 urbi
433 3281 499 3302 non
513 3267 684 3301 dumtaxat
696 3275 812 3299 notum
827 3289 836 3302 ‚
862 3263 913 3297 sed
925 3265 958 3298 δι
969 3275 1117 3309 gratum.

245 3319 287 3351 Et
302 3320 428 3353 summo
450 3319 552 3352 frustu
578 3316 775 3360 praedicaffe.
806 3314 932 3348 Verum
957 3314 1121 3349 istalibor·

243 3380 293 3402 ras
307 3379 373 3402 non
387 3379 451 3403 erat
463 3371 481 3410 ,'
498 3368 576 3403 dum
590 3366 702 3411 scripta
714 3367 776 3400 fuit
789 3364 854 3399 haec
874 3364 1009 3409 epistol'a
1021 3390 1028 3397 .
1056 3364 1121 3400 Lu-

1155 199 1172 229 1

1162 273 1214 299 cet
1225 275 1266 298 ex
1280 263 1575 307 sequentibus-ejus
1587 260 1712 297 verbisi
1733 266 1878 307 >¹Quidam
1896 276 1995 303 autem
2005 279 2044 302 ex

1161 319 1343 349 contentione
1356 313 1508 354 christum
1527 318 1713 347 annuntiant
1725 324 1784 347 non
1798 315 1924 358 fini-ere,
1950 317 2048 358 existi-

1244 197 1264 226 s
1368 181 1630 228 XXXVL

1879 202 1973 246 mg

1163 373 1281 398 mantes
1287 364 1453 407 pressuram
1460 363 1495 408 se
1500 363 1647 408 suscitare
1667 364 1801 398 vinculis.
1819 369 1912 397 meir.
1937 367 2052 410 Expo->

1165 415 1214 449 nit
1235 415 1368 453 Sanstus
1382 415 1525 458 Ioannes
1545 413 1805 458 Chrysostomu‘s
1827 425 1835 445 :
1863 414 2050 453 Existiman-

1162 473 1207 498 tes
1215 464 1290 498 mibi
1298 470 1346 498 ita
1367 467 1469 507 majus
1479 466 1640 507 periculum
1660 469 1775 504 creari,
1803 463 1932 497 dolorem
1953 465 2050 498 dolore

1161 516 1314 549 cumulant
1326 539 1333 547 .
1360 519 1385 548 Ο
1397 516 1604 549 crudelitatem
1616 517 1628 549 !
1643 521 1669 550 0
1685 515 1873 549 Diabolicum
1882 520 2023 556 impe-tum
2035 515 2048 550 ,Ξ

1165 565 1302 599 Vindium
1313 565 1472 599 cernebant
1485 590 1496 606 ,
1522 566 1743 609 conjeaumque
1763 571 1798 598 in
1818 575 1989 605 carcerem,
2015 565 2052 598 6

1165 615 1263 655 adbuc
1272 615 1475 657 invidebant,
1499 627 1607 660 augere
1621 615 1708 658 ipsius
1721 617 1928 653 calamitates,
1954 625 1991 647 ac
1999 624 2054 648 ve·

1166 665 1341 698 bementiori
1363 672 1418 699 irae
1433 667 1557 700 reddere
1581 666 1741 700 obnoxium
1762 664 1937 708 cupiebant.
1966 663 2058 699 Uti-⁴

1166 727 1230 758 que
1253 716 1307 749 irae
1320 715 1461 761 Augusti
1485 715 1631 750 Neronis
1652 741 1659 748 .
1692 716 1735 750 Et
1757 727 1799 751 ex
1821 714 1871 749 his
1894 715 2056 749 discimus

1166 765 1251 800 duo.
1281 766 1417 805 Primo,
1442 766 1534 811 quod
1555 767 1663 801 Sansti
1677 765 1771 801 Pauli
1792 765 1897 811 prima
1918 763 2058 808 captivi·.

1168 825 1215 850 tas
1225 816 1386 851 duraverit
1397 816 1479 850 ultra
1491 816 1664 851 biennium
1677 841 1688 857 ,
1715 817 1798 851 ultra
1820 824 1974 858 quartum
1986 813 2057 847 Νε-

1168 866 1257 899 ronis
1281 878 1405 901 annum
1423 892 1432 899 .
1462 860 1536 901 Nec
1560 867 1745 902 adversatur
1765 868 1899 902 Sanetus
1924 865 2032 900 Lucas
2044 877 2059 896 .’

1172 915 1301 950 Etenim
1317 916 1528 952 solummodo
1537 917 1674 952 affirmat
1686 917 1754 961 ejus
1767 916 1904 952 liberam
1917 914 2056 959 captivia

1170 976 1271 1000 tatem
1286 978 1354 1001 non
1376 968 1470 1002 fuiffe
1480 968 1689 1003 ulteriorem.
1721 967 1764 1001 Et
1777 967 1862 1002 ultra
1886 966 1971 1000 hanc
1983 966 2059 999 non'

1169 1016 1319 1052 extendit
1332 1017 1557 1054 suumiibr’um
1572 1043 1579 1050 .
1607 1018 1754 1053 Forsitan
1777 1029 1817 1052 ex
1831 1027 1924 1051 metu
1944 1025 2055 1050 cruen-

1170 1067 1195 1100 ti
1219 1066 1383 1112 Principis
1402 1092 1410 1100 .
1438 1068 1495 1103 Est
1516 1069 1606 1103 euim
1631 1068 1848 1112 periculosum
1871 1065 2058 1101 scriberein

1170 1117 1263 1150 illum
1277 1140 1288 1156 ,
1313 1114 1585 1160 autaeiiio²,qui
1598 1114 1703 1162 potest
1716 1117 1945 1161 proscribere.'>
1963 1114 2062 1150 Hine.
2099 1120 2103 1123 ’

1164 1167 1203 1202 ,δε
1215 1167 1348 1201 Sanstus
1360 1165 1482 1201 Paulus
1502 1168 1538 1201 in
1561 1167 1701 1203 secunda
1723 1167 1764 1201 ad
1777 1165 2059 1202 Thessalonicen*
2103 1176 2105 1179 ·

1165 1218 1218 1263 jses
1227 1217 1387 1260 epistola,
1415 1216 1495 1251 dum
1522 1225 1636 1251 notare
1656 1216 1772 1252 debuit
1791 1217 1985 1251 Romanum
1997 1215 2063 1248 ltn-

1165 1268 1296 1310 'perium
1310 1291 1322 1308 ,
1347 1268 1391 1302 est
1406 1267 1537 1300 locutus
1558 1278 1614 1312 per
1627 1266 1810 1312 AEnigma.
1837 1265 1991 1301 Secundo
2003 1263 2059 1299 di-

1139 1332 1142 1362 3
1168 1317 1290 1352 scimus
1319 1317 1550 1361 Apostolicam
1573 1318 1614 1351 ad
1637 1318 1867 1360 Philippenses
1886 1314 2070 1361 epistolam)

1165 1371 1243 1402 'non
1258 1364 1495 1411 ‘effe-scriptam
1518 1368 1619 1401 tertio
1640 1376 1696 1401 aut
1717 1367 1835 1411 quarto
1848 1365 1995 1399 Neronis
2004 1375 2066 1399 an·-

1167 1429 1218 1463 ³no
1231 1441 1243 1457 ,
1269 1415 1322 1451 sed
1334 1416 1397 1451 effe
1405 1415 1617 1460 posteriorem
1632 1442 1640 1449 .
1668 1417 1724 1451 Est
1736 1417 1827 1451 enim
1840 1416 1954 1459 script*
1966 1413 2070 1458 ecarq

1174 1478 1247 1502 cere
1268 1492 1279 1509 ,
1303 1466 1339 1500 ὄσ
1360 1467 1602 1512 circumscripta
1620 1467 1838 1511 captivitate.
1870 1465 1952 1500 Haec
1978 1473 2066 1508 quot:

1175 1517 1268 1551 annis
1282 1515 1503 1560 perduraverit
1515 1541 1526 1556 ,
1555 1528 1625 1552 non
1636 1517 1753 1560 poffim
1765 1517 1924 1553 affirmare
1934 1541 1942 1550 ,
2066 1554 2068 1556 ,

1167 1561 1171 1566 ’
1224 1566 1483 1614 Qaestio·est',‘
1500 1567 1578 1614 Qa
1599 1564 1770 1602 occasione
1788 1566 1881 1601 Nero
1905 1564 2065 1602 sanetum

1168 1615 1317 1659 Paulum
1330 1616 1371 1651 e'x
1380 1616 1484 1651 libero
1496 1616 1673 1652 Conducto
1683 1617 1860 1661 conjecerit
1872 1616 1907 1650 in
1917 1615 2067 1651 strictum

1168 1668 1337 1701 ‘carcerem
1354 1666 1372 1700 ἐ
1398 1663 1582 1702 Rationem
1604 1666 1707 1703 edicit
1729 1667 1765 1702 in
1789 1668 1884 1701 tertia
1906 1668 2000 1710 super
2019 1667 2065 1699 sea

1141 1718 1145 1750 .'
1168 1716 1320 1751 &cundam
1333 1716 1507 1760 epistolam
1529 1718 1570 1752 ad
1582 1716 1805 1753 Timotheum
1828 1717 1968 1752 homilia
1980 1716 2066 1750 San<

1178 1769 1247 1801 &us
1257 1767 1399 1811 Ioannes
1411 1765 1687 1810 Chrysostonms.
1718 1767 1901 1811 Apostolus
1922 1766 1971 1799 ibi
1995 1765 2069 1800 scri-

1180 1816 1249 1851 bit:
1279 1820 1340 1850 Det
1349 1814 1580 1858 misericordiam
1593 1820 1740 1863 Dominus
1751 1814 1919 1859 onesiphori
1944 1816 2070 1854 domui,

1168 1872 1254 1909 'quia
1262 1864 1345 1908 saepe
1367 1875 1413 1899 me
1432 1865 1653 1910 refrigeravit,
1674 1867 1714 1901 ’Θ
1727 1868 1866 1903 cdtenam
1890 1877 1988 1900 meam
2010 1876 2071 1902 non

1180 1916 1296 1950 erubuit
1313 1940 1324 1956 ,
1346 1913 1404 1958 sed
1422 1918 1488 1950 cum
1501 1920 1628 1949 Romam
1644 1919 1767 1960 veniffet
1780 1942 1790 1959 ,
1806 1916 1933 1960 sblliciti
1943 1927 1990 1949 me
2000 1927 2073 1959 quer

1175 1966 1268 2007 finit,
1295 1967 1478 1999 &invenin
1509 1967 1552 2000 Bt
1564 1968 1697 2000 Sanstus
1708 1963 1849 2010 Ioannes
1867 1974 2073 2003 commenta-n

1182 2026 1234 2048 tur
1248 2027 1256 2048 ε
1283 2016 1373 2048 Certi²
1385 2027 1421 2048 ea
1433 2026 1480 2048 res
1491 2025 1557 2049 erat
1562 2017 1658 2058 plena
1663 2019 1806 2059 periculis
1819 2038 1827 2049 t
1857 2016 1976 2050 Paulus
1983 2021 2072 2050 enim

1182 2063 1331 2107 infhnsum
1342 2072 1410 2098 tunc
1423 2064 1552 2098 babebat
1562 2070 1713 2101 Neronem
1722 2093 1732 2109 ,
1759 2069 1842 2111 quod
1860 2070 2020 2112 quemdam
2029 2079 2071 2102 en

1176 2114 1386 2157 familiaribus
1396 2118 1462 2157 ejus
1469 2117 1543 2160 fidei
1563 2128 1598 2150 ac
1610 2119 1755 2163 Religioni
1768 2120 1919 2162 Junxiffet
1927 2144 1935 2151 .
1965 2118 2070 2154 Istum

1184 2165 1375 2200 familiarem
1385 2167 1488 2200 edicit
1509 2167 1543 2201 in
1559 2169 1803 2215 quadragesima
1818 2171 1907 2204 sexta
1927 2168 2071 2204 homilia

1186 2217 1275 2259 super
1286 2217 1388 2250 Astus
1403 2216 1640 2260 Apostolorum
1655 2232 1662 2251 :
1691 2216 1805 2253 Paulus
1818 2221 1928 2256 dicitur
1934 2218 2070 2264 salutas-

1180 2264 1212 2307 se
1224 2270 1357 2299 Neronis
1382 2269 1586 2301 Pocillatorem
1599 2293 1610 2308 ,
1635 2269 1669 2302 θ
1687 2269 1889 2304 Concubitum
1900 2297 1907 2304 .
1935 2273 2070 2315 ,Quanta

1181 2322 1300 2357 putatis
1309 2325 1412 2349 contra
1431 2318 1512 2350 illum
1520 2326 1641 2360 propter
1652 2318 1705 2353 boc
1729 2321 1811 2353 dieta
1829 2322 1880 2364 esse
1893 2322 1910 2353 .?
1934 2323 1998 2355 Sed
2006 2331 2066 2353 non

1177 2365 1255 2406 just?
1269 2389 1275 2396 .
1301 2370 1387 2399 Nam
1392 2365 1422 2408 fi
1428 2368 1545 2408 quidem
1557 2368 1590 2401 ob
1601 2367 1760 2409 lasti-viam
1766 2369 1919 2414 salutasset
1929 2396 1940 2412 ,
1965 2372 2017 2405 vel
2030 2369 2066 2404 ob

1184 2417 1265 2448 mala
1283 2424 1373 2458 opera
1391 2440 1402 2457 ‚
1428 2420 1533 2451 merito
1552 2431 1566 2459 ;
1586 2417 1617 2460 fi
1632 2430 1732 2453 autem
1751 2421 1786 2454 ob
1803 2422 1916 2455 retiam
1938 2428 2038 2455 vitam
2054 2443 2066 2463 ,

1184 2465 1302 2507 quare?
1328 2465 1467 2508 Paulus,
1495 2467 1575 2501 dum
1593 2471 1626 2503 in
1648 2470 1754 2504 libero
1775 2471 1914 2516 degebat
1927 2471 2067 2507 Condu-

1184 2517 1234 2548 ἃο
1254 2539 1265 2555 ,
1291 2517 1472 2558 penetravit
1495 2517 1602 2561 ipsum
1625 2518 1790 2554 Palatium
1812 2545 1823 2561 ,
1852 2523 2001 2565 ipsosque
2022 2521 2065 2556 ad

1185 2566 1321 2599 intimos
1344 2566 1534 2602 Palatinos:
1564 2568 1675 2603 Etiam
1695 2571 1736 2605 ad
1749 2570 1912 2616 Principis
1933 2572 2065 2606 Concu-

1185 2616 1295 2649 binam
1307 2641 1314 2649 .
1342 2617 1386 2651 Et
1397 2615 1478 2651 hinc
1489 2618 1575 2661 apud
1586 2619 1722 2654 aemuios
1734 2621 1797 2655 fuit
1810 2631 1945 2656 vocatus
1969 2623 2004 2656 in
2017 2623 2065 2656 su·

1184 2666 1362 2709 spicionem
1374 2691 1381 2699 .
1411 2667 1455 2702 Et
1466 2667 1501 2703 iu
1523 2665 1663 2708 homilia
1677 2670 1718 2704 de
1730 2671 1906 2715 Evangelii
1919 2673 2063 2714 profesta

1184 2717 1269 2749 idem
1285 2715 1544 2760 chrysostomus
1563 2720 1674 2753 scribit
1695 2720 1737 2754 de
1756 2721 1893 2762 epistola
1915 2720 1958 2754 ad
1985 2719 2065 2753 Phi-

1182 2767 1342 2810 lippenses
1364 2779 1373 2800 ι
1402 2769 1559 2800 Sciendum
1584 2768 1623 2808 est
1644 2792 1656 2807 ,
1682 2774 1715 2799 in
1741 2779 1795 2810 quo
1812 2769 1892 2808 statu
1917 2778 1988 2803 runc
2011 2780 2062 2803 res
2077 2769 2161 2799 Tom-
2176 2778 2202 2805 5·

1183 2817 1270 2850 Pauli
1289 2817 1376 2860 essent
1388 2841 1399 2857 ‚
1424 2818 1489 2850 ciam
1508 2816 1560 2857 hec
1576 2815 1734 2859 sbriberet.
1763 2820 1948 2861 ,Quommodo
1969 2824 2062 2863 igitur
2078 2811 2164 2840 Hom·
2187 2820 2233 2845 ²⁷·

1181 2876 1250 2899 tunc
1259 2866 1366 2909 agebat
1380 2868 1392 2899 ?
1420 2871 1457 2898 In
1468 2877 1581 2899 carcere
1591 2876 1658 2900 erat
1670 2891 1680 2907 ,
1709 2873 1740 2900 in
1748 2874 1864 2901 catenis
1877 2894 1887 2910 ‚
1915 2871 2061 2913 &gravi-

1180 2918 1234 2950 bus
1243 2918 1384 2958 periculis
1395 2942 1402 2947 .
1431 2916 1554 2951 Firmat
1564 2915 1629 2951 hoc
1638 2928 1679 2951 ex
1693 2917 1751 2962 issa
1762 2918 1897 2961 epistola
1910 2943 1921 2959 ,
1949 2920 2061 2954 laudat

1180 2968 1248 3009 ejus
1261 2967 1356 3001 verba
1368 2966 1410 3001 de
1423 2967 1598 3011 Evangelii
1611 2967 1756 3011 profesta
1780 2970 1881 3013 usque
1900 2970 1942 3004 ad
1954 2971 2060 3013 ipsum

1183 3018 1372 3053 Praetoriutn
1383 3042 1394 3059 ,
1422 3028 1460 3050 ac
1474 3018 1580 3062 pergit
1594 3030 1601 3049 z
1630 3022 1713 3050 Nero
1722 3024 1802 3051 enim
1812 3029 1877 3052 eum
1895 3026 1926 3053 in
1938 3021 2060 3053 vincula

1180 3071 1342 3110 conjecerat
1363 3093 1369 3099 .
1408 3069 1532 3109 ,Quippe
1566 3069 1927 3112 quemadmodum-predo
1948 3072 2059 3111 aliquis

1182 3121 1299 3152 domum
1320 3116 1431 3152 cum‘iis
1451 3118 1665 3151 dormientibus
1687 3118 1825 3163 ingreffus
1846 3143 1857 3159 ,
1881 3129 1915 3153 ut
1936 3120 2060 3162 auferat

1181 3175 1299 3208 omnia,
1320 3167 1350 3210 fi
1355 3179 1441 3210 quem
1458 3169 1572 3201 viderit
1590 3169 1750 3202 accendere
1770 3172 1949 3211 candelam,
1975 3171 2060 3204 illum

1182 3231 1249 3252 mox
1260 3223 1425 3257 interimit,
1452 3228 1485 3250 ut
1495 3219 1595 3252 lumen
1615 3217 1782 3263 exstinguat
1795 3245 1805 3259 ,
1831 3231 1863 3254 ut
1885 3220 2003 3262 auferre
2026 3223 2061 3255 ὁ·

1182 3278 1285 3312 rapere
1296 3271 1358 3302 alia
1375 3267 1482 3311 absque
1505 3278 1583 3302 metu
1591 3269 1695 3311 poffit;
1721 3276 1767 3302 ita
1786 3271 1820 3304 ἐν
1833 3274 1917 3304 Nero
1936 3280 2007 3304 tunc
2017 3265 2062 3304 ia'-

1184 3330 1296 3353 tronem
1318 3321 1352 3353 (5
1355 3318 1457 3360 furem
1468 3319 1626 3359 quemdam
1636 3330 1726 3363 agens
1739 3345 1746 3359 ,
1774 3321 1991 3354 dormientibus
2004 3333 2064 3355 om-

1185 3370 1291 3411 nibus,
1314 3368 1788 3414 profundoquefhmnogravatis
1804 3395 1814 3410 ,
1841 3376 1969 3404 omnium
1987 3369 2065 3404 bona

1947 3423 2018 3454 dir!-
