2346 3724
693 138 736 183 C

806 155 834 182 Λ
904 154 928 182 Ρ
999 152 1015 183 1
1086 154 1111 181 T

231 224 360 256 &arunt
385 221 417 255 se
441 219 557 254 Romae
582 216 728 254 Nicolao
751 220 908 255 Pontifici
935 219 1116 255 commini-

230 271 380 307 straffe&
391 268 652 305 communicasse.
680 270 847 304 Sacerdoti
858 271 941 306 olim
956 295 967 311 ,
980 270 1114 312 Episco-

228 334 275 367 po
294 319 467 366 praesertirn
492 344 503 360 ,
530 319 753 364 Metropolitae
773 345 784 361 ,
810 332 866 356 aut
894 319 1110 360 Patriarchae,

236 370 424 407 solemniter
440 367 632 410 celebranti,
660 381 729 404 non
755 371 980 405 unustantum
992 371 1113 404 Diaco—

235 432 299 457 nus
319 421 352 454 δε
367 419 594 455 Subdiaconus
606 431 682 454 curn
694 421 795 455 unico
810 420 970 455 assistente
982 419 1119 463 Presby-

237 481 309 506 tero
332 471 364 503 &
376 470 501 512 aliquot
521 471 704 505 minoribus
717 471 854 505 Clericis
868 470 1095 505 ministrabant
1106 492 1117 510 ,

237 519 402 556 sedetiam
417 530 532 555 omnes
553 522 715 565 peregrini
730 520 883 564 Episcopi
898 546 908 560 ‚
936 519 1119 564 Presbyteri

239 581 277 604 ac
303 569 471 610 Diaconi,
498 572 669 614 praesertim
693 571 749 614 qui
769 572 870 605 essent
891 572 1021 605 suorum
1040 570 1121 613 Epi*

239 621 413 665 scoporum
435 629 491 654 aut
512 620 727 654 Ecclefiarum
746 621 862 666 Legati
886 621 938 655 vel
952 621 1122 664 Apocrisa-

238 671 279 705 rii
305 696 311 703 .
340 670 519 714 Episcopus
540 694 552 711 ‚
577 670 792 714 Metropolita
815 695 826 711 ,
853 670 1039 706 Patriarcha
1067 670 1120 705 ad-

239 732 359 755 venam
375 721 571 764 Episcopum
583 745 594 761 ,
607 721 858 764 Metropolitarn
871 746 881 760 ‚
896 720 1122 756 patriarcham

239 769 402 804 invitabat
422 770 462 804 ad
490 771 695 805 offerendum
722 774 780 805 suo
808 771 884 805 loco
910 773 942 806 δι
961 771 1126 806 celebran-

238 820 322 855 dum
334 834 345 854 .-
373 820 559 855 Patriarcha
571 830 679 855 autem
690 815 923 865 Metropolitas
937 846 947 862 ,
960 823 1125 866 Metropo-

241 871 302 905 lita
315 871 494 914 Episcopos
506 871 679 905 dumtaxat
698 870 738 904 ad
750 872 806 905 sibi
822 871 1075 906 ministrandum
1089 873 1121 905 in

240 920 407 954 Sacrificio
427 945 438 961 ,
473 920 507 953 ἀ
528 921 635 957 seeum
659 922 903 964 procedendum
929 946 937 954 .
970 922 1121 955 Eundem

239 968 402 1005 honorem
423 971 604 1013 Episcopus
629 970 792 1005 deferebat
819 971 999 1015 peregrinis
1023 970 1125 1004 Cleri-

240 1021 303 1054 cis.
333 1021 376 1055 Et
399 1021 475 1064 quia
488 1020 605 1053 Romae
625 1022 778 1056 omniurn
800 1018 1069 1055 Patriarchaliurn
1089 1032 1127 1054 ac

237 1071 378 1105 aliarum
405 1069 564 1111 majorum
597 1069 813 1104 Ecclesiarum
850 1069 961 1112 passim
988 1069 1121 1104 aderant

239 1119 440 1162 Apocrisarii
465 1127 522 1152 aut
544 1118 684 1163 Legati,
713 1118 909 1163 procedebat
931 1121 966 1154 δε
991 1119 1126 1154 celebra:

239 1169 295 1204 bat
308 1168 418 1212 paffim
430 1167 589 1201 Pontifex
601 1180 676 1203 cum
698 1180 824 1214 magno
845 1181 983 1204 numero
997 1171 1126 1214 Episco-

238 1229 356 1263 porum
380 1218 414 1252 ὅ(
429 1217 655 1260 Clericorum‚
683 1218 873 1263 &ipsorum
898 1222 1035 1264 quisque
1058 1221 1128 1264 jux-

238 1278 272 1303 ta
286 1267 432 1303 Ecclefiae
443 1277 498 1302 aut
509 1267 628 1312 gradus
651 1269 699 1302 sui
709 1268 907 1314 dignitatem
921 1268 1061 1305 habebat
1082 1271 1128 1304 lo·

236 1330 314 1352 cum
327 1343 334 1351 .
361 1318 453 1351 Hinc
466 1318 846 1363 Constantinopolitanae
869 1332 907 1355 ac
921 1321 1125 1356 Ravennatis

236 1369 388 1403 Ecclefiae
400 1368 538 1402 Clericis
559 1368 670 1406 locum
694 1381 790 1413 quam
812 1379 908 1405 antea
933 1371 1123 1416 digniorem

238 1419 334 1454 fuisse
343 1419 361 1452 ὲ
372 1418 402 1452 se
414 1418 608 1453 attributum
621 1419 760 1453 affirmat
772 1421 906 1455 Sanetus
919 1421 1101 1465 Gregorius
1121 1446 1128 1453 .

237 1469 285 1503 Et
299 1468 365 1502 hoc
378 1480 455 1502 cum
469 1468 558 1512 Papa
571 1469 789 1503 ministerium
805 1482 874 1505 erat
888 1471 1020 1517 integrae
1033 1481 1131 1515 atque

238 1517 462 1554 immaculata:
482 1519 731 1553 communionis
751 1521 972 1566 irrefragabile
986 1522 1130 1556 testimo-

237 1568 337 1604 nium
361 1593 370 1600 .
408 1567 594 1615 Rectiffirne
616 1570 797 1613 appellatur
823 1571 980 1615 processio
1001 1596 1009 1604 .
1048 1571 1128 1614 Ejus

238 1620 331 1654 enim
343 1618 517 1653 exordium
530 1620 584 1654 seu
598 1619 751 1654 introitus
761 1621 844 1656 olim
855 1621 920 1655 fuit
937 1644 948 1661 ,
967 1633 1005 1656 ac
1017 1622 1131 1656 etiam·

237 1680 323 1705 num
345 1667 393 1703 est
415 1668 647 1704 solemniffima
670 1670 911 1707 pontificaliter
934 1673 1043 1706 ornati
1056 1671 1130 1715 Epi-

238 1719 330 1763 scopi
351 1729 428 1752 cum
442 1718 598 1754 omnibus
618 1721 648 1756 ei
663 1721 925 1756 ministrantibus
937 1721 977 1756 de
989 1722 1130 1756 Bafflicae

240 1768 422 1805 Secretario
435 1769 476 1804 ad
488 1769 604 1805 Altare
616 1772 772 1813 proceffio
781 1796 792 1812 ‚
815 1773 1044 1815 repraesentans
1055 1771 1131 1806 ado-

239 1818 383 1854 randum
395 1818 483 1851 illius
494 1841 505 1857 ‚
514 1830 576 1861 qua
588 1821 756 1855 Dominus
771 1822 879 1855 noster
892 1821 1028 1864 JESUS
1038 1820 1132 1855 Chri·

240 1868 311 1903 stus
334 1868 484 1903 &secreto
495 1868 561 1902 Dei
573 1868 681 1901 Patris
701 1870 772 1901 finu
795 1880 850 1910 per
862 1869 1129 1904 Incarnationem

240 1919 334 1954 fliam
356 1926 525 1960 tamquam
548 1917 692 1958 plurimo
717 1918 906 1952 Sanstorurn
920 1917 1128 1963 Angelorum

240 1967 427 2003 ministerio
438 1966 573 2007 stipatus
586 1964 721 2005 sponsus
736 1964 886 2006 processit
899 1965 932 1997 in
947 1968 1108 1998 mundum
1118 1989 1129 2006 ,

241 2013 457 2061 proceffionis
478 2012 673 2055 mysterium
691 2039 699 2045 .
729 2014 832 2047 Graeci
862 2014 984 2057 semper
1007 2013 1133 2049 habue-

242 2074 322 2101 runt
342 2064 463 2108 duplex
473 2062 689 2098 offertorium
701 2089 712 2105 ,
739 2064 774 2098 ἀι
787 2064 915 2108 utrique
935 2064 1131 2099 addiderunt

242 2118 335 2152 suam
348 2114 585 2159 processionem
598 2138 606 2147 .
635 2112 691 2147 Ab
704 2112 793 2149 hisce
815 2114 933 2149 ritibus
956 2124 1064 2151 totum
1078 2127 1132 2150 no·

244 2166 348 2202 strum
359 2164 562 2203 Sacrificium
584 2165 719 2209 antiqua
745 2163 977 2199 Christianitas
997 2166 1133 2210 appella-

243 2217 293 2251 vit
313 2215 567 2259 proceffionem.
594 2216 696 2251 Hanc
716 2214 827 2252 laudat
849 2214 905 2252 hic
931 2217 1106 2263 Septimius
1123 2241 1136 2259 ‚

243 2267 451 2308 affirmatque
472 2276 514 2299 ex
536 2265 622 2299 avita
645 2265 782 2301 Patrum
804 2265 974 2310 disciplina
995 2270 1134 2314 effegra-

243 2328 318 2352 vem
343 2325 443 2361 atque
464 2314 665 2350 modestam.
693 2316 750 2350 Est
771 2317 860 2351 enim
885 2316 1030 2353 nobilior
1041 2331 1133 2363 pars,

242 2367 278 2402 δε
289 2367 378 2411 quasi
390 2365 499 2401 anima
525 2366 629 2403 totius
650 2366 766 2403 nostras
777 2367 1006 2404 Ecclesiasticus
1025 2368 1135 2414 Appa-

243 2427 352 2452 nturae
366 2442 374 2450 .

297 2467 342 2502 Et
358 2466 603 2513 hincintellige
624 2469 713 2513 quod
738 2468 880 2513 &quale
895 2470 1018 2505 crimen
1042 2480 1136 2505 notet

244 2515 282 2552 in
297 2517 446 2552 sermone
463 2517 506 2552 de
522 2518 633 2563 Lapsrs
653 2521 787 2554 Sanetus
804 2521 1008 2564 Cyprianus:
1035 2525 1071 2555 In
1083 2522 1134 2555 sa-

244 2566 412 2600 cerambus
433 2577 491 2600 non
514 2569 627 2612 Religio
638 2571 761 2603 devota.
791 2571 975 2606 Decianam
994 2573 1136 2615 persecu-

245 2618 376 2651 tionem
390 2617 528 2652 affirmat
541 2618 633 2652 fuiffe
647 2620 813 2655 Divinum
837 2620 1002 2664 peccantis
1023 2622 1135 2656 Eccle-

245 2666 295 2701 siae
306 2665 475 2711 flagellum
486 2690 498 2707 ,
525 2667 558 2701 &
570 2678 776 2710 peccatorum
789 2671 923 2705 istorum
936 2682 1042 2705 unum
1062 2671 1134 2705 fuis-

245 2717 279 2750 se
291 2740 302 2756 ,
329 2716 419 2760 quod
431 2716 641 2752 Sacerdotum
666 2719 702 2752 ὅ(
713 2719 918 2754 Clericorum
930 2721 965 2754 in
978 2720 1135 2757 Ecclesia-

246 2765 326 2800 stica
338 2766 535 2810 Apparitura
547 2769 702 2811 proceffio
712 2780 781 2803 non
803 2770 911 2804 fuiffet
926 2771 1072 2805 modesta
1092 2773 1135 2807 sa-

246 2815 288 2850 tIs
298 2816 332 2850 &
344 2815 462 2850 devota
472 2841 480 2850 .
507 2818 632 2853 Imitari
644 2829 777 2862 oportet
786 2818 952 2865 Magnum
966 2820 1134 2863 Basiliam,

245 2866 305 2910 qui
326 2864 476 2901 laudatur
498 2875 589 2902 tanta
599 2866 770 2913 disciplina
783 2871 935 2915 peregisse
946 2870 1071 2905 Divina
1085 2873 1133 2906 of-

244 2916 346 2958 ficia,
371 2924 407 2950 ut
428 2916 572 2960 ipsorum
592 2920 763 2964 conspectu
775 2919 965 2965 stupefactus
989 2932 1027 2955 ac
1045 2922 1132 2955 terri-

245 2974 298 3002 tus
318 2967 499 3011 Imperator
521 2967 644 3003 Valens
664 2993 675 3010 ,
700 2969 852 3005 omniurn
872 2969 1127 3006 Catholicorum

245 3015 486 3061 Episcoporum
497 3017 734 3054 crudelissimus
753 3029 884 3064 propter
897 3019 972 3059 Arii
993 3020 1132 3056 haerefim

243 3067 454 3110 persecutor,
480 3066 568 3102 hunc
579 3068 643 3103 fere
655 3070 761 3103 solnm
773 3081 843 3106 non
862 3071 1051 3113 vexaverit,
1076 3071 1129 3106 sed

245 3115 480 3153 fueritsumme
497 3128 685 3154 veneratus.
714 3119 809 3155 Hinc
833 3121 867 3155 δε
890 3120 1131 3156 ministrantem

248 3165 310 3199 fibi
334 3167 548 3211 Diaconum,
574 3167 664 3214 quod
686 3169 827 3205 adstanti
850 3171 993 3205 foeminae
1012 3171 1130 3206 fixisset

247 3215 383 3250 oculum
403 3242 415 3258 ,
446 3218 638 3264 degradavit
662 3218 751 3254 idem
771 3220 909 3256 Basilius
928 3245 936 3254 .
976 3221 1021 3255 Et
1041 3220 1131 3256 hunc

249 3263 321 3307 eius
344 3266 485 3309 rigorem
510 3267 616 3312 ample
638 3269 751 3304 laudat
771 3271 806 3303 in
830 3270 902 3314 ejus
923 3270 990 3304 vita
1002 3272 1132 3306 Sanctus

248 3311 524 3356 Amphilochius.
551 3318 689 3363 Spiritus
709 3319 820 3355 Sanffi
841 3321 876 3355 in
896 3320 1001 3355 Miffae
1023 3321 1130 3356 Cano·

245 3373 292 3397 ne
305 3362 482 3400 adventum
495 3391 506 3408 ‚
531 3369 712 3413 factamque
731 3371 773 3405 ab
792 3370 863 3415 ipso
874 3370 1130 3406 Eucharisticam

247 3414 528 3453 wnsecratiooem
537 3420 734 3463 cognoscere
754 3431 798 3455 ex
818 3420 931 3466 aliquo
952 3421 1074 3456 visibili
1097 3422 1130 3456 fi·

348 3463 462 3505 christ.
474 3468 552 3510 Lupi
562 3472 662 3510 Opera
672 3473 709 3504 Τ.
719 3472 780 3505 lX.

1180 151 1196 183 1
1267 153 1287 183 s
1406 138 1618 184 XLIIE

1907 158 1999 204 373

1180 230 1272 264 gno,
1300 218 1424 252 Sanctis
1436 218 1518 253 olim
1530 217 1778 262 Sacerdotibus,
1805 233 1886 267 quos
1897 223 1981 260 inter
2004 226 2067 261 Ba.

1179 270 1267 302 silius
1281 293 1291 308 ‚
1317 268 1380 302 fuit
1391 269 1474 303 olim
1485 269 1666 303 familiare.
1694 269 1782 305 Istud
1793 272 1955 310 Divinum
1970 276 2065 310 bene-

1181 320 1292 354 ficium
1316 319 1526 362 interpolavit
1556 318 1740 362 impudicus
1761 321 1904 357 Diaconi
1925 327 2064 367 oculus,

1181 371 1322 413 ideoque
1346 367 1580 414 degradatione
1601 370 1664 403 fuit
1686 370 1826 404 omnino
1846 372 1977 416 dignus.
2009 375 2065 410 Ab

1183 420 1247 453 illis
1267 420 1356 453 enim
1371 444 1382 460 ,
1408 421 1464 462 qui
1487 421 1527 454 ad
1550 420 1707 454 formosas
1732 420 1889 455 videndas
1901 424 1997 458 facies
2012 425 2067 459 ad-

1182 479 1283 511 eunt,
1312 470 1467 503 Ecelefias
1487 471 1567 504 verti
1589 470 1621 503 in
1645 470 1805 504 fornicem
1833 482 1889 505 aut
1910 472 2065 515 lupanar,

1182 521 1215 554 δε
1228 519 1374 563 quemvis
1386 520 1569 554 istiusmodi
1581 521 1766 563 adspetstum
1781 522 1842 554 effe
1862 521 1935 555 istic
1947 522 2068 557 lethale

1184 571 1305 604 crimen
1330 594 1340 610 ,
1374 569 1558 604 constanter
1579 571 1718 605 affirmat
1754 572 1886 605 Sanctus
1926 573 2069 615 Ioannes

1185 620 1439 663 Chrysostomus
1459 646 1467 655 .
1503 621 1547 654 Et
1570 621 1663 654 suurn
1686 621 1788 655 etiam
1811 621 2000 656 Diaconum
2026 622 2072 656 ob

1185 671 1269 704 istud
1279 670 1470 714 degradavit
1482 695 1489 702 .
1520 672 1643 704 Nescio
1655 682 1754 714 quem
1767 671 1933 706 Clericurn
1947 698 1958 714 ,
1982 670 2072 716 quod

1186 722 1274 764 vagis
1298 722 1331 754 in
1354 721 1494 754 Ecclesia
1517 721 1593 755 esset
1605 722 1731 761 oculis,
1760 732 1939 765 numquam
1962 724 2072 757 secum

1186 771 1219 803 in
1241 770 1302 804 hac
1326 772 1521 814 Apparitura
1544 771 1684 814 permisit
1705 772 1901 815 procedere,
1927 783 1965 806 ac
1985 771 2074 806 foede

1188 818 1360 863 postmodo
1381 821 1569 863 apostatasse
1590 821 1724 855 testatur
1746 822 1780 855 in
1806 822 1913 864 primo
1936 822 2075 870 Officio·

1188 882 1256 904 rum
1279 871 1364 904 libro
1387 871 1519 905 Sanetus
1542 870 1746 906 Ambrosius.
1774 871 1996 915 Martyrium,
2022 883 2076 905 ne·
2094 877 2167 915 Cap·
2187 880 2233 908 18.

1189 922 1253 954 scio
1266 921 1357 963 cujus
1371 922 1405 954 in
1420 921 1579 965 AEgypto
1591 923 1734 956 civitatis
1746 922 1945 966 Episcopum
1957 949 1967 964 ,
1984 921 2076 966 quod

1188 970 1244 1004 sub
1255 970 1387 1004 Divinis
1396 972 1515 1006 officiis
1524 971 1691 1016 colloquia
1704 973 1905 1015 permitteret
1926 973 2051 1016 populo
2063 998 2076 1015 ‚

1188 1021 1483 1064 acipsem'isceret,
1510 1021 1549 1056 de
1560 1023 1728 1057 temeraria
1742 1022 1876 1056 audacia
1904 1035 1941 1057 ac
1965 1024 2072 1057 Evan-

1188 1072 1266 1114 gelii
1291 1071 1553 1113 praevaricatione
1577 1083 1671 1107 notat
1683 1074 1818 1107 Sanctus
1831 1073 1966 1107 lfidorus
1981 1073 2079 1107 Pelu-
2120 1111 2124 1117 ¹

1189 1121 1284 1166 siotes
1297 1145 1304 1152 .
1332 1121 1388 1156 Ut
1399 1122 1488 1155 enim
1502 1122 1652 1156 adversus
1665 1134 1801 1157 omnem
1821 1134 1943 1157 vanum
1955 1124 2081 1168 cogita·
2096 1111 2157 1170 Pb·
2177 1123 2202 1141 ¹·

1189 1180 1258 1204 tum
1271 1170 1421 1205 obserato
1443 1171 1552 1205 cordis
1562 1171 1650 1207 ostio
1668 1184 1799 1206 oremus
1821 1171 1950 1207 Patrem
1967 1198 1977 1213 ,
2004 1173 2082 1218 rigi·
2098 1160 2206 1192 *²9¹⁴*

1189 1219 1374 1267 demandat
1399 1221 1618 1265 Evangelium
1633 1247 1640 1254 .
1669 1222 1771 1268 Quod
1795 1223 1902 1265 ipsum
1914 1223 2032 1256 vitium
2046 1224 2080 1255 in

1190 1270 1448 1315 Theophylasto
1481 1270 1667 1306 Patriarcha
1701 1271 2081 1315 Constantinopolitano

1189 1321 1299 1364 culpat
1312 1320 1474 1365 Georgius
1485 1320 1668 1356 Cedrenus.
1698 1320 1940 1355 Wilderaldum
1955 1322 2081 1366 Argen·

1190 1370 1352 1405 tinensem
1374 1371 1574 1414 Episcopum
1588 1396 1598 1411 ,
1626 1370 1716 1415 quod
1741 1372 1775 1404 in
1792 1372 1927 1406 solemni
1940 1371 2081 1406 Pontifi-

1190 1420 1252 1455 cali
1268 1420 1366 1456 Missa
1387 1431 1575 1456 cantaturus
1598 1446 1609 1461 ‚
1638 1425 1706 1455 Pax
1731 1420 1905 1465 vobiscum,
1932 1423 2082 1456 Hem-ico

1192 1470 1335 1506 secundo
1356 1471 1548 1516 Imperatori
1576 1471 1754 1515 petulanter
1792 1472 1938 1506 arrifisset
1972 1495 1984 1511 ‚
2022 1483 2085 1507 eo-

1192 1521 1267 1555 dem
1289 1520 1343 1555 die
1367 1521 1461 1556 fuistis
1482 1522 1662 1565 percussum
1684 1522 1703 1555 a
1721 1521 1847 1556 Divina
1871 1521 2020 1565 Iustitia,
2046 1533 2085 1556 ac

1192 1570 1368 1606 infeliciter
1383 1571 1565 1606 extinfium
1580 1596 1591 1611 ‚
1616 1571 1727 1606 scribit
1738 1573 1772 1605 in
1788 1571 1895 1606 Sanffi
1917 1572 2086 1606 Heriberti

1193 1621 1402 1656 Coloniensis
1426 1620 1700 1665 Archi-Episcopi
1725 1622 1791 1656 vita
1807 1622 2004 1656 venerabilis
2017 1622 2085 1656 Ru·
2103 1611 2177 1650 0²1³·
2197 1611 2245 1640 ¹⁸·

1193 1681 1301 1715 pertus
1322 1671 1435 1705 Abbas
1458 1671 1670 1708 Tuitiensisi.
1709 1670 1820 1717 Regni
1849 1673 1898 1707 sui
1925 1671 2059 1706 Clerum
2074 1698 2087 1714 ,

1193 1722 1282 1764 quod
1304 1721 1344 1755 ad
1363 1721 1488 1757 Divina
1510 1722 1620 1755 officia
1632 1746 1642 1761 ,
1671 1732 1740 1756 non
1755 1722 1843 1766 quasi
1863 1721 1904 1756 ad
1919 1721 2087 1756 coelestem

1193 1771 1416 1806 psalmodiam
1448 1795 1460 1811 ,
1486 1772 1539 1805 sed
1562 1772 1651 1813 quasi
1671 1771 1714 1804 ad
1741 1772 1844 1805 lusum
1869 1772 2089 1812 conveniret,

1194 1819 1376 1866 graviffime
1388 1819 1494 1862 arguit
1507 1842 1518 1858 ‚
1544 1830 1581 1852 ae
1601 1818 1793 1862 rigidissime
1814 1820 2001 1854 reformavit
2025 1820 2091 1854 Ed-

1195 1880 1289 1914 gatus
1300 1869 1375 1902 Rex
1388 1867 1577 1911 Anglorum
1590 1893 1597 1899 .
1625 1868 1865 1901 Sanstiffimum
1878 1870 1998 1911 optimi
2024 1870 2092 1904 Re-

1195 1920 1246 1963 gis
1261 1918 1412 1951 Edictum
1422 1916 1527 1949 exstat
1539 1916 1625 1959 apud
1638 1915 1800 1950 Alredum
1821 1915 1986 1952 Abbatem
2011 1918 2092 1953 Rie-

1196 1966 1373 1999 vallensem
1388 1989 1396 1996 .
1434 1964 1619 2010 Rogerium
1641 1964 1911 2002 Saresberiensem
1941 1967 2086 2009 Episco-

1196 2024 1296 2058 pum,
1323 2012 1413 2058 quod
1426 2014 1577 2050 indevote
1602 2016 1886 2061 &praecipitanter
1909 2017 2088 2054 celebraret

1197 2065 1350 2105 Missam,
1376 2075 1472 2110 atque
1492 2066 1554 2101 ista
1577 2078 1644 2102 arte
1666 2067 1707 2102 ab
1719 2067 1870 2104 Henrico
1894 2069 2002 2112 primo
2014 2069 2087 2104 An·
2126 2107 2132 2113 ,

1196 2114 1326 2160 glorum
1340 2115 1432 2159 Rege
1445 2118 1606 2152 meruisset
1622 2119 1857 2162 Episcopatum
1872 2143 1883 2159 ‚
1910 2120 1995 2154 male
2015 2130 2084 2155 tan·
2103 2107 2162 2164 Pb*
2182 2119 2211 2140 ¹·

1197 2166 1271 2199 dem
1283 2165 1406 2208 periisse
1427 2166 1629 2203 demonstrat
1651 2168 1850 2205 Guilielmus
1873 2168 2084 2215 Neubrigen-
2099 2158 2164 2219 ἰῗξ
2182 2153 2215 2217 ξ

1198 2215 1254 2252 fis·
1280 2216 1391 2253 Etiam
1406 2216 1614 2255 Bomfacium
1627 2230 1754 2255 nonum
1767 2220 1981 2262 Pontificem,
1993 2221 2083 2265 quod
2099 2238 2167 2269 cap.
2184 2239 2232 2259 ω.

1200 2269 1349 2305 submifl'a
1367 2282 1447 2305 voce
1468 2270 1656 2314 loqueretur
1677 2281 1752 2305 cum
1773 2269 1916 2305 Praelatis
1934 2295 1946 2312 ,
1971 2271 2084 2315 culpat

1155 2364 1157 2368 Ι
1176 2250 1430 2356 ¹Theodoricus
1455 2321 1474 2355 a
1497 2321 1598 2355 Niem
1619 2346 1628 2353 .
1655 2321 1700 2356 Et
1721 2320 1806 2355 inter
1825 2321 1979 2356 articulos
2000 2345 2012 2361 ,
2036 2320 2084 2356 ob

1197 2382 1279 2415 quos
1302 2372 1462 2414 Ioannem
1486 2372 1679 2416 vigesimum
1703 2372 1835 2406 tertium
1860 2370 1979 2413 dejecit
1990 2371 2086 2405 Con-

1197 2420 1380 2455 stantiensis
1404 2421 1579 2464 Synodus,
1605 2421 1667 2455 fuit
1693 2422 1725 2455 &
1750 2420 1823 2455 hic:
1851 2423 1945 2466 ,Quod
1965 2422 2085 2463 Miffam

1196 2473 1267 2503 rani
1281 2496 1293 2512 ,
1317 2481 1470 2505 currenter
1482 2497 1493 2512 ‚
1511 2471 1576 2514 fine
1590 2473 1744 2505 devotione
1757 2471 1918 2506 celebraret
1932 2497 1941 2504 .
1970 2469 2084 2505 Exstat

1198 2521 1316 2563 Iuliani
1330 2521 1514 2555 Cardinalis
1528 2521 1680 2556 Caesarini
1693 2521 1875 2556 dostiffima
1899 2531 1958 2565 pro
1978 2521 2085 2555 conti·

1194 2670 1228 2704 in
1248 2671 1384 2705 Divinis
1400 2670 1499 2706 etiam
1513 2671 1632 2705 officiis
1646 2671 1884 2705 immodestiam
1910 2669 2082 2712 insigniter

1198 2571 1332 2605 nuando
1355 2571 1525 2605 Basileensi
1547 2571 1705 2606 Concilio
1717 2570 1758 2605 ad
1781 2571 1970 2617 Eugenium
1983 2581 2084 2612 quar-

1196 2632 1265 2654 tum
1287 2620 1487 2656 Pontificem
1510 2621 1669 2664 epistola,
1698 2633 1760 2664 qua
1772 2620 1967 2655 Germanici
1989 2620 2082 2655 Cleri

1194 2722 1330 2764 exponit
1351 2744 1363 2759 ,
1396 2733 1433 2754 ac
1464 2721 1632 2753 reformari
1655 2718 1838 2760 expostulat
1860 2743 1871 2758 ,
1905 2718 2083 2761 praedicens

1193 2771 1342 2813 alioquin
1367 2780 1437 2803 non
1455 2769 1630 2803 dumtaxat
1654 2767 1909 2812 confortandam
1941 2767 2083 2801 Huffiti-

1193 2831 1266 2855 cam
1277 2819 1443 2861 haeresim,
1468 2819 1524 2852 sed
1551 2819 1584 2854 &
1597 2828 1737 2856 novam,
1762 2828 1832 2861 quae
1848 2813 1982 2852 Clerum
1996 2817 2081 2851 furi-

1194 2869 1302 2905 bunda
1324 2869 1453 2913 ejiciat,
1479 2869 1603 2903 Sestarn
1624 2868 1840 2902 suscitandam
1859 2892 1867 2900 .
1899 2866 2079 2903 Nobilium

1192 2921 1281 2955 enim
1301 2919 1530 2964 Collegiorum
1554 2918 1694 2958 Clerus,
1720 2918 1818 2953 armis
1844 2918 1876 2953 ὃς
1899 2916 2079 2952 calcaribus

1193 2970 1250 3004 sub
1263 2969 1360 3005 serica
1371 2971 1479 3004 tunica
1490 2967 1624 3004 indutus
1636 2992 1647 3009 ,
1672 2967 1898 3012 frequentabat
1923 2975 2002 3002 tunc
2016 2967 2080 3002 Ec-

1191 3021 1339 3062 clesiam,
1365 3019 1489 3055 habens
1509 3027 1566 3053 cor
1588 3019 1607 3052 a
1627 3019 1704 3053 Deo
1726 3017 1808 3053 adeo
1832 3018 2080 3062 longinquum,

1192 3082 1228 3105 ut
1242 3071 1346 3114 ipsum
1360 3081 1420 3105 nec
1441 3069 1535 3104 labiis
1554 3066 1748 3103 honoraret.
1775 3069 1887 3117 Qam
1910 3068 2078 3111 pessimam

1193 3122 1358 3155 licentiam
1384 3120 1467 3154 dista
1482 3118 1637 3162 Synodus
1662 3118 1854 3164 rigidissime
1873 3118 2050 3162 proscripsit
2067 3143 2075 3151 .

1193 3172 1236 3205 Et
1247 3170 1322 3214 quia
1335 3170 1450 3205 Clerus
1470 3180 1530 3204 nec
1541 3168 1647 3208 hanc,
1672 3181 1732 3203 nec
1757 3169 1925 3204 laudatum
1950 3167 2078 3203 audivit

1193 3220 1402 3257 Cardinalem
1426 3244 1437 3260 ‚
1462 3220 1586 3255 Divina
1606 3219 1731 3262 justitia
1757 3219 1874 3262 Ioanni
1897 3217 2006 3252 Husso
2028 3218 2078 3251 su-

1194 3272 1329 3315 perponi
1340 3271 1481 3314 permisit
1493 3269 1678 3304 Martinam
1691 3269 1945 3313 Lutherum,qui
1955 3268 2075 3303 dictam

1192 3320 1397 3366 prophetiam
1408 3320 1507 3355 nimis
1516 3319 1707 3364 adimplevit
1715 3344 1724 3353 .

1599 3469 1617 3505 1
1642 3471 1654 3506 i
1705 3482 1728 3520 3
1930 3472 2026 3506 Ecclt-
