2346 3724
705 179 1516 258 CApirtsIX·
1856 226 1943 270 133

203 312 242 334 ex
259 294 371 341 fiducia
388 296 573 338 probationis
591 299 748 338 praevenio
762 319 769 327 .
797 294 876 327 Hoc
890 290 935 325 est
950 314 962 335 ‚
989 288 1074 323 istud
1137 290 1323 324 Creator-em
1337 313 1348 328 ‚
1374 299 1471 332 quem
1494 288 1558 323 illis
1580 288 1614 323 in
1631 288 1798 332 Baptismo
1811 294 1945 327 tradidit
1968 288 2020 328 orss

201 349 264 392 jam
279 350 451 390 suppono,
479 348 536 380 suo
549 347 624 379 loco
644 345 936 379 demonstraturus.
965 340 1009 375 Et
1021 339 1076 373 hu·
1139 339 1285 373 thodoxa
1308 340 1439 379 Mater,
1466 352 1533 373 non
1553 340 1616 374 effe
1642 340 1744 374 alium
1757 341 1886 373 Deum.
1916 343 2019 378 Hune

201 399 252 442 jus
264 408 341 431 meae
352 396 571 441 promissionis
589 395 695 430 habeo
707 397 830 430 firmam
845 391 998 430 fiduciam
1012 414 1019 421 .
1033 389 1076 423 Et
1138 390 1200 424 effe
1221 400 1287 423 non
1310 390 1516 431 quaerendum
1537 389 1677 434 amplius
1694 391 1728 424 ὃ(
1752 389 1987 447 inveniendum
2008 417 2022 432 ,

202 447 326 492 pergit:
354 449 521 484 Admonens
533 445 674 490 quosdam
687 470 698 486 ‚
726 445 801 478 nibil
821 444 873 487 effe
885 441 1077 485 quarendum
1139 441 1191 474 sed
1213 439 1275 482 jam
1289 440 1456 483 quaefitum
1469 452 1506 474 ac
1519 440 1690 474 inventum
1704 439 1888 474 thesaurum
1903 463 1914 477 ‚
1935 440 2025 472 ideo-

202 500 284 532 ultra
293 499 589 539 quodcrediderunt.
614 498 651 529 Id
671 495 723 539 effe
743 495 822 537 quod
832 502 965 537 quaerere
978 489 1077 523 debue·
1140 489 1345 534 que&firme
1364 501 1478 524 contra
1499 491 1671 525 sceleratos
1697 490 1788 524 istius
1813 487 2020 532 blasphemia-r

202 553 287 581 funt.
318 551 369 581 Ne
382 572 392 587 ‚
419 548 609 592 Qaerite&
623 546 816 582 invenietis,
835 543 899 584 fine
919 539 1078 583 disciplina
1143 540 1356 574 mussitatores
1365 540 1638 575 custodiendum.
1667 541 1734 575 Eos
1752 540 1916 584 quialtius
1929 563 1944 594 ‚-
1966 547 2025 596 aut

202 603 331 630 rationis
357 603 592 639 interpretentur
610 622 617 629 .
658 596 826 630 Admonet
863 593 882 626 a
919 590 1079 624 sceleratis
1142 590 1282 634 quodvis
1306 589 1394 624 aliud
1417 601 1566 633 quaerunt
1586 591 1789 635 Principium
1805 614 1815 630 ,
1843 589 2026 623 Dominica

204 647 375 681 Gnosticis
413 649 447 681 in
473 647 720 691 cespitationem
740 642 1002 685 circumscriptos
1021 641 1079 674 Ca·
1144 640 1236 674 verba
1260 641 1326 674 fine
1347 641 1485 681 rationis
1509 641 1682 685 disciplina
1709 640 1911 686 interpretati
1940 645 1950 671 “.
1977 638 2032 672 lta·

195 696 344 734 tholicos
370 723 378 730 .
418 698 572 734 Affirmat
598 699 689 743 supra
711 696 822 731 Deum
843 693 919 730 coeli
943 692 976 726 δε
996 701 1082 726 tetrae
1143 692 1333 735 cespitantes
1351 701 1482 725 revocat
1507 702 1545 726 ac
1557 692 1681 727 firmat.

448 899 923 989 CAPUT
1055 901 1779 991 DECIMUM.

350 1074 419 1156 F
419 1098 608 1152 orma
651 1069 861 1151 etiam
903 1071 1354 1175 quaerentibus
1380 1052 1836 1180 praestruenda
1866 1138 1881 1154 .

438 1238 548 1286 Atio
571 1249 716 1283 autem
744 1235 866 1282 Diffi
893 1232 1018 1298 hujus
1043 1236 1090 1283 in
1117 1235 1182 1283 his
1207 1235 1347 1286 tribus
1375 1239 1569 1294 articulis
1595 1238 1785 1287 consistit
1817 1274 1830 1287 .
1879 1240 1930 1287 In
1967 1242 2039 1297 re,

473 1310 520 1356 in
554 1320 749 1371 tempore
773 1338 787 1362 ,
823 1306 869 1351 iu
897 1302 1031 1352 modo
1056 1339 1070 1352 .
1132 1310 1183 1355 In
1210 1324 1252 1357 re
1275 1344 1288 1363 ‚
1326 1307 1436 1375 quid
1462 1308 1513 1357 sit
1541 1308 1816 1376 quaerendum
1847 1306 2040 1357 confide>

474 1392 541 1425 res
566 1409 579 1422 .
619 1378 670 1422 In
695 1388 893 1440 tempore
919 1410 932 1433 ,
970 1389 1018 1421 ut
1041 1374 1221 1440 quando
1248 1413 1261 1425 .
1309 1381 1360 1426 In
1387 1378 1544 1438 modo,
1582 1395 1630 1428 ut
1655 1377 1878 1448 quousque
1902 1414 1914 1425 .
1952 1379 2049 1439 Igia

479 1461 550 1492 tur
580 1442 859 1508 quaerendum
886 1442 947 1490 est
984 1443 1104 1509 quod
1145 1446 1340 1496 Christus
1377 1448 1564 1497 instituit
1586 1485 1600 1496 .
1650 1451 1824 1514 Utique
1862 1445 2044 1514 quando

202 1532 291 1564 non
321 1515 534 1562 inveneris
557 1546 571 1559 .
608 1514 777 1577 Utique
801 1511 944 1559 donec
971 1513 1167 1561 invenias
1194 1551 1207 1562 .
1263 1517 1467 1565 Invenisti
1493 1533 1641 1565 autem
1667 1554 1680 1577 ,
1701 1518 1819 1566 curn
1856 1515 2045 1566 credidi-

203 1585 255 1634 sti
287 1620 299 1632 .
336 1588 458 1634 Nam
486 1599 574 1633 non
602 1578 846 1630 credidisses
870 1580 902 1629 fi
929 1598 1019 1629 non
1052 1581 1280 1644 invenisses
1306 1606 1320 1644 3
1357 1585 1464 1635 sicut
1495 1603 1574 1636 nec
1610 1584 1816 1654 quaesiffes
1839 1603 1854 1648 ,·
1890 1586 1968 1635 nisi
1996 1600 2050 1634 ut

205 1659 419 1706 invenires
445 1690 458 1702 .
507 1651 581 1702 Ad
609 1652 691 1700 hoc
715 1669 819 1713 ergo
859 1653 1014 1718 quaeris
1053 1667 1102 1701 ut
1130 1655 1326 1703 invenias
1350 1691 1363 1716 ‚
1399 1660 1442 1705 &
1468 1655 1524 1705 ad
1563 1657 1649 1707 hoc
1673 1659 1846 1707 invenis
1876 1672 1926 1707 ut
1953 1673 2048 1706 cre÷v

202 1726 281 1775 das
309 1763 321 1774 .
358 1730 549 1775 Omnem
581 1723 872 1790 prolationem
891 1721 1110 1788 quaerendi
1148 1725 1462 1775 &inveniendi
1487 1726 1710 1778 credendo
1726 1728 1873 1777 fixisti.
1916 1730 2051 1775 Hunc

203 1797 288 1846 tibi
316 1795 495 1845 modum
523 1793 671 1842 statuit
700 1791 859 1842 fructus
886 1790 975 1858 ipse
1003 1794 1227 1858 quaerendi
1253 1832 1266 1844 .
1323 1799 1452 1846 Hanc
1493 1797 1576 1846 tibi
1604 1796 1756 1849 fossam
1785 1798 2051 1848 determina-

203 1869 269 1915 vit
300 1865 387 1933 ipse
416 1867 496 1932 qui
524 1880 569 1913 te
595 1879 685 1910 non
710 1862 805 1910 vult
835 1860 954 1910 aliud
978 1860 1149 1912 credere
1174 1900 1188 1925 ‚
1235 1862 1369 1932 quam
1398 1865 1519 1933 quod
1547 1867 1735 1917 instituit
1761 1904 1774 1928 ,
1823 1868 2053 1935 ideoque„

203 1955 284 1986 nec
309 1952 496 2003 quaerere
520 1969 532 1981 .
583 1930 802 1981 Caeterum
822 1935 842 1990 ’,
891 1931 921 1979 si
953 1934 1060 1996 quia
1110 1938 1153 1983 δε
1180 1935 1266 1983 alia
1292 1951 1416 1986 tanta
1445 1937 1502 1986 ab
1528 1939 1625 1986 aliis
1651 1938 1746 1987 sunt
1774 1939 2011 1986 instituta„
2029 1972 2043 1996 ‚

202 2003 437 2076 propterea
466 2008 511 2053 in
538 2002 712 2050 tantitm
738 2017 927 2067 quaerere
954 2000 1162 2051 debemus
1184 2042 1197 2064 ‚
1233 2009 1281 2055 in
1309 2023 1525 2072 quantum
1553 2006 1772 2076 possumus
1819 2009 2050 2067 invenire,

206 2076 370 2143 semper
397 2088 638 2140 quaeremus
661 2107 675 2131 ‚
711 2075 753 2119 &
781 2087 1002 2137 nunquam
1035 2075 1223 2123 omnino
1249 2075 1476 2127 credemus
1503 2113 1515 2126 .
1572 2079 1660 2126 Ubi
1691 2079 1809 2124 enim
1841 2080 1926 2126 erit
1951 2075 2050 2126 finis

206 2145 427 2214 quaerendi
471 2141 492 2191 ἶ)
540 2141 631 2192 Ubi
685 2141 813 2189 statio
853 2140 1058 2190 credendi
1089 2140 1108 2189 ?
1157 2145 1250 2193 Ubi
1290 2150 1521 2213 expunfflo
1562 2146 1813 2195 inveniendi
1845 2145 1865 2195 ?
1912 2145 2050 2215 Apud

207 2219 480 2267 Marcionem
505 2210 526 2260 ?
564 2210 646 2260 Sed
682 2216 723 2258 &
751 2211 1010 2259 Valentinus
1038 2217 1250 2277 proponit
1276 2250 1290 2274 ‚
1327 2219 1493 2282 Qaerite
1528 2218 1587 2261 Φ*
1614 2221 1804 2265 invenietis
1828 2253 1838 2265 .
1913 2217 2047 2285 Apud

205 2287 493 2337 Valentinum
520 2279 541 2329 ?
592 2278 676 2329 Sed
724 2283 766 2327 &
790 2280 970 2346 Apelles
1011 2278 1091 2327 hac
1132 2298 1201 2329 me
1226 2287 1590 2348 pronuntiatione
1619 2286 1807 2354 pulsabit
1839 2324 1853 2348 ‚
1888 2292 1931 2336 δε
1955 2292 2048 2337 He-

204 2358 314 2406 bion
341 2391 354 2414 ,
390 2359 433 2403 δε
457 2354 604 2401 Simon
627 2385 640 2406 ‚
676 2353 718 2396 &
742 2365 893 2408 omnes
926 2347 1080 2396 ordine
1106 2364 1197 2397 non
1221 2351 1388 2401 habent
1415 2353 1536 2407 aliud
1562 2390 1576 2416 ‚
1624 2374 1715 2425 quo
1756 2356 1796 2407 se
1837 2358 1946 2410 mihi
1978 2362 2046 2409 in„

204 2428 420 2477 finuantes
444 2457 457 2481 ‚
494 2436 563 2468 me
588 2416 664 2466 sibi
691 2415 896 2464 addicant
923 2453 935 2464 .
973 2419 1062 2465 Ero
1088 2418 1241 2485 itaque
1275 2420 1484 2488 nusquam
1515 2461 1527 2484 ‚
1565 2423 1667 2474 dum
1696 2426 1859 2495 ubique
1884 2447 2045 2479 conve-

205 2498 303 2546 nior
327 2531 341 2555 ‚
386 2494 550 2559 Qaerite
585 2493 644 2534 Φ
668 2491 857 2535 invenietis
883 2508 898 2543 ,·
951 2491 993 2535 &
1017 2487 1157 2537 velint
1185 2507 1257 2539 me
1282 2491 1338 2539 fic
1375 2491 1695 2562 effessnusquam
1722 2534 1736 2558 ‚
1785 2500 1905 2570 quafi
1936 2518 2047 2548 nun-

206 2584 341 2633 quam
368 2556 727 2630 apprehenderim
755 2555 862 2606 illud
876 2555 1008 2626 'quod
1035 2557 1233 2609 Christus
1258 2561 1447 2614 instituit
1472 2575 1485 2625 ,·
1522 2565 1644 2633 quod
1671 2571 1806 2637 quaeri
1836 2586 2015 2640 oportet
2031 2608 2046 2633 ‚

208 2634 332 2704 quod
358 2631 479 2682 credi
517 2626 677 2680 necesse
701 2628 787 2679 est.
929 2664 935 2667 -
964 2633 966 2635 ’
1276 2669 1278 2671 ,

438 2791 466 2834 S
496 2800 526 2831 C
554 2796 585 2830 H
609 2798 645 2828 0
660 2799 693 2829 ,L
719 2798 736 2829 ι
759 2798 790 2829 0
815 2798 872 2828 Ν,
1163 2784 1240 2818 Hoc
1264 2782 1331 2825 est,
1357 2795 1407 2820 res
1436 2787 1606 2831 quaerenda
1630 2786 1677 2821 est
1698 2787 1755 2821 illa
1776 2787 1917 2832 religio,
1944 2801 2043 2835 quam

1162 2833 1307 2867 Christus
1330 2833 1534 2876 Dominus‚'
1549 2837 1642 2871 Deus
1662 2835 1809 2870 Verbum
1824 2862 1833 2878 ,
1859 2838 1901 2872 ab
1922 2850 2043 2875 aeterno

720 2886 724 2889 ’
866 2892 870 2901 ’
905 2885 908 2888 ’
1159 2895 1234 2918 cum
1249 2882 1345 2917 Patre
1371 2885 1538 2928 &Spiritu
1553 2887 1671 2920 saneto
1683 2886 1778 2920 nobis
1790 2889 1959 2930 praefinivit
1973 2915 1984 2931 ‚
2009 2892 2044 2926 ἀ

322 2928 439 2982 Ratio
464 2937 593 2970 autem·
608 2922 723 2980 Ι1)ιῖιῖῗὶ
747 2919 854 2989 hujus
867 2957 880 2981 ,
896 2924 990 2968 <9⁴4
1161 2943 1258 2978 quam
1271 2935 1305 2966 in
1318 2944 1464 2977 tempore
1472 2937 1573 2972 faetus
1583 2935 1686 2970 homo
1699 2937 1901 2980 praedicavit.
1927 2938 1983 2975 Est
2002 2947 2044 2976 ‘ea

1163 2984 1276 3027 religio
1303 2984 1334 3018 &
1360 2985 1438 3019 fides
1459 3011 1470 3026 ,
1508 2997 1606 3029 quam
1629 2986 1783 3030 Apostoli
1804 2999 1998 3032 acceperunt
2024 2993 2043 3027 ὲ

392 3047 395 3049 -
1160 3032 1293 3067 Christo
1313 3058 1324 3074 ‚
1353 3034 1503 3069 Christus
1523 3036 1540 3069 a
1563 3036 1639 3070 Deo
1661 3060 1668 3067 .
1708 3036 1756 3070 At
1780 3033 1856 3072 vero
1878 3040 2043 3083 quaerendi

313 3078 400 3115 Ucad
415 3077 556 3113 Domini
573 3077 702 3112 verbum
716 3102 727 3118 ,
752 3080 889 3122 ,Quaerite
914 3079 948 3111 ὦ·
970 3082 1094 3111 invenie·
1162 3095 1289 3127 tempus
1299 3084 1344 3117 est
1358 3109 1368 3124 ,
1393 3087 1513 3127 quando
1534 3098 1593 3119 non
1604 3091 1774 3120 inveneris.
1799 3088 1946 3135 Qando
1971 3102 2051 3125 nece

337 3136 402 3170 tis,
428 3129 523 3174 possit
546 3127 586 3162 de
608 3128 846 3174 DominoDeo
874 3139 910 3162 ac
933 3129 1040 3161 nostra
1063 3129 1095 3160 in
1161 3134 1284 3180 dumsses
1298 3134 1454 3170 Ecclesia.
1484 3135 1632 3184 Qando
1642 3135 1835 3173 adhucesin
1851 3141 2044 3184 paganismo

366 3181 468 3223 ipsum
480 3177 816 3223 religioneinteffigi',
841 3179 1011 3212 admittere
1033 3188 1098 3220 Ptr-
1162 3196 1218 3217 aut
1239 3184 1429 3227 judaismo.-
1458 3186 1604 3232 Quando
1623 3186 1731 3221 adhuc
1754 3190 1878 3233 vagaris
1903 3192 1935 3224 ὅ(
1958 3203 2044 3226 erras

217 3232 266 3275 git
276 3231 450 3275 Septimius
467 3239 477 3271 ς
503 3230 655 3272 acipsum
669 3228 703 3262 in
715 3227 779 3261 hae
797 3229 990 3271 acceptione
1003 3238 1100 3271 expo·
1162 3234 1248 3268 inter
1261 3235 1391 3269 hareses
1416 3246 1471 3269 aut
1485 3234 1655 3271 schismata
1667 3261 1674 3269 .
1701 3238 1846 3279 Invenisti
1858 3241 1930 3272 dum
1950 3244 2046 3275 credi-

219 3282 289 3316 nit.
315 3280 468 3324 Affirmat
487 3279 553 3322 ejus
576 3277 780 3312 rationemin
790 3277 892 3329 tribus
910 3278 1100 3316 consistere.-
1161 3284 1244 3325 disti.
1272 3284 1403 3329 Utique
1426 3286 1459 3319 in
1473 3285 1615 3328 Ecclesia
1637 3286 1830 3329 catholica,
1857 3301 1926 3334 quae
1948 3292 2044 3327 Divi-

219 3325 259 3365 Ϊο
268 3342 299 3366 re
308 3328 496 3375 quaeten‘da,
525 3330 558 3363 i'n
581 3327 745 3371 quaerendi
770 3328 871 3363 modo
886 3352 897 3367 ‚
924 3339 959 3361 ac
972 3330 1004 3362 in
1019 3338 1099 3363 tem·
1164 3344 1244 3368 num
1266 3333 1449 3370 thesaurum
1463 3335 1504 3369 ab
1517 3336 1685 3379 Apostolis
1707 3349 1761 3381 per
1775 3337 1941 3374 Christum
1954 3354 2052 3380 acce(

221 3385 299 3426 pore
309 3405 316 3412 .
344 3384 441 3424 {gitur
451 3380 645 3422 'qaaerendum
654 3378 691 3418 est
720 3381 800 3420 quod
807 3377 944 3418 christus
955 3379 1080 3420 instituit
1092 3407 1099 3414 .
1165 3385 1211 3428 pit
1222 3383 1239 3417 a
1250 3385 1324 3420 Deo
1335 3410 1342 3419 .
1372 3385 1440 3420 Hic
1451 3386 1495 3421 est
1509 3387 1670 3431 quaerendi
1684 3386 1774 3422 limes
1783 3414 1790 3422 .
1817 3390 1900 3424 Hanc
1909 3391 1966 3424 tibi
1980 3387 2046 3434 fbfss

316 3429 429 3469 christ.
440 3434 517 3471 Lupi
528 3434 627 3470 Opera
637 3431 672 3460 T.
685 3431 743 3461 IX.
1618 3437 1658 3471 M
1711 3448 1730 3486 3
1926 3439 1994 3484 sam
