2346 3724
125 558 214 600 Epist.
224 570 259 599 50

131 2502 207 2540 Cap.
229 2511 253 2528 2.

113 2619 192 2654 Capi
216 2628 261 2658 ii.

135 2659 198 2686 Can
232 2670 241 2688 <

133 2699 209 2736 Cap.
230 2707 242 2727 e·

353 161 454 220 308

285 246 352 282 Dei
375 247 442 279 vivi
462 244 625 281 militiam*
641 255 742 290 atque
763 258 905 292 agonem
922 271 932 286 ‚
956 246 1173 291 &adjungitz

285 296 441 338 Epistates
453 297 548 338 vester
563 297 703 341 JESUS
715 297 848 337 Christus
871 308 926 331 vos
939 299 1052 339 spiritu
1067 303 1155 331 unxit
1166 323 1173 330 .

286 346 332 380 Et
344 346 386 381 fic
410 348 442 380 in
458 348 580 381 milites
600 348 632 381 ὅ(
650 347 815 392 agonistas
836 348 1039 382 consecravit
1052 373 1059 380 .
1085 347 1174 381 lstud

289 396 395 439 ipsum
409 398 506 431 tradit
528 400 627 430 etiam
647 400 680 429 in
703 396 818 430 litteris
832 394 871 429 ad
886 394 1097 432 Bonifacium
1110 397 1176 431 Co·

285 448 402 481 mitem
424 448 557 490 Sanetus
573 446 799 491 Augustinus,
830 446 1037 492 distinguens
1054 448 1174 491 duplex

287 496 411 531 Christi
439 497 662 542 signaculum,
689 497 778 529 aliud
804 498 893 540 quod
917 498 988 542 ejus
1010 509 1107 533 ovem
1132 498 1174 531 fa·

285 547 370 588 ciat,
396 548 485 581 aliud
511 547 600 589 quod
626 547 694 590 ejus
717 547 875 580 militem.
903 547 942 582 In
967 551 1112 583 sermone
1134 548 1174 581 de

285 600 382 633 causa
397 597 534 632 Emeriti
559 596 763 638 Donatistae,
791 597 999 633 Caesateenfis
1022 600 1056 632 in
1077 597 1174 632 Mau-

285 648 403 682 ritania
419 648 572 692 Episcopi
586 671 598 687 ,
624 645 753 680 adducit
766 647 799 681 &
811 647 921 683 laudat
930 650 1028 683 etiam
1041 649 1173 683 tertium

284 699 489 743 signaculum
503 723 513 739 ‚
541 698 628 739 quod
649 698 748 732 faciat
762 696 886 732 Christi
902 698 1044 734 Domini
1057 698 1170 732 Comi-

283 759 367 784 tem.
396 749 544 782 Primum
571 748 615 780 est
632 747 862 792 Baptismatis,
889 748 1026 783 alterum
1042 748 1171 783 Confir-

282 801 462 838 marionis,
485 797 618 831 tertium
643 797 688 831 est
713 800 959 839 Sacramentum
984 799 1171 834 sacerdota-

279 849 319 883 lis
332 848 578 886 ordinationis.
610 847 704 883 Hinc
729 851 809 883 item
827 849 862 882 in
887 849 1052 893 trigefimo
1072 850 1169 885 tertio

280 900 373 940 super
384 898 490 932 sanni
516 899 653 941 Joannis
667 899 890 944 Evangelium
914 900 1074 934 ‘fractam
1095 901 1169 935 scri-

280 948 329 983 bit
353 959 414 983 nos
436 959 490 992 per
503 950 623 982 sacram
639 948 760 982 Christi
776 950 967 984 unctionem
987 951 1054 984 fieri
1070 950 1169 986 lusia-

278 1008 364 1033 tores
386 1008 501 1032 contra
527 998 726 1032 Diabolum.
757 998 812 1032 Est
836 1002 948 1034 unctio
972 1000 1167 1036 ,Christianae

278 1049 572 1084 Confirmationis.
602 1049 701 1094 Ungi
727 1060 789 1083 nos
810 1050 1167 1093 qualiathletas,adlu·

141 1102 205 1135 nb·
234 1113 259 1134 ι.
279 1100 404 1134 &amen
417 1100 555 1134 affirmat
569 1098 669 1135 etiam
680 1100 815 1138 sanstus
829 1100 1022 1138 Ambrofius
1042 1102 1077 1137 in
1089 1113 1164 1147 ope·

141 1153 214 1183 cap.
234 1155 260 1175 ²·
277 1161 311 1185 re
320 1151 361 1186 de
375 1149 613 1187 Sacramentis1

359 1303 532 1352 celebrat
582 1305 642 1349 <9⁴
677 1306 792 1352 Panis
835 1303 1077 1354 oblationem.

321 1453 402 1487 Hoc
415 1453 520 1496 ipsum
543 1451 577 1486 in
592 1451 730 1487 secunda
749 1464 808 1496 pro
821 1451 1021 1488 Christianis
1034 1452 1161 1498 Apolo-

270 1503 324 1548 gia
351 1504 459 1537 asserit
483 1504 616 1537 sancius
640 1502 769 1547 Martyr
792 1504 954 1548 justinus:
982 1505 1106 1548 Apostoli
1130 1508 1163 1537 in

269 1557 499 1587 commentatus
519 1555 540 1585 ἃ
562 1551 593 1595 se
603 1553 725 1595 scriptis
737 1577 748 1594 ,
774 1556 843 1596 qu‘ae
857 1556 1034 1598 Evangelia
1057 1565 1161 1588 vocan-

267 1613 318 1637 tur
333 1628 343 1643 ,
370 1610 414 1636 ita
425 1602 675 1644 tradideruntfibi
693 1605 861 1647 praecepiffe
872 1605 1029 1648 JESUM
1045 1629 1052 1637 .
1081 1609 1162 1638 Eum

266 1660 345 1687 enim
370 1657 455 1687 Pane
478 1661 594 1695 accepto
612 1676 623 1692 ,
648 1654 713 1687 cum
731 1660 853 1697 granas
882 1655 979 1699 egss‘et
1002 1680 1013 1696 ‚
1036 1656 1140 1698 dixffl?
1154 1678 1161 1686 .

267 1703 347 1738 Hoc
362 1705 460 1739 facite
482 1705 515 1738 in
542 1714 647 1737 meam
673 1706 1054 1745 commemorationem,
1081 1705 1161 1740 Hoc

267 1755 313 1787 est
343 1755 473 1797 Corpus
499 1746 608 1787 m'eum
632 1778 639 1784 .
677 1757 722 1785 Et
742 1755 843 1795 poculo
860 1754 1001 1796 fimiliter
1023 1763 1163 1797 accepto,

266 1798 463 1846 cumgrattas
475 1804 571 1845 egiffet
582 1826 592 1841 ,
603 1803 709 1843 dixisse
722 1826 729 1833 .
757 1804 827 1835 Hic
838 1805 883 1836 est
897 1806 1038 1848 Sanguis
1051 1816 1162 1838 meus:

267 1860 308 1886 Ac
319 1852 390 1895 solis
415 1852 480 1894 ipsis
500 1864 534 1884 ea
553 1852 669 1884 tradidi
691 1863 724 1883 e.
753 1853 846 1894 ,Quod
869 1855 991 1895 quidem
1011 1859 1103 1887 etiam
1129 1859 1162 1886 in

269 1903 396 1935 Mithrae
405 1903 540 1940 mysteriis
553 1907 749 1942 atquemmls
766 1901 832 1942 fieri
844 1903 1003 1937 docuerunt
1025 1912 1081 1945 per
1097 1910 1162 1936 imi-

269 1958 415 1985 tationem
434 1957 532 1993 pravi
554 1952 700 1983 doemones
713 1975 720 1982 .
748 1952 843 1993 ‚Quod
864 1963 993 1994 namque
1009 1951 1104 1986 Panis
1128 1956 1162 1989 ά·
1187 1980 1190 1983 Δ

263 2004 400 2046 poculum
416 2013 504 2043 nquae
517 2006 551 2032 in
559 1998 717 2042 sacrificiis
729 2001 799 2043 ejus·
808 2024 819 2040 ,
845 2006 898 2042 qui
920 2006 1064 2034 initiatur
1076 2026 1086 2041 ,
1109 2010 1161 2043 po-

272 2062 365 2087 natur
378 2077 388 2092 ,
414 2051 518 2084 verbis
529 2048 706 2092 quibusdam
728 2051 868 2091 additis,
894 2060 949 2084 aut
971 2049 1162 2094 certescitis,

274 2113 326 2136 aut
353 2100 516 2146 cognoscere
538 2100 683 2142 potestis.
727 2100 835 2134 Solius
861 2112 952 2144 aquae
985 2101 1161 2145 poculum.

272 2154 369 2187 Hinc
393 2154 426 2186 &
441 2151 616 2195 Septimius
631 2150 754 2183 nullam
765 2150 844 2186 facit
856 2151 925 2185 vini
937 2152 1141 2186 mentionem
1155 2177 1162 2184 .

271 2203 359 2237 Ecce
387 2203 524 2236 exordia
551 2201 736 2236 nostrorum
757 2201 1000 2245 Aquariorum.
1030 2201 1074 2236 Et
1092 2203 1162 2246 qui-

271 2255 347 2288 dem
365 2265 405 2286 ex
420 2252 567 2296 Septimii
582 2250 686 2286 verbis
699 2251 806 2285 lucide
828 2252 917 2286 vides
929 2252 1021 2296 panis
1030 2264 1068 2286 ac
1093 2251 1162 2286 vini

273 2304 482 2339 oblationem
495 2304 557 2336 effe
572 2302 669 2336 nobis
682 2313 793 2336 verum
803 2302 994 2337 sacrificium
1007 2327 1018 2343 ,
1044 2302 1086 2337 de
1097 2313 1163 2347 quo

271 2357 304 2389 ec
318 2355 438 2396 scripsit
465 2352 586 2387 librum
607 2353 647 2387 de
668 2353 820 2387 oratione
839 2377 851 2393 ,
879 2353 1025 2386 sacrificii
1046 2363 1162 2387 vocem

272 2405 393 2439 assidue
407 2406 563 2448 usurpans
577 2427 584 2435 .
612 2403 655 2437 Et
677 2402 828 2436 adversus
846 2403 1018 2442 Gentiles,
1044 2401 1163 2436 calum-

273 2458 401 2490 niantes
416 2466 476 2488 nos
489 2456 551 2488 effe
565 2452 695 2487 Atheos
706 2478 716 2494 ,
743 2453 776 2486 &
788 2452 910 2496 impios
921 2452 955 2486 in
971 2451 1163 2486 Romanum

275 2507 451 2547 Imperium
469 2528 479 2544 ‚
503 2503 617 2547 utpote
642 2503 696 2547 qui
721 2513 779 2546 pro
800 2504 1036 2546 Imperatorum
1062 2502 1163 2536 salute

278 2557 442 2589 nollemus
469 2555 645 2587 sacrificare
660 2578 670 2594 ,
696 2553 806 2587 scribit
832 2554 867 2587 in
890 2553 975 2587 libro
996 2553 1036 2586 ad
1047 2553 1165 2597 Scapu-

277 2606 365 2645 lam,
394 2604 514 2638 Afiicae
539 2603 794 2636 proconsulem.-
824 2605 1096 2646 Sacrificamuspro
1114 2601 1173 2646 sa*

277 2655 339 2691 lure
352 2659 547 2696 Imperatoris
562 2677 573 2693 ‚
598 2651 653 2695 sed
663 2654 724 2684 Deo
735 2652 825 2691 nostro
846 2655 880 2686 (τ
893 2651 977 2693 ipfius
990 2678 997 2685 .
1027 2655 1088 2686 Sed
1097 2665 1164 2695 quo-

275 2710 359 2740 modo
369 2709 512 2746 pracepit
527 2707 607 2735 Deus
618 2727 629 2743 ‚
654 2711 736 2744 pura
753 2710 857 2743 prece.
883 2701 960 2735 Alia
975 2714 1034 2745 pro
1053 2705 1165 2738 nostro

275 2755 437 2791 sacrificio
449 2754 520 2787 loca
544 2751 643 2786 habes
666 2753 700 2785 in
725 2751 812 2785 libro
834 2751 875 2786 de
895 2753 987 2787 cultu
1010 2753 1165 2788 foemina-

274 2818 370 2846 rum,
400 2805 484 2837 libro
507 2803 547 2836 de
569 2813 691 2836 cotona
715 2801 853 2842 militis,
879 2803 913 2837 ἀ
928 2803 962 2836 in
976 2802 1165 2838 secundoli·

274 2858 335 2892 bro
352 2858 389 2889 ad
406 2863 542 2888 uxorem
554 2878 561 2885 .
594 2851 698 2886 Porro
711 2854 784 2886 suos
796 2853 942 2887 seductos
962 2865 1016 2896 per
1028 2855 1090 2888 tria
1105 2853 1162 2888 ista

274 2908 483 2941 Sacramenta
495 2904 617 2949 initiari
630 2901 714 2946 juffi:
726 2901 889 2943 Diabolus
901 2903 1027 2937 Mithra
1039 2928 1049 2944 ‚
1072 2903 1162 2946 quod

273 2968 329 3002 per
340 2956 452 2990 eadem
478 2955 577 2987 etiam
592 2951 771 2987 Christiani
793 2953 1018 2988 initiarentur.
1045 2954 1160 2989 Videri

273 3007 382 3042 voluit
412 3006 446 3039 &
461 3005 525 3046 ipse
539 3004 642 3037 facere
655 3003 864 3037 Christianos
880 3029 887 3035 .
915 3003 1020 3037 Addit
1034 3003 1161 3038 Svidas:

277 3056 426 3091 Mithram
453 3052 553 3096 Persae
573 3056 666 3087 solem
687 3055 738 3097 effe
760 3053 877 3097 censent
899 3078 909 3094 ,
937 3053 1101 3097 multasque
1118 3055 1162 3088 {Ili

278 3108 421 3142 vic‘limas
454 3107 609 3137 immolant
634 3129 639 3136 .
668 3109 777 3146 Neque
803 3104 847 3136 illi
868 3102 1024 3147 quisquam
1044 3110 1163 3137 initiari

271 3157 363 3202 potest
379 3181 389 3198 ,
418 3154 474 3196 m'fi
487 3162 542 3196 per
556 3153 694 3197 quosdam
714 3153 922 3196 suppliciorum
930 3155 1045 3198 gradus
1051 3153 1085 3198 se
1091 3153 1162 3197 san·

274 3208 353 3241 evum
367 3232 377 3248 ,
402 3207 464 3240 &a
495 3206 584 3237 malis
606 3211 764 3238 immunem
780 3205 831 3247 effe
851 3205 1029 3246 probaverit
1048 3229 1054 3237 .
1081 3205 1159 3247 Sup-

276 3258 455 3300 pliciorum
468 3254 585 3300 gradus
608 3265 766 3289 memorat
780 3256 880 3288 etiam
892 3256 925 3287 in
937 3257 1039 3297 prima
1050 3254 1160 3287 adver-

273 3304 328 3339 sus
339 3306 567 3349 Imperatorem
583 3304 748 3348 Julianum
772 3305 926 3339 oratione
936 3305 1070 3337 Sanctus
1080 3304 1159 3338 Gre-

275 3355 393 3401 gorius
414 3356 645 3390 Nazianzenus
658 3368 670 3390 .·
697 3356 777 3388 Colis
797 3359 941 3390 cruciatus
960 3364 1074 3396 quoque
1100 3357 1160 3387 Ms-

827 161 1392 207 ''Scuozl

1210 667 1214 671 -
1228 653 1346 691 generis
1369 655 1514 683 cruciarus
1527 675 1534 683 .

1462 171 1495 206 0
1558 168 1597 206 'N

1236 244 1314 280 tbrae
1335 248 1435 280 sacris
1455 245 1623 280 adhibitos.
1650 247 1695 284 Et
1715 249 1750 286 in
1772 253 1923 288 oratione
1950 254 1983 288 in
2007 254 2115 290 sancta

1236 295 1384 331 lumina.-
1410 296 1533 331 Mitbrae
1546 297 1661 337 justum
1681 298 1871 342 supplicium.
1902 303 2048 347 Exponit
2062 317 2116 339 ve-

1237 347 1339 381 tustus
1360 348 1467 382 Sansti
1492 347 1646 392 Gregorii
1660 347 1852 386 Scholiasses
1875 354 2027 389 Nicetas:
2054 358 2115 388 Mi-

1236 396 1337 430 thram
1349 400 1483 432 nonnulli
1493 400 1585 432 solem
1595 399 1647 442 effe
1655 400 1756 434 dicunt
1769 426 1776 433 .
1799 406 1875 437 Huic
1886 404 1968 446 festa
1991 413 2113 449 perage·

1235 445 1365 489 bantur,
1393 448 1602 492 &prasertim
1622 451 1709 491 apud
1717 451 1896 486 chaldeos.
1921 456 2078 488 Illiautem
2097 479 2112 496 ,

1233 502 1284 540 qui
1304 497 1395 538 hujus
1405 501 1502 533 sacris
1513 499 1664 534 imbuendi
1683 511 1792 541 erant,
1814 511 1871 544 per
1881 503 2114 548 duodecimsup-

1230 549 1388 589 pliciorum
1399 561 1512 593 genera
1530 550 1723 585 *ducebamur-
1736 564 1744 584 :
1782 555 1903 596 Nempe*
1907 562 1963 595 per
1970 554 2086 597 famem
2098 578 2113 596 ‚

1230 606 1286 639 per
1296 603 1394 641 ignem
1405 622 1415 638 ‚
1437 607 1492 642 per
1495 600 1600 644 frigus
1610 626 1622 642 ‚
1647 610 1704 646 per
1716 602 1861 643 verbera,
1883 603 2007 647 aliosque
2019 601 2114 646 buius

1553 654 1586 696 J
1588 651 1679 691 ustam
1694 663 1793 687 autem
1815 648 2110 698 hujusmodlpiimam

1234 707 1320 732 vocat
1331 697 1490 743 Theologus
1501 726 1512 742 ,
1538 703 1618 743 quod
1628 701 1677 735 bts
1685 702 1841 746 suppliciis
1855 706 1959 739 merito
1969 706 2114 747 affinem·

1232 757 1300 789 tur,
1325 754 1378 791 qui
1388 749 1499 784 talibus
1509 751 1592 784 rebus
1610 751 1703 793 fidem
1714 753 1880 794 haberent,
1907 762 1939 787 ut
1948 757 2113 789 mercedem

1231 803 1342 832 erroris
1357 798 1398 833 ab
1417 806 1460 834 eis
1483 801 1552 843 s'pfis
1564 826 1574 842 ‚
1601 813 1724 845 quorum
1745 806 1837 837 cultui
1854 803 1890 847 se
1908 804 2088 848 addixissent
2099 828 2113 846 ,

1233 855 1400 892 acciperent
1411 874 1424 891 ‚
1450 851 1524 884 dum
1545 851 1585 885 ab
1596 853 1661 886 illis
1678 859 1724 887 ita
1733 858 1972 889 excruciarentur
1984 880 1991 887 .
2016 854 2116 903 Qoe

1232 900 1333 935 modo
1343 911 1406 935 nos
1417 901 1547 936 nostros
1560 901 1829 942 catechumenos
1839 930 1851 947 ,
1876 905 1922 940 ita
1934 905 1970 939 ἀ
1983 904 2115 940 Mithra

1229 950 1303 984 suos
1315 961 1369 994 per
1392 952 1478 986 varia
1504 953 1706 996 poeniteutiae
1727 967 1824 1000 opera
1845 956 1887 991 ad
1908 955 2114 1000 suscipienda

1230 1000 1288 1035 tria
1310 1001 1510 1036 initiationis
1533 1004 1742 1040 Sacramenta
1764 1003 1924 1051 purgabat
1944 1015 2114 1050 acpraepa-

1229 1049 1336 1085 rabat.
1358 1049 1539 1087 Ambiebat
1551 1053 1655 1088 videri
1673 1055 1769 1098 plene
1783 1056 1990 1092 Christianus
2003 1081 2011 1089 .

1278 1101 1423 1136 Omnem
1447 1100 1535 1137 hanc
1547 1103 1759 1140 Dia-bolicarn
1780 1106 2022 1143 aemulationem
2034 1107 2115 1152 San-

1228 1153 1294 1185 &us
1306 1150 1437 1195 Martyr
1450 1151 1594 1195 Iustinus
1610 1152 1645 1188 in
1668 1153 1806 1201 dialogo
1829 1167 1906 1191 cum
1919 1154 2111 1200 Tryphone

1228 1199 1338 1244 Judoeo
1359 1202 1498 1236 affirmat
1519 1212 1704 1239 mutuatam
1715 1216 1758 1239 ex
1778 1205 1866 1248 lsajae
1877 1204 2047 1248 Prophetae
2067 1206 2112 1240 de

1228 1251 1338 1285 futuro
1348 1251 1492 1285 Domini
1513 1253 1638 1297 populo
1661 1253 1785 1289 verbis:
1814 1254 1913 1294 Jstein
1931 1253 2046 1295 excelfis
2055 1253 2112 1290 ba-

1228 1301 1359 1342 bitabit,
1385 1306 1570 1336 munimenta
1588 1305 1731 1337 saxorum
1747 1303 1920 1348 sublimitas
1943 1305 2028 1347 gius,
2053 1313 2112 1348 pa-

1228 1356 1274 1384 nis
1283 1357 1310 1385 ei
1331 1353 1419 1385 datus
1439 1351 1478 1392 est
1490 1376 1501 1393 ‚
1527 1364 1615 1395 aquae
1626 1356 1690 1395 eius
1711 1353 1816 1396 fideles
1833 1352 1924 1397 sunt.
1951 1357 2060 1399 Regem
2075 1361 2112 1389 m

1227 1403 1323 1436 decore
1337 1401 1391 1445 suo
1410 1403 1556 1437 videbunt
1578 1407 1650 1439 oculs
1679 1406 1767 1447 ejus,
1792 1407 1909 1440 cer-'nent
1934 1413 2049 1439 terram
2071 1405 2114 1440 de

1225 1454 1323 1497 longe.
1353 1451 1621 1490 AEtnulationem
1643 1455 1706 1490 effe
1716 1455 1974 1500 antiquiffimam
2000 1455 2114 1490 osten«

1226 1504 1275 1537 dit
1293 1503 1326 1536 in
1340 1505 1580 1539 commentario
1595 1505 1644 1539 de
1666 1505 1724 1549 Ny
1762 1504 1898 1550 pharum
1914 1508 2012 1540 ¹antro
2027 1504 2109 1540 Por-

1217 1553 1362 1597 phyrius
1374 1566 1385 1587 .·
1414 1557 1535 1587 Primus
1554 1555 1707 1596 Zoroastes
1745 1558 1818 1598 pud
1827 1554 1933 1599 Persas
1946 1579 1957 1596 ,
1981 1563 2015 1588 ut
2034 1567 2113 1591 nar!

1224 1613 1273 1637 rat
1285 1602 1354 1636 Eub
1375 1605 1433 1644 lus,
1431 1602 1602 1647 speluncam
1614 1614 1724 1639 natura
1729 1606 1850 1648 fallam
1862 1612 1896 1640 in
1907 1604 2013 1647 Perfiae
2022 1617 2112 1640 mon·

1225 1654 1304 1688 tibus
1315 1616 1495 1696 corbam-vit
1506 1660 1542 1693 ira
1550 1654 1685 1690 bonorem
1695 1667 1795 1690 rernm
1807 1661 1937 1689 omnium
1950 1655 2085 1692 audatis
2092 1679 2112 1698 ,.

1225 1705 1409 1746 &parentis
1431 1704 1556 1739 Mithra
1579 1730 1589 1746 ‚
1614 1716 1648 1740 ut
1665 1713 1720 1748 per
1735 1704 1908 1749 speluncam
1923 1704 2102 1749 fignificat-ee

1225 1756 1399 1802 munauma
1421 1754 1537 1788 Mithra
1547 1758 1720 1790 conditum.
1742 1754 1877 1791 Mithrae
1898 1756 1992 1790 Sacra
2009 1756 2114 1791 fuisse

1225 1805 1259 1838 in
1274 1805 1446 1838 tenebroso
1457 1816 1554 1839 antro
1566 1808 1688 1849 peracia
1699 1806 1788 1840 dixit
1810 1807 1903 1850 supra
1915 1804 2014 1840 etiam
2028 1805 2113 1840 san-

1225 1856 1292 1887 &us
1302 1854 1548 1896 Hieronymus.
1577 1856 1665 1888 lssud
1690 1856 1795 1897 ipsum
1816 1854 1927 1889 statim
1937 1855 2109 1890 audiemus

1223 1914 1264 1937 ex
1277 1902 1425 1946 Septimii
1449 1903 1550 1937 nostri
1573 1903 1658 1937 libro
1678 1903 1720 1937 de
1741 1915 1864 1938 corona
1888 1905 2002 1939 militis
2017 1929 2024 1937 .
2052 1905 2112 1940 Ae.

1225 1954 1305 1987 item
1326 1953 1464 1986 affirmat
1476 1953 1580 1994 Julius
1591 1952 1752 1987 Firmicus
1773 1954 1807 1988 in
1819 1954 1905 1989 libro
1926 1954 1968 1988 de
1986 1955 2109 1989 errori-

1226 2002 1286 2034 bus
1308 2002 1517 2043 profanarum
1542 2000 1782 2044 Religionum:
1807 2005 1899 2037 sacra
1924 2003 2048 2038 Mltbrae
2071 2010 2111 2038 m

1220 2049 1369 2094 speluncis
1389 2049 1506 2082 abditis
1528 2051 1679 2091 tradunt,
1704 2057 1737 2083 ut
1755 2048 1870 2092 semper
1889 2051 2005 2094 obscuro
2031 2063 2113 2087 sene-

1225 2102 1348 2134 brarum
1355 2098 1502 2143 squallore
1518 2099 1659 2141 demersi,
1678 2106 1815 2143 gratiam
1832 2098 1986 2143 splendidi
1995 2097 2040 2135 'ac
2064 2100 2113 2144 se-

1224 2156 1287 2184 reni
1307 2151 1432 2185 luminis
1455 2161 1513 2183 non
1533 2151 1660 2183 videant
1672 2175 1679 2182 .
1706 2150 1885 2184 Rationem
1897 2152 1996 2185 aliam
2009 2150 2113 2186 addu-

1225 2201 1270 2235 cit
1290 2200 1442 2235 laudatus
1452 2199 1612 2244 Justinus:
1639 2197 1816 2243 ,Qui50l1s‚
1841 2202 1878 2234 id
1891 2201 1930 2242 est
1943 2226 1955 2242 ‚
1982 2200 2109 2235 Mitbrae

1225 2254 1317 2285 sacra
1336 2252 1371 2285 (τ
1398 2250 1529 2290 mysteria
1550 2250 1677 2284 tradunt
1689 2274 1699 2291 ‚
1725 2261 1791 2287 eum
1811 2261 1851 2284 ex
1868 2259 1959 2293 petra
1999 2260 2113 2285 natum.

1224 2301 1274 2344 esse
1284 2302 1458 2344 confirmant
1468 2325 1479 2342 ,
1507 2299 1718 2344 &speluncam
1734 2310 1844 2334 vocant
1863 2302 1956 2335 locum
1967 2326 1980 2343 ,
2004 2307 2038 2336 in
2047 2313 2106 2344 quo

1225 2353 1365 2385 occultari
1385 2363 1432 2385 eos
1446 2376 1457 2392 ,
1484 2357 1536 2393 qui
1556 2357 1582 2384 ei
1602 2352 1749 2390 credunt,
1774 2351 1903 2394 asserunt
1926 2377 1934 2384 .
1961 2350 2111 2386 Primam

1226 2414 1267 2434 ex
1280 2401 1453 2441 Danielis,
1479 2401 1667 2435 Dominum
1688 2402 1751 2434 effe
1778 2402 1920 2444 lapidem
1941 2402 1982 2436 de
1993 2412 2112 2436 monte

1225 2451 1291 2484 fine
1302 2451 1455 2484 manibus
1464 2451 1608 2484 excisum
1620 2450 1843 2494 praedicantis,
1870 2452 2003 2486 alteram
2019 2452 2113 2486 fabu-·

1226 2502 1290 2535 lam
1301 2500 1403 2535 asserit
1416 2511 1583 2543 acceptam
1594 2511 1636 2534 ex
1646 2500 1855 2535 aemulatione
1868 2501 1954 2544 lsajae
1965 2501 2110 2544 Prophe-

1224 2563 1261 2585 tae
1278 2551 1314 2584 in
1336 2551 1399 2594 jam
1419 2549 1566 2585 adductis
1587 2550 1713 2584 verbis:
1743 2553 1934 2584 Munimema
1961 2553 2111 2585 saxorum

1220 2601 1393 2644 sublimitas
1415 2603 1498 2643 ejus.
1526 2599 1661 2634 Mithra:
1682 2598 1723 2634 de
1744 2612 1827 2644 pane
1850 2600 1977 2635 &vino
1990 2603 2115 2646 sacrifi*

1223 2653 1313 2685 cium
1330 2649 1411 2685 dicit
1430 2652 1639 2694 desumptum
1662 2662 1704 2685 ex
1715 2648 1801 2684 hisce
1820 2649 1923 2684 verbis
1938 2665 1950 2684 .·
1976 2654 2110 2687 Panisci

1224 2704 1316 2735 datus
1337 2700 1395 2742 est,
1421 2712 1506 2743 aquae
1521 2703 1587 2742 ejus
1592 2700 1697 2746 fideles
1710 2726 1717 2733 .
1745 2700 1853 2735 Addit
1875 2702 1910 2735 in
1926 2700 1987 2736 hac
2005 2701 2109 2736 etiam

1223 2750 1399 2794 prophetia
1421 2751 1565 2785 omnino
1593 2751 1660 2784 fieri
1688 2751 1894 2785 mentionem
1933 2751 1974 2785 de
2001 2763 2110 2796 pane,

1223 2814 1308 2845 quem
1321 2801 1404 2835 nobis
1415 2801 1550 2845 Christus
1563 2805 1708 2834 Dominus
1719 2801 1811 2842 noster
1823 2801 2034 2844 conficiendum
2045 2811 2110 2835 tra-

1222 2854 1317 2893 didit,
1334 2861 1368 2885 ut
1380 2853 1600 2885 recordaremur·
1615 2859 1718 2894 corpus
1730 2863 1794 2885 eum
1802 2852 1852 2895 effe
1855 2851 1977 2894 fadum
1987 2876 1998 2893 ,
2013 2862 2113 2886 eorum

1224 2902 1311 2946 causa
1328 2906 1420 2945 quiin
1432 2901 1528 2945 ipsum
1538 2903 1679 2936 credunt.
1710 2905 1755 2934 Et
1765 2903 1803 2936 de
1821 2903 2028 2945 poculo,.quod
2036 2912 2111 2936 rec-0⁴

1223 2951 1477 2997 tendi-sanguinis
1490 2951 1538 2995 sui
1549 2950 1640 2995 causa
1659 2952 1994 2996 conficiendumgrasisss
2018 2962 2110 2996 agen-

1224 3004 1307 3038 tibus
1331 3004 1462 3037 tradidit
1474 3027 1481 3034 .
1511 3002 1593 3037 Haec
1616 3002 1711 3036 verba
1724 3028 1735 3044 ‚
1761 3005 1870 3047 Regem
1888 3007 1923 3035 in
1943 3003 2039 3036 decore
2054 2998 2108 3044 fito

1222 3054 1367 3087 videbunt
1389 3054 1462 3087 oculi
1483 3054 1550 3094 ejus
1563 3077 1574 3093 ‚
1600 3052 1698 3086 nobis
1723 3054 1984 3088 resurrectionem
2002 3049 2108 3085 carnis

1222 3104 1383 3148 spondent
1394 3127 1405 3143 ‚
1414 3104 1448 3137 &
1464 3114 1506 3136 ex
1517 3103 1588 3147 ipsis
1598 3101 1736 3137 eandem
1748 3101 1874 3137 Mithra
1885 3102 1983 3136 etiam
1997 3101 2060 3135 suis
2071 3100 2108 3134 fi·

1221 3154 1348 3188 delibus
1359 3152 1554 3198 spopondit.
1584 3154 1650 3188 Res
1662 3153 1762 3188 mira.
1785 3154 1881 3187 *Nam
1907 3151 2109 3186 resurrectio-

1221 3216 1298 3238 nem
1310 3204 1396 3238 hanc
1410 3203 1499 3237 nulla
1524 3214 1668 3247 unquam
1683 3203 1819 3248 gentilis
1828 3202 1915 3236 Secta
1942 3198 2079 3234 credidit
2092 3223 2104 3240 ‚

1219 3253 1301 3289 adeo
1310 3265 1347 3289 ut
1360 3253 1570 3288 Atheniensis
1582 3252 1700 3288 Schola
1710 3277 1722 3294 ,
1745 3252 1895 3287 omnium
1911 3250 2039 3292 penitus
2053 3251 2107 3284 Se·

1219 3306 1342 3338 starum
1356 3304 1536 3348 inquifitrix
1557 3303 1726 3338 &fautrix
1737 3327 1750 3344 ‚
1775 3302 1842 3344 ejus
1861 3299 2102 3342 praedicatorem

1221 3354 1422 3398 Apostolum
1435 3353 1575 3389 Paulum
1587 3353 1723 3388 tefuerit
1736 3360 1897 3386 novorum
1910 3349 2105 3384 Daemonio-

1979 3411 2053 3434 rum
