2346 3724
124 1402 147 1433 Ι,
173 1412 188 1434 r
216 1403 256 1434 in,

136 1439 183 1472 dic
209 1452 235 1470 τ..

124 1479 207 1516 Epist.
229 1492 255 1519 7.

95 1823 126 1855 1.
139 1834 254 1860 mm·

114 2093 190 2131 Cap·
209 2104 254 2124 ιι.

98 2591 252 2627 L3.c.19.

747 168 884 212 CA
1047 177 1163 209 rr

957 181 979 210 1³

277 247 434 296 alnensis.
463 247 574 284 Etiam
595 249 753 284 Romame
766 249 912 284 Ecclefiae
926 247 1078 290 antiquus
1095 246 1156 280 Or-

277 300 343 339 d0‚
372 297 428 334 ubi
449 298 491 333 de
512 299 696 343 Presbyteri
721 299 963 334 consectatione
974 298 1065 342 agit,
1092 296 1156 328 lau-

278 349 335 383 dat
356 347 560 386 Diaconiffas
594 344 630 383 ac
652 349 893 394 Presbyteriffas
917 374 923 380 .
963 346 1156 382 Notandum

278 408 389 432 tamen
411 399 456 435 est
470 422 481 441 ,
504 400 682 443 quod'non
705 398 985 443 dicatDiacom'ffits
1011 409 1046 430 ac
1072 399 1155 428 Pret-

277 447 422 491 byterrffas
438 474 450 492 ‚
476 450 527 483 sed
543 450 724 493 Diaconiffas
744 449 966 492 Prerbyterz'ffas
979 472 986 479 .
1014 446 1156 483 Videtur

276 496 388 534 ambas
409 499 443 532 in
457 509 559 535 unum
570 499 793 541 confundere,
819 499 851 532 &
865 501 1000 533 unicum
1020 496 1157 543 gradum

274 547 420 583 censere.
449 548 551 597 Qod
572 550 689 593 nempe
710 559 789 585 verae
810 548 1047 591 Presbytetiffae
1059 546 1157 582 effent

275 595 346 633 illic
365 598 528 637 exstinctae
550 623 558 631 .
584 599 716 636 Interim
740 599 774 637 ὃς
799 598 978 643 Gregorius
1000 596 1160 633 secundus

274 642 435 682 Pontifex
454 674 465 690 ,
492 650 526 683 δε
549 648 618 692 ejus
643 650 801 685 successor
826 647 1000 688 Zacharias
1026 646 1158 684 laudant

274 707 312 733 ac
333 696 538 742 distinguunt
561 699 1011 744 Presbyteram,Diaconam
1029 715 1040 740 ⁵
1067 696 1160 734 Non-

275 757 352 781 nam
373 770 384 787 2
409 748 442 782 &
463 749 667 788 Monacham
689 775 700 792 ,
737 749 955 793 omnibusque
977 747 1160 792 aequaliter,

274 807 312 831 ut
325 797 414 833 sacro
426 810 506 833 voto
519 800 628 848 ligatis
640 824 652 840 ,
677 800 809 842 nuptias
822 800 1039 836 interdicunt·
1066 796 1159 839 Quin

276 847 309 884 ὃς
335 847 492 893 insignem
521 850 823 895 Presbyteriffarum
844 849 1036 886 memoriam
1064 845 1160 882 habet

275 896 310 928 in
339 897 455 935 litteris
474 898 514 934 ad
535 899 745 945 Jannuarium
768 898 995 937 Calaritanum
1022 898 1162 940 Episco-

273 956 353 988 pum
374 956 412 983 ac
448 947 599 983 Sardiniae
618 948 870 992 Metropolitam
908 949 1054 995 Magnus
1074 946 1161 991 Papa

275 995 478 1038 Gregorius:
505 1001 678 1034 Communis
698 999 781 1043 filius
804 998 1003 1044 Epiphanius
1025 1020 1037 1040 ‚
1063 997 1162 1031 Archi-

270 1044 426 1086 presbyter
453 1047 543 1092 vester
565 1071 575 1087 ‚
612 1047 763 1091 respondit
783 1050 907 1085 siricam
932 1073 943 1089 ‚
982 1047 1162 1091 nuperrime

274 1095 351 1128 defu
358 1098 462 1133 nolam
487 1097 666 1142 Abbatiffam
681 1123 690 1138 ,
714 1097 802 1141 usque
825 1100 869 1132 ad
879 1099 957 1132 ollem
969 1098 1064 1134 obitus
1076 1099 1162 1131 indui

267 1142 301 1187 se
324 1146 496 1183 Monac-hita
515 1148 592 1185 velle
615 1149 729 1191 noluisse
741 1174 750 1189 ‚
770 1147 827 1194 sed
838 1154 871 1182 ln
884 1148 1007 1187 vestibus
1019 1172 1030 1190 ‚
1056 1148 1161 1190 quibus

272 1195 325 1230 loct
338 1195 417 1230 illius
438 1204 563 1232 utuntur
575 1199 756 1238 Presbyterae
767 1223 778 1240 ,
801 1198 986 1242 permanfiffe
998 1223 1005 1232 .
1037 1201 1088 1234 Ad
1099 1197 1163 1233 haec

272 1244 433 1285 replicabat
454 1250 607 1284 Gramma
619 1273 629 1289 ‚
656 1249 764 1287 Sit-icae
785 1249 820 1283 in
847 1250 960 1284 locum
988 1248 1136 1285 Praefecta
1150 1271 1160 1286 2

274 1294 325 1326 hoe
342 1295 477 1336 pene‘ex
496 1298 701 1342 conficetudtne
727 1301 831 1342 licuisse
843 1323 854 1342 ,
879 1301 955 1333 adea)
980 1307 1014 1334 ut
1026 1297 1167 1345 Abbattfi'

269 1343 361 1386 sam,
387 1358 453 1387 quae
475 1358 546 1383 ante
565 1351 687 1383 siricam
705 1347 809 1391 fuerat
820 1373 831 1388 ,
857 1349 970 1383 talibus
996 1347 1082 1392 usam
1089 1347 1171 1391 suis:

270 1392 303 1441 se
326 1392 451 1434 vestibus
473 1398 631 1439 allegaret.
660 1398 824 1435 Discimus
846 1397 925 1433 hinc
946 1399 1038 1442 plura
1053 1423 1060 1431 .
1088 1399 1162 1432 Pri-

276 1442 333 1476 πιὸ
356 1467 368 1483 ,
408 1444 498 1487 quod
518 1446 665 1483 Sardinia
687 1449 787 1488 usque
816 1458 896 1480 tunc
918 1447 1164 1489 Presbyteriffas

273 1490 441 1530 habueritt
470 1495 643 1536 Secundo,
669 1495 759 1539 quod
780 1495 830 1530 hae
848 1493 1024 1542 habuerint
1045 1496 1160 1534 distin,

274 1543 358 1576 Ciam
388 1542 430 1577 ab
450 1544 524 1579 aliis
546 1547 666 1580 vestem
681 1571 688 1582 .
717 1546 838 1582 Tertio
851 1570 862 1586 ‚
887 1545 975 1592 quod
989 1557 1098 1584 earum
1113 1558 1163 1580 ve·

273 1592 331 1635 ffis
351 1590 447 1631 fuerit
469 1592 663 1633 honoratior
674 1597 758 1633 vesse
772 1595 1014 1634 Abbatiffarum
1027 1620 1034 1630 .
1061 1595 1166 1642 Qar-

274 1639 337 1684 to,
364 1642 453 1687 (10ὸᾶ
477 1646 511 1694 ὃς
531 1657 641 1681 earum
665 1646 765 1686 status
793 1648 889 1683 fuerit
910 1647 1008 1682 altior
1031 1673 1039 1680 .
1074 1647 1163 1681 Nam

274 1692 412 1729 vestium
434 1692 580 1740 dignitas
601 1698 743 1740 sequitur
765 1696 962 1741 dignitatem
973 1697 1112 1743 gradus.

285 1775 290 1789 -.
324 1743 473 1790 Qaestio
496 1747 582 1783 sexta
609 1748 678 1788 est,
709 1746 839 1795 Qubus
858 1747 1010 1783 decausis
1023 1748 1163 1783 Ecclesia

274 1791 332 1829 has
356 1793 565 1841 presbyteras
585 1796 790 1842 abrogaverit
811 1799 824 1831 ?
849 1797 1050 1842 Respondeo
1068 1799 1163 1834 abro-

273 1853 366 1887 gatas
387 1844 433 1881 ob
450 1844 532 1889 duas
552 1848 720 1890 praesertim
747 1849 856 1882 causas
873 1874 880 1881 .
906 1847 963 1884 Ob
982 1860 1092 1883 earum
1115 1851 1166 1886 su-

273 1891 515 1941 perfluitatem,
540 1908 577 1933 ac
603 1897 813 1935 inutilitatem
835 1922 842 1930 .
868 1897 1013 1935 Primam
1036 1900 1164 1936 causam

272 1942 408 1989 adducit
436 1945 473 1986 in
496 1946 638 1983 Panario
662 1949 796 1985 Sanctus
826 1947 1055 1993 Epiphanius:
1083 1951 1166 1985 Illud

273 1994 434 2038 diligenter·
457 1995 676 2040 observandum
696 1998 734 2038 est
750 1997 846 2041 solum
869 2001 1103 2042 Diaconlffarum
1116 2000 1165 2042 of*

268 2041 371 2084 fictum
385 2046 436 2090 od
456 2046 681 2088 Ecclefiasttcum
705 2049 850 2083 Ordinem
853 2048 944 2092 fuiffe
956 2051 1141 2094 necessarium
1153 2077 1161 2085 .

272 2093 455 2141 Enumerat
476 2096 627 2143 pleraque
647 2097 915 2142 presbyteratum
939 2101 1073 2143 antiqua
1094 2102 1165 2135 offi-

272 2143 348 2184 C5²2
373 2143 410 2191 ὃς
433 2146 500 2191 ipsa
525 2148 661 2193 affigunt
681 2149 882 2185 Diaconiffis
898 2174 906 2184 .
932 2150 1032 2197 Qod
1058 2152 1163 2195 ipsum

272 2189 351 2233 facit
375 2195 410 2228 in
434 2195 618 2231 Catholicae
642 2198 717 2239 fidei
747 2211 784 2234 ac
805 2199 989 2242 disciplinae
1000 2201 1161 2245 exposito-

272 2244 323 2277 rio
346 2243 477 2280 libello.
504 2247 635 2289 Nempe
646 2249 760 2283 omnia
780 2250 939 2283 sacrarum
953 2249 1162 2284 foeminarum

272 2293 388 2328 munia
413 2295 500 2339 posse
523 2305 577 2337 per
599 2296 734 2336 unicum
757 2296 919 2331 Ordinem
933 2298 1001 2330 fieri
1022 2296 1161 2332 advertit

270 2342 484 2386 Laodiceufis
518 2344 672 2385 synodus
690 2367 702 2382 ,
740 2344 882 2385 ideoque
899 2343 992 2378 *duos
1016 2344 1162 2379 Ordines

269 2390 436 2437 contraxit
459 2390 493 2424 in
517 2402 640 2426 unum.
670 2391 713 2426 Et
735 2404 804 2425 non
828 2393 1035 2427 Diaconiffas
1057 2395 1159 2428 extin-

269 2440 344 2485 xit*
364 2439 425 2483 sed.
441 2438 705 2485 Presbyteriffas.
734 2442 828 2476 Hinc
849 2443 962 2477 omnia
979 2442 1093 2478 harum
1105 2455 1162 2478 an-

269 2489 360 2534 tiqua
382 2491 495 2526 munia
516 2491 551 2525 in
575 2490 649 2526 istas
674 2491 856 2527 transcribit
879 2493 979 2530 etiam
992 2493 1159 2537 Apostoli-

269 2550 382 2574 carum
403 2541 690 2578 constitutionum
713 2540 854 2582 author,
879 2553 977 2587 atque
988 2543 1156 2589 adjungit:

271 2595 396 2633 Utique,
423 2592 458 2628 &
477 2592 895 2632 Diaconi&Diaconiffae,
921 2593 1026 2627 obeunt
1051 2605 1156 2628 munus

272 2643 455 2682 nuntiandi,
480 2645 717 2686 peregrinandi,
743 2642 955 2684 ministrandi,
975 2642 1152 2686 serviendi.

272 2691 471 2736 Unusquisque
490 2691 560 2736 suas
581 2700 685 2735 partes
702 2692 839 2736 agnoscat
854 2718 865 2734 ,
903 2695 939 2729 Θ
960 2705 1012 2727 eat
1029 2694 1155 2733 studiose*

272 2755 367 2789 agat,
397 2747 431 2780 (ς
451 2744 583 2780 concordi
605 2748 724 2783 animo,
750 2745 861 2779 &cum
882 2743 1030 2778 charltate
1043 2753 1094 2785 ,ut
1104 2751 1156 2787 qut

272 2796 424 2837 minsterii
439 2795 598 2830 mercedem
622 2805 679 2827 non
699 2799 844 2838 ignoretis
869 2817 875 2826 .
905 2794 1047 2830 Mandat
1069 2795 1154 2829 circa

272 2847 423 2882 soeminas
449 2845 562 2879 omnia
586 2844 807 2878 Ecolefiastica
842 2843 1019 2879 ministeria
1042 2870 1053 2886 ‚
1087 2856 1154 2889 quae

271 2898 358 2931 circa
379 2897 465 2938 viros
484 2896 503 2931 ὲ
523 2894 684 2930 Diaconis
711 2894 819 2934 fiunt,
846 2894 916 2928 fieri
937 2893 956 2928 ὲ
980 2894 1155 2930 Diaconis-

270 2948 310 2982 fis
330 2972 338 2980 .
378 2946 512 2989 Utique
529 2943 574 2978 ob
599 2945 715 2980 dictam
732 2942 1004 2987 Presbyteralium
1027 2947 1154 2981 officio-

269 3009 341 3033 rum
364 2998 398 3031 in
420 2994 625 3031 Diaconiffas
646 2995 763 3030 factam
781 2995 802 3032 ὸ,
828 2994 1023 3031 Laodicenfi
1051 2996 1155 3040 Syno-

269 3051 315 3086 do
337 3046 602 3084 translationem.

283 3121 289 3125 -
323 3090 445 3134 Altera¹
458 3094 556 3138 hujus
567 3094 789 3130 translationis
801 3106 838 3130 ac
848 3094 1073 3140 abrogationis
1084 3108 1153 3131 cau·

271 3153 302 3184 sa
326 3150 387 3185 fuit
408 3143 822 3186 istarum,Presbyterarum
838 3146 1022 3185 inutilitas,
1050 3146 1154 3182 immo

269 3205 303 3237 ἀ
326 3189 543 3246 perniciosius
562 3220 572 3235 ,
608 3204 677 3230 orta
698 3204 739 3227 ex
755 3195 852 3231 variis
872 3196 1012 3238 ipsarum
1028 3197 1154 3232 excelsi-

271 3253 332 3288 bus
349 3273 361 3291 ,
385 3244 427 3286 de
455 3247 573 3291 quibus
594 3245 629 3278 in
655 3243 863 3278 Laodicenfis
884 3245 1031 3278 Canonis
1054 3245 1153 3280 Com-

269 3299 433 3340 mentatio
442 3295 645 3335 Theodorus
661 3294 834 3330 Balsamon
848 3307 858 3329 ,-
885 3298 1060 3336 Antiquttus
1071 3308 1154 3338 quae-

270 3358 341 3391 dam
362 3350 474 3386 vetulae
495 3347 651 3385 mulieres,
676 3350 708 3379 ln
719 3344 879 3379 Catholicis
894 3343 1026 3386 Ecclest'ts
1045 3344 1151 3389 seden-

1204 253 1263 819 (τω
1276 267 1286 283 ,
1313 245 1445 286 reliquas
1465 243 1548 287 forte*
1576 245 1712 287 mulieres
1733 248 1776 279 ad
1792 248 1897 282 bonum
1921 249 2110 289 &honestum

1192 2754 1206 3461 f

1226 2099 1252 2132 E
1287 2097 1344 2132 hic
1366 2098 1639 2135 Ortbodoxarum
1664 2096 1849 2131 Viduarum
1874 2100 2018 2132 excessus
2032 2099 2121 2133 vide-

1222 2159 1275 2185 tur
1295 2149 1395 2183 etiarn
1420 2149 1520 2183 nostri
1546 2147 1701 2182 Dostoris
1744 2148 1891 2183 Africam
1931 2150 2082 2183 infecisse
2110 2174 2118 2186 -.

1323 177 1343 205 s
1451 163 1597 206 ΙΙΙ.

1236 178 1251 207 1
1983 183 2042 226 27

1219 294 1365 329 Ordinem
1385 293 1572 336 fiervandum
1596 295 1778 327 deducebant
1803 322 1809 327 .
1847 302 1930 340 ,Quia
1952 309 2049 333 autem
2071 313 2109 333 ex

1218 354 1318 377 earum
1341 342 1545 390 consuetudine
1559 368 1570 384 ,
1596 356 1626 378 eo
1647 347 1726 388 quod
1748 345 1894 387 honestum
1916 349 1952 387 est
1963 362 2019 383 non
2030 350 2107 384 rec¹7e

1216 399 1385 435 utentium,
1412 397 1462 428 vel
1476 402 1597 437 propter
1623 402 1832 439 arrogantiam
1859 421 1868 435 ‚
1897 400 1948 430 vel
1984 408 2107 441 propter

1216 451 1332 484 turpem
1358 444 1500 487 quaestum
1525 446 1650 489 quidam
1685 445 1932 489 offendebantur,
1955 449 2107 488 prohibue-

1216 502 1287 525 runt
1314 496 1441 535 Patres,
1469 506 1505 528 ne
1529 496 1666 536 deinceps
1690 498 1805 529 omnino
1820 497 1908 539 essent
1929 503 1961 529 in
1973 499 2105 539 Ecclefits

1219 543 1399 583 Presbyterae
1423 546 1475 579 vel
1498 543 1712 585 Praefidentes.
1743 547 1871 582 Primus
1884 548 1983 591 igitur
1998 559 2105 582 earum

1216 594 1355 629 excessus
1378 595 1442 630 fuit
1463 596 1668 639 arrogantia.
1697 596 1830 640 Utique
1859 608 1933 630 nata
1961 609 2002 639 ex
2029 599 2106 642 glo-

1219 643 1303 680 rioso
1341 655 1417 681 curn
1441 644 1640 687 presbyteris
1675 646 1761 680 intra
1796 647 1918 681 sacrum
1942 647 2107 681 Tribunal

1218 694 1363 730 consessu
1387 718 1398 734 ,
1436 706 1477 729 ex
1500 695 1589 729 varia
1614 695 1805 730 Ptaefedhrra
1835 698 1868 730 ἒ(
1891 697 2109 741 Magistratu,

1219 754 1255 777 ac
1278 756 1318 777 ex
1341 745 1458 781 summi
1485 743 1621 779 honoris
1643 746 1775 792 fastigio
1790 773 1797 779 .
1825 747 1897 780 Nec
1910 748 2032 783 mireris
2045 746 2109 781 hoc

1219 794 1253 828 in
1278 795 1434 830 foemina.
1463 794 1552 831 Nam
1573 796 1791 834 &Diaconos
1813 809 1853 831 ex
1878 798 2006 833 suarum
2034 798 2109 832 Tun-

1219 843 1365 878 {tionum
1385 844 1547 889 dignitate
1568 846 1661 880 fuisse
1684 847 1768 881 olim
1805 848 2107 893 arrogantiffirnos,

1221 906 1258 929 ac
1279 905 1332 937 per
1355 895 1461 929 varios
1482 896 1637 930 Canones
1649 895 1792 933 debuiffe
1819 898 1897 940 poni
1914 899 1946 932 in
1958 898 2110 941 capistro,

1220 944 1263 979 cst
1286 945 1441 980 omnibus
1465 946 1671 989 exploratum
1695 971 1702 979 .
1734 948 1776 981 Et
1801 947 1879 981 binc
1908 950 2041 985 fortasse
2067 947 2110 981 A·

1222 994 1451 1037 postoliearurn
1472 996 1759 1031 Constitutionum
1798 999 1923 1032 Aueior
1951 999 2108 1039 mandat,

1222 1055 1256 1080 ut
1269 1046 1465 1083 Diaconissae
1475 1056 1551 1083 cum
1564 1047 1726 1084 Diaconis
1739 1050 1862 1083 servent
1877 1047 2087 1084 concordiam
2099 1074 2110 1089 ‚

1221 1095 1255 1131 δε
1278 1095 1337 1131 suo
1357 1106 1492 1132 munere
1524 1108 1599 1133 cum
1639 1109 1715 1141 pace
1738 1099 1918 1141 fungantur
1936 1123 1943 1132 .
1982 1099 2111 1142 Nempe

1222 1155 1263 1178 ne
1286 1156 1415 1189 propter
1437 1144 1590 1181 tianslata
1612 1146 1645 1180 in
1670 1149 1699 1180 se
1721 1146 1987 1190 presbyteratum
2002 1149 2112 1192 officia

1224 1195 1401 1237 inflentur,
1427 1196 1461 1233 ἀ
1485 1196 1594 1231 nolint
1618 1197 1778 1233 Diaconis
1803 1197 1958 1233 obedire.
1990 1199 2112 1243 thui·

1223 1243 1298 1279 dem
1324 1246 1553 1283 Diaconorum
1573 1249 1742 1293 arrogatio
1760 1248 1842 1283 olim
1864 1248 2113 1287 adedexcrevir‚

1224 1306 1259 1329 ut
1280 1297 1315 1332 ὃς
1339 1296 1482 1333 humana
1505 1299 1539 1335 <Sc
1561 1298 1688 1332 Divina
1727 1299 1880 1332 mandata
1920 1298 2112 1342 praevaricati

1225 1356 1292 1379 non
1319 1348 1508 1385 erubuerint
1528 1358 1687 1383 attentare
1719 1348 1923 1384 oblationem
1948 1349 2047 1382 nostri
2074 1350 2116 1383 sa-

1224 1396 1339 1430 crificii
1352 1421 1363 1436 ‚
1390 1409 1427 1431 ac
1449 1399 1722 1433 Sacramentalem
1742 1399 1841 1433 etiam
1857 1399 2115 1434 Reconciliatio-

1225 1456 1314 1481 nem.
1343 1447 1392 1485 ita
1411 1449 1443 1485 ὅ(
1459 1447 1757 1494 Presbyteriffarum
1771 1459 1879 1482 tumor
1890 1449 1951 1481 fuit
1965 1448 2114 1490 lapsusin

1225 1495 1396 1540 sacrilegos
1415 1508 1453 1529 ac
1466 1496 1648 1532 Haereticos
1659 1499 1770 1534 ausus,
1799 1497 1839 1530 de
1860 1496 1977 1540 quibus
1991 1499 2116 1535 Dostor

1225 1544 1259 1577 in
1281 1543 1347 1578 hoc
1368 1544 1438 1589 ipso
1462 1545 1565 1584 libro:
1593 1543 1672 1588 Ipsae
1697 1548 1832 1580 mulieres
1856 1547 2002 1580 haereticae
2026 1549 2117 1591 qucim

1219 1602 1381 1638 procaces,
1407 1607 1477 1638 quae
1500 1596 1634 1628 audeant
1654 1597 1777 1636 docere,
1803 1599 1997 1636 contendere,
2021 1602 2117 1630 Exor-

1222 1642 1324 1686 cismos
1344 1656 1430 1690 agere
1452 1669 1463 1686 ,
1503 1652 1669 1679 curationes
1691 1653 1867 1688 promittere
1890 1673 1898 1687 ,
1930 1645 2057 1689 forfitan
2082 1650 2115 1681 <5

1224 1701 1352 1738 tingere.
1382 1695 1537 1730 Omnino
1561 1697 1594 1729 ὃς
1617 1697 1762 1740 tingere.
1793 1697 1901 1732 Etiam
1927 1699 2116 1738 sacrificare,

1225 1745 1456 1786 reconciliare,
1488 1757 1646 1781 attentare
1673 1747 1892 1786 Sacerdotalia
1906 1749 2040 1782 omnia.
2068 1748 2117 1781 Ea

1225 1804 1426 1831 attentarunt
1442 1797 1718 1835 Marcionitarum
1731 1822 1742 1838 ‚
1766 1798 2049 1832 Montanissarum
2061 1824 2071 1839 ,
2082 1800 2117 1832 &

1225 1845 1534 1889 Collyridianorum
1557 1847 1707 1884 mulieres,
1734 1871 1742 1879 .
1778 1849 1886 1886 Immo
1915 1850 1947 1882 &
1971 1849 2117 1892 quadam

1226 1895 1346 1933 Viduae
1370 1895 1642 1936 orthodoxarum
1665 1898 1900 1932 Eccleliarum.
1929 1900 2032 1946 QOd
2071 1901 2119 1932 so-

1225 1945 1378 1984 lemniter
1398 1948 1440 1984 ab
1468 1948 1638 1992 Episcopis
1674 1950 1774 1985 essent
1796 1949 1972 1985 benedietae
1999 1975 2009 1990 ‚
2048 1961 2125 1984 cen-

1224 1998 1356 2033 suerunt
1378 1999 1410 2033 se
1441 1999 1644 2035 consecratas
1668 2025 1675 2033 .
1715 2000 1758 2033 Et
1779 2001 1994 2037 Montanistae
2020 2010 2120 2040 atque

1223 2047 1447 2091 Collyridiani
1469 2050 1550 2092 ipsas
1572 2051 1670 2083 etiam
1697 2058 1898 2082 attentarunt
1913 2048 2119 2083 consecrare.

1224 2199 1270 2231 Ita
1294 2198 1428 2231 suadent
1450 2196 1518 2239 ejus
1540 2196 1638 2233 verba
1662 2197 1696 2229 in
1721 2196 1805 2233 libro
1826 2200 1866 2233 de
1890 2200 2035 2237 velandis
2049 2198 2118 2233 Vir·.

1223 2244 1356 2290 ginibus
1377 2259 1388 2280 :
1428 2250 1501 2279 Non
1519 2252 1707 2288 permittitur
1734 2250 1850 2282 mulieri
1871 2254 1903 2281 in
1927 2249 2055 2290 Ecclesia
2080 2251 2120 2283 la·
2137 2263 2210 2300 Cap,
2228 2274 2255 2299 9·

1222 2300 1299 2335 qui,
1320 2293 1379 2339 sed
1399 2305 1451 2329 nec
1469 2296 1587 2334 docere,
1613 2307 1664 2330 nec
1686 2303 1823 2341 tingere,
1848 2310 1899 2332 nec
1911 2299 2035 2340 affine,
2063 2312 2114 2333 nec

1223 2344 1312 2377 ulliur
1332 2343 1433 2378 virilis
1457 2350 1586 2379 muneris
1607 2369 1618 2388 2
1656 2349 1765 2379 nedum
1789 2351 1983 2382 sacerdotalis
2011 2351 2112 2392 officit,

1218 2391 1329 2435 sortem
1349 2394 1508 2429 vindicare
1525 2419 1532 2426 .
1575 2395 1688 2430 Palam
1712 2398 1781 2442 agit
1803 2398 1844 2432 de
1874 2399 2117 2435 Praefidentibus

1225 2443 1364 2478 Viduis.
1390 2443 1562 2491 Qorsum
1591 2455 1684 2480 tanto
1705 2448 1829 2491 impetu
1855 2450 1871 2481 ἒ
1899 2450 2001 2497 Qod
2028 2462 2117 2494 quae-

1222 2492 1296 2527 dam
1309 2495 1538 2537 praesumerent
1551 2494 1666 2530 similia
1679 2521 1689 2536 ‚
1716 2507 1772 2531 aut
1782 2500 1882 2534 etiam
1894 2510 2095 2535 attentarent
2107 2526 2115 2533 .

1225 2544 1334 2578 Etiam
1370 2544 1638 2587 Apostolicarum
1660 2547 1949 2584 Constitutionurn
1991 2551 2116 2585 Auctor

1221 2593 1392 2628 Christum
1416 2595 1602 2630 Dominum
1615 2596 1726 2632 laudat
1743 2623 1754 2638 ,
1775 2599 1862 2643 quod
1877 2612 1938 2634 nec
1949 2611 2117 2636 commen-

1221 2644 1305 2679 datis
1327 2644 1361 2677 in
1390 2644 1578 2690 Evangelio
1596 2647 1805 2689 mulieribus,
1834 2649 1936 2684 immo
1962 2662 2022 2685 nec
2045 2663 2116 2696 pro-

1222 2696 1294 2737 priae
1316 2695 1380 2729 suae
1401 2695 1496 2729 matri
1521 2698 1699 2739 permiserit
1738 2699 1867 2742 publice
1902 2701 2053 2735 docendi*
2070 2703 2116 2736 fa·

1219 2745 1376 2779 cultatem
1393 2769 1403 2785 ‚
1427 2746 1461 2780 ὅ(
1474 2746 1623 2792 adjungit
1641 2761 1648 2780 :
1672 2749 1769 2781 Vidua
1787 2755 1879 2793 igitur
1900 2749 1978 2792 sciat
2000 2750 2051 2791 effe
2064 2753 2112 2783 Al·
2132 2754 2162 2784 1..
2179 2762 2208 2791 3·
2225 2760 2287 2786 c.6.

1220 2803 1285 2828 tare
1308 2797 1386 2834 Det,
1417 2798 1451 2829 (τ
1477 2796 1555 2828 domi
1568 2801 1633 2839 Juae
1650 2796 1774 2839 sedeat.
1804 2798 1904 2832 Haud
1933 2799 2032 2833 dubie
2058 2813 2114 2835 no-

1219 2855 1266 2879 tat
1288 2846 1431 2882 excessus
1450 2870 1461 2891 2
1489 2845 1607 2895 quibus
1627 2847 1834 2883 Praefideutes
1862 2847 1983 2889 Vidure
2022 2850 2113 2889 labo·

1218 2905 1339 2930 tarant-

1269 2944 1516 2989 Aliosipsarum
1526 2950 1670 2983 excelsus
1681 2948 1831 2991 exposuit
1855 2950 1991 2992 suprain
2016 2950 2106 2987 libris

1220 2995 1261 3029 de
1285 2995 1474 3030 Sacerdotio
1501 2999 1635 3034 Sanctus
1661 2998 1802 3040 Ioannes
1828 2998 2107 3044 Chrysossornus:

1218 3047 1312 3089 ,Quod
1321 3048 1428 3080 Viduae
1441 3053 1474 3082 in
1488 3048 1588 3083 album
1609 3049 1716 3081 temere*
1726 3048 1894 3090 referantur
1907 3074 1917 3090 ,
1944 3058 2102 3086 innumera

1217 3098 1284 3129 olim
1306 3097 1386 3130 mala
1404 3104 1538 3139 peperit.
1565 3103 1652 3131 Nam
1669 3099 1702 3131 Co·
1713 3098 1857 3140 familias
1877 3101 2077 3142 peffumdedit
2090 3127 2102 3142 ,

1217 3147 1250 3179 Θ
1260 3152 1382 3188 nuptias
1395 3149 1514 3180 divellit
1526 3173 1533 3180 .
1561 3150 1714 3182 Praetered
1728 3148 1782 3183 hac
1791 3160 1852 3182 una
1877 3151 1914 3183 de
1924 3150 2012 3193 causa
2026 3162 2101 3186 com·

1212 3205 1333 3239 pertum
1353 3196 1390 3234 el}
1412 3198 1527 3230 Vlduas
1550 3200 1660 3241 aliquot
1681 3199 1743 3232 tiam
1756 3199 1922 3240 furando,
1948 3203 2011 3234 tiam
2036 3212 2102 3236 cau-

1213 3248 1374 3289 ponando,
1402 3256 1493 3288 atque
1515 3249 1625 3283 altald
1638 3260 1732 3292 genus
1744 3251 1951 3283 committendo
1965 3274 1977 3291 ,
2003 3254 2100 3285 multa

1213 3305 1327 3338 praeter
1338 3298 1516 3341 dignitatem
1538 3299 1571 3331 (et
1581 3300 1713 3331 ordinem
1721 3299 1823 3342 geffiffe
1836 3324 1843 3332 .
1871 3298 1952 3344 Agit
1966 3303 2101 3342 quidem

1216 3346 1258 3383 de
1280 3347 1387 3382 relatis
1410 3347 1445 3381 in
1469 3346 1682 3383 Ecclefiastici
1703 3349 1934 3393 gazophylacii
1948 3353 2101 3385 matricu-

1985 3401 2049 3436 lam
