2346 3724
298 265 395 315 236
699 253 1625 308 V'Scnorrotsi‘.

521 412 597 504 C
654 413 765 520 A
800 370 1014 521 Pssu
1050 402 1171 499 'T
1298 410 1789 519 xxvirn

350 604 583 720 rob
612 605 796 718 apud
830 600 1104 686 :multos
1155 629 1379 701 ‚unum
1432 599 1522 701 est
1581 664 1605 698 ,«
1673 631 1816 712 non·
1842 601 1954 717 [est

651 745 984 817 erratum-2
1013 780 1034 812 ‚
1072 709 1210 823 sed
1266 716 1646 824 traditum.

483 907 555 958 Ge
595 919 711 955 nunc
752 918 908 956 omnes
935 903 1177 954 erraverint
1191 938 1212 962 -,
1250 901 1467 972 deceptus
1503 901 1562 960 fit
1614 905 1658 951 δε
1695 902 1933 971 Apostolus
1970 902 2067 962 de,

518 975 768 1027 testimonio
804 971 1028 1026 reddendo
1065 969 1323 1044 quibusdam
1348 973 1387 1020 .’
1432 973 1619 1029 Nullam
1653 970 1882 1042 respexerit
1927 977 2070 1043 Spiri-*

516 1060 586 1098 tus
626 1050 804 1100 Sanetus
849 1082 863 1108 ,
914 1046 980 1098 uti
1020 1059 1118 1095 earn
1166 1042 1212 1101 in
1250 1044 1481 1094 veritarem
1514 1041 1767 1099 j'deduceret
1813 1081 1827 1106 ,
1879 1044 1934 1094 ad
1976 1045 2064 1094 hoe

516 1113 658 1168 missus
695 1110 735 1168 ὲ
758 1113 987 1176 Christoi.,
1035 1112 1092 1168 ad
1131 1108 1216 1168 hoc
1257 1112 1497 1183 postulatus
1537 1110 1594 1162 de
1634 1116 1763 1162 Patre
1800 1149 1814 1173 ,
1867 1132 1914 1164 ut
1954 1114 2063 1164 esset

224 1185 396 1238 D06tor
445 1188 645 1248 veritatis
679 1222 691 1235 .
763 1186 1026 1250 Neglexerit
1062 1183 1255 1236 officium
1308 1185 1399 1234 Dei
1441 1182 1619 1249 villicus
1655 1218 1670 1242 ,
1722 1182 1883 1242 Christi
1940 1187 2061 1234 vica-

221 1255 312 1304 rius
333 1292 353 1321 ¹,
393 1255 531 1309 sinens
570 1256 780 1313 Ecclefias
812 1258 939 1308 aliter
962 1257 1139 1308 interim
1180 1254 1423 1315 intelligere
1447 1287 1462 1311 2
1501 1253 1627 1301 aliter
1662 1251 1844 1302 credere
1870 1290 1884 1314 ‚
1922 1253 2064 1319 quam—

222 1322 345 1390 quod
383 1323 472 1392 ipse
508 1344 586 1394 per
625 1326 858 1394 Apostolos
893 1323 1158 1396 praedicabat
1196 1358 1210 1371 .
1284 1320 1463 1387 Ecquid
1494 1319 1720 1370 ve'rifi'mile
1758 1321 1820 1370 est
1845 1359 1859 1383 ,
1900 1338 1950 1371 ut
1988 1339 2063 1372 tot

221 1409 278 1450 ac
323 1410 462 1445 tantae.
502 1398 549 1447 in
581 1412 732 1459 ‘unam
773 1394 902 1447 fidem
945 1393 1190 1448 erraverint
1225 1389 1252 1443 ’ἓ
1300 1391 1464 1441 Nullus
1503 1390 1615 1441 inter
1667 1391 1831 1440 multos
1877 1409 2063 1442 eventus

219 1481 331 1517 unus
381 1465 442 1517 est
479 1469 636 1530 =exitus
671 1502 684 1514 .
757 1462 948 1516 Variass‘e
995 1462 1206 1517 debuerat
1257 1478 1376 1511 error
1429 1458 1635 1510 do&rinae
1681 1461 2016 1512 Ecclefiarurru„
2042 1499 2060 1512 .

220 1534 443 1599 Caeterum
468 1535 599 1605 quod
636 1534 752 1604 apud
801 1536 963 1585 multos
1005 1551 1145 1589 unurn¹
1178 1533 1400 1581 invenitur
1429 1565 1443 1590 ,
1479 1547 1569 1596 non
1607 1530 1670 1581 est
1705 1546 1894 1581 erratum
1926 1570 1939 1594 ,
1985 1530 2062 1591 sed⁴

212 1603 433 1670 ¹traditum
458 1643 471 1658 .
543 1605 722 1659 Audeat
746 1604 851 1673 erg&
875 1607 1036 1676 aliquis
1059 1603 1214 1658 dicere·
1250 1602 1349 1655 illos
1387 1598 1542 1654 errasse
1578 1603 1659 1670 qui
1683 1601 1982 1673 tradiderunt.

410 1801 439 1846 S
474 1808 500 1848 c
535 1814 569 1846 Η
603 1811 636 1845 0
671 1814 695 1844 L
731 1816 748 1845 1
785 1816 817 1846 o
852 1815 883 1844 N
903 1831 917 1843 .

491 1881 494 1883 ·
589 1909 591 1914 ,
805 1878 807 1881 ·
1180 1860 1329 1928 Ecquid
1357 1859 1556 1928 verifimz'le
1587 1859 1636 1922 est
1658 1867 1675 1920 ,’
1708 1877 1751 1906 ut
1777 1877 1834 1908 tot
1859 1864 1907 1910 bc
1942 1879 2061 1914 tamae
2113 1880 2115 1883 ’

247 1940 341 2004 ‘Age
372 1955 467 1985 nunc
492 1974 506 1998 ‚
547 1955 667 1986 omnes
704 1940 943 1996 erraverint,
983 1940 1076 1983 (φτ.
1378 1933 1417 1978 in
1455 1942 1569 1977 unam
1595 1927 1725 1992 fidem>
1763 1949 1868 1979 erra-

1472 1999 1597 2046 verint
1619 2034 1633 2059 ,
1667 2003 1760 2046 &a

321 2086 424 2120 Ostor
435 2086 573 2120 affirmat
586 2083 672 2119 hanc
686 2084 924 2120 Gnosticorum
945 2084 986 2119 de
1001 2082 1117 2118 Eccle-

346 2136 396 2170 fiis
410 2135 610 2170 calumniam
623 2135 725 2179 fibipfi
742 2147 812 2170 non
827 2133 987 2170 cohaerere
998 2159 1011 2176 2
1036 2133 1118 2168 inci·
1193 2181 1195 2184 .
1230 2138 1356 2174 Dono:
1368 2137 1569 2182 demonstrat
1583 2138 1784 2173 calumniam
1795 2138 1851 2175 fibi
1863 2137 1918 2184 ipfi
1929 2153 1998 2176 non
2009 2142 2069 2178 coi»

224 2188 303 2223 dere
314 2187 348 2220 in
361 2185 555 2235 turpiffimas
567 2187 705 2230 ineptias
718 2211 729 2227 ‚
753 2187 815 2221 ess'e
827 2185 971 2220 belluam
982 2196 1054 2229 quae
1074 2185 1117 2218 se·
1181 2185 1298 2223 haerere
1307 2213 1318 2229 ,
1349 2185 1402 2223 sed
1414 2188 1518 2222 vorari
1532 2187 1730 2231 &semetipsa
1743 2216 1748 2220 .
1778 2184 1831 2222 Εὸ
1841 2190 1930 2234 qudd
1940 2194 2063 2236 garriat

225 2237 397 2281 metipsam
410 2236 543 2271 devoret
556 2261 563 2269 .
591 2234 762 2271 Inciditin
783 2238 955 2280 sequentes
967 2234 1116 2278 ineptias.
1179 2249 1246 2273 rem
1267 2237 1438 2273 manifest&
1459 2239 1572 2273 falsam
1591 2263 1602 2279 ,
1630 2237 1734 2272 imm&
1756 2239 1789 2273 ὃς
1811 2241 2062 2284 impoffibjlem‚

225 2288 338 2322 Prima
360 2287 425 2326 est,
454 2286 545 2331 quod
566 2297 682 2321 omnes
693 2298 748 2331 per
770 2284 951 2330 Apostolos
974 2284 1117 2320 fundatae
1180 2289 1292 2324 Garrit
1303 2288 1394 2337 enirn
1406 2298 1524 2323 omnes
1537 2289 1596 2323 sub
1606 2290 1693 2323 coelo
1706 2288 1866 2325 Ecclesias
1886 2290 2064 2336 Apostoli-

234 2338 387 2373 Ecclefiae
401 2338 595 2381 erraverint.
625 2337 793 2372 Etenimfi
819 2337 880 2370 soli
903 2334 1055 2368 Gnostici
1073 2345 1116 2367 re·
1179 2349 1250 2372 cam
1263 2339 1528 2381 praedicationem
1542 2338 1627 2373 male
1639 2338 1853 2383 intellexisse,
1879 2342 2063 2387 atqueide6

226 2391 275 2423 {la
300 2389 464 2430 doceant,
489 2388 614 2422 clarum
634 2386 680 2420 est
704 2394 821 2420 omnes
843 2384 1038 2419 Catholicas
1056 2382 1116 2416 Ec·
1178 2388 1289 2421 enasse
1311 2412 1318 2419 .
1346 2389 1522 2431 Septimius
1543 2383 1682 2422 affirmat
1703 2389 1738 2422 id
1759 2389 1823 2424 effe
1848 2392 2064 2436 impoffibile.

225 2439 335 2473 clcfias
348 2439 460 2473 erraffe
471 2462 479 2471 .
506 2436 655 2472 Secunda
675 2435 802 2480 ineptia
810 2434 856 2469 est
867 2459 879 2476 ‚
904 2434 995 2479 quod
1008 2433 1051 2467 ita
1072 2442 1117 2467 et·
1180 2437 1230 2469 Ee>
1250 2434 1338 2479 qudcl
1349 2448 1465 2470 omnes
1477 2436 1535 2470 sub
1547 2437 1633 2470 coelo
1645 2437 1677 2468 in
1690 2437 1945 2484 quibuscumque
1954 2444 2061 2486 genti.

227 2490 294 2523 iam
302 2489 436 2522 Sant‘tus
447 2488 569 2522 Paulus
577 2485 727 2522 erraverit
741 2486 776 2519 in
788 2483 956 2520 reddendo
983 2482 1115 2527 quibus·
1178 2484 1237 2520 bus
1250 2486 1398 2520 Ecclefiae
1419 2485 1608 2521 constanter
1623 2497 1757 2521 teneant
1767 2498 1805 2522 ac
1816 2489 1937 2533 semper
1949 2502 2061 2526 tenue-

229 2539 303 2572 dam
319 2538 472 2571 Ecclefiis
483 2537 677 2571 testimonio
691 2549 698 2570 τ
725 2535 858 2580 Nempe
868 2536 906 2568 de
917 2545 1045 2577 quaram
1053 2532 1116 2576 fide
1179 2539 1242 2570 rint
1254 2536 1394 2570 eandem
1406 2537 1504 2571 fidem
1518 2561 1529 2576 ,
1557 2535 1697 2579 ideoque
1710 2538 1906 2581 impoffibile
1915 2541 1951 2575 fit
1962 2541 2058 2577 istam

235 2590 271 2622 ό·
278 2586 405 2632 scatentia
417 2589 473 2627 ‚clv
485 2585 705 2629 conversatione
712 2588 847 2632 gaudet,
874 2587 908 2620 (9
924 2588 1115 2630 Deogranas
1178 2587 1377 2621 uniformem
1390 2586 1489 2621 fidem
1502 2588 1563 2620 effe
1574 2597 1714 2621 errorem
1723 2611 1730 2619 .
1761 2587 1867 2623 Etdat
1880 2590 2059 2634 impoffibi-

1177 2637 1278 2672 litatis
1298 2637 1444 2673 causam:
1471 2639 1585 2670 Nullus
1603 2642 1682 2670 inter
1703 2638 1811 2671 multos
1834 2650 1959 2673 evemus
1979 2653 2058 2675 unus

229 2644 300 2682 agit.
315 2638 364 2672 lta
376 2637 426 2671 illi
438 2637 538 2671 etiam
548 2635 800 2677 Paulum,quem
813 2635 919 2668 solum
929 2633 1115 2678 garriebant
1161 2678 1164 2682 ⁴

1175 2687 1212 2728 est
1222 2693 1359 2726 εκίιιιιῑςι
1369 2687 1500 2730 Variaffe
1507 2687 1654 2720 debuerat
1674 2698 1753 2720 error
1762 2687 1905 2724 dodrrnae
1917 2690 2062 2733 Ecclefias

227 2686 495 2732 irrefragabilem,
505 2685 742 2729 profitebantur
753 2685 891 2719 deviasse
901 2709 909 2716 .
923 2683 1039 2718 Tertia
1051 2684 1117 2718 ine-

228 2737 296 2782 ptia
309 2737 353 2771 est
364 2762 377 2778 ‚
402 2738 491 2778 quod
503 2736 640 2780 Spiritus
652 2737 680 2770 S.
694 2736 819 2770 nullam
828 2734 1010 2771 Ecclesiam,
1018 2734 1116 2778 respe-

229 2789 312 2825 xerit
325 2812 335 2828 ‚
347 2797 382 2821 ut
394 2798 466 2821 eam
481 2787 513 2819 in
528 2787 696 2820 veritatem
707 2786 894 2826 deduceret,
905 2795 1001 2829 atque
1016 2785 1061 2818 ita
1071 2794 1114 2818 et-

229 2840 299 2874 iam
321 2838 378 2872 ille
395 2837 576 2881 neglexerit
595 2838 688 2871 suum
699 2837 847 2870 officium
865 2861 872 2868 .
901 2835 1034 2869 Etenim
1047 2834 1116 2869 offi-

230 2890 345 2928 cium,
372 2888 426 2922 cui
437 2898 512 2922 eum
522 2885 671 2921 Christus
692 2886 862 2920 Dominus
881 2885 899 2919 ὲ
923 2885 999 2920 Deo
1020 2884 1115 2919 Patre

216 2938 363 2983 -xogavit
378 2962 389 2977 ‚
414 2939 448 2972 δε
470 2937 511 2972 ad
534 2937 624 2982 quod
646 2937 748 2980 ipsum
773 2937 810 2970 in
834 2936 1029 2970 Pentecoste
1053 2934 1116 2968 suis

232 2988 416 3031 Discipulis
427 2989 530 3028 misit,
558 2998 627 3023 erat
639 2987 795 3021 Ecclefias
805 2985 963 3019 deducere
981 2985 1016 3018 in
1039 2995 1114 3018 om-

233 3050 314 3074 nem
334 3039 524 3072 veritatem.
553 3039 633 3073 Erat
653 3036 718 3071 Dei
740 3036 868 3070 villicus
882 3060 893 3076 ,
919 3035 1052 3070 exaltati
1075 3033 1115 3068 ad

230 3090 345 3125 Patris
365 3088 534 3123 dexteram
565 3087 692 3122 Christi
715 3087 750 3120 in
773 3085 928 3120 docendo
954 3086 1110 3119 vicarius.

235 3140 312 3174 Nec
336 3139 508 3172 dumtaxat
531 3140 677 3172 officium
697 3138 791 3172 suum
816 3138 857 3169 fic
877 3135 933 3169 ille
945 3135 1090 3179 neglexit
1106 3157 1116 3173 ,

235 3191 292 3224 sed
312 3190 357 3223 est
377 3189 508 3231 insuper
526 3189 745 3231 praevaricatus
758 3212 765 3220 .
795 3186 927 3220 Etenim
956 3184 1115 3217 Ecclefias

237 3240 331 3273 aliter
348 3239 529 3283 intelligere
551 3238 723 3272 &credere
735 3237 892 3282 permisit,
919 3235 1017 3277 quim
1034 3234 1113 3277 ipse·
1227 3240 1361 3273 Cunftae
1375 3250 1430 3282 per
1441 3239 1555 3274 orbem
1567 3249 1682 3284 gentes
1691 3235 1810 3271 habent
1825 3237 1969 3272 diversos
1985 3251 2056 3274 mo·

238 3298 307 3321 met
329 3300 384 3330 per
406 3288 586 3332 Apostolos
607 3289 807 3331 praedicaret.
835 3285 994 3320 Officium
1014 3306 1025 3322 2
1049 3274 1137 3348 quo}
1175 3299 1248 3329 ves,
1266 3290 1416 3335 linguas,
1442 3290 1562 3330 vestes,
1588 3290 1694 3332 leges:
1717 3287 1761 3320 Et
1772 3289 1892 3330 quaevis
1906 3290 2055 3330 suarum,

234 3337 336 3382 juffus
362 3350 428 3371 erat
455 3339 517 3372 effe
543 3339 685 3372 veritatis
710 3339 838 3371 Dostor
855 3360 866 3377 ‚
903 3335 947 3369 est
976 3335 1136 3402 praevari-J
1178 3338 1254 3372 licet
1281 3340 1548 3383 ineptiffimarum
1574 3362 1586 3378 ,
1630 3337 1741 3379 legum
1767 3337 1812 3369 est
1839 3339 2057 3373 tenaciffima.

239 3398 350 3421 catus.
377 3388 459 3421 Haec
479 3389 553 3422 sunt
570 3387 737 3431 splendida
755 3388 923 3432 Dogmata
944 3384 1119 3419 Gnostico·
1180 3387 1292 3434 Quare
1302 3400 1370 3422 non
1394 3389 1478 3421 male
1499 3387 1583 3420 dixit
1592 3386 1751 3419 Pindarus
1768 3389 1859 3431 legem
1884 3390 1935 3431 esse
1948 3393 2058 3433 Regem

239 3447 330 3482 rum.
1180 3444 1328 3472 omnium.-
1353 3438 1482 3482 Regem
1503 3435 1657 3480 cujusque
1677 3437 1801 3481 gentis.
1832 3438 1923 3474 Nam
1947 3440 2062 3473 &Re-

1953 3499 2014 3534 gu

1175 2750 1241 2771 rum
1254 2763 1261 2769 .
1288 2738 1441 2773 Caeterim
1452 2739 1534 2778 quod
1544 2738 1628 2778 apud
1649 2739 1753 2771 multos
1766 2750 1859 2772 unum
1879 2746 2036 2776 invenitur
2044 2766 2059 2784 ,

1174 2799 1231 2821 non
1251 2787 1289 2828 est
1312 2795 1467 2827 erratum,
1487 2785 1546 2830 fid
1565 2788 1712 2820 traditum
1731 2812 1739 2820 .
1766 2789 1862 2824 Hinc
1886 2790 2060 2828 concludit

1175 2838 1409 2872 Gnosticorum
1421 2838 1622 2872 calumniam
1634 2837 1694 2871 fibi
1706 2839 1761 2881 ipsi
1785 2851 1855 2874 non
1879 2841 2037 2883 quadrare
2048 2866 2060 2874 .

1176 2888 1218 2922 Et
1229 2888 1401 2933 adjungit:
1429 2888 1546 2922 Audeat
1555 2890 1623 2930 erg&
1633 2889 1746 2930 aliquis
1767 2890 1867 2924 dicere
1889 2892 1954 2925 illos
1964 2890 2061 2935 errafi

1170 2937 1203 2981 se
1228 2943 1281 2981 qui
1301 2938 1495 2972 tradiderunt
1517 2962 1525 2970 .
1552 2937 1631 2972 Hoc
1651 2938 1698 2977 est
1713 2963 1724 2979 ,
1749 2940 1892 2974 cundem
1912 2942 1950 2977 in
1974 2952 2058 2985 erro?

1175 2999 1242 3022 rem
1268 2988 1417 3022 cecidiffe
1437 2989 1470 3021 ὅ(
1489 2987 1678 3022 convenisse
1700 3000 1769 3023 non
1791 2991 1921 3034 poffunt
1941 2999 2056 3024 omnes

1176 3040 1233 3073 sub
1252 3040 1339 3073 coelo
1360 3037 1527 3078 Ecclefiae,
1555 3038 1612 3071 nifi
1632 3039 1726 3073 illum
1751 3040 1893 3075 eundem
1914 3034 2055 3082 Apostoss

1139 2780 1142 2787 ι

1177 3090 1199 3122 li
1226 3089 1347 3132 ubique
1374 3088 1619 3132 praedicaverint
1638 3113 1649 3129 ,
1685 3099 1783 3133 atque
1809 3091 1853 3122 ita
1879 3089 2055 3122 erraverint

1175 3140 1295 3223 {t'ipfiz
1322 3138 1426 3185 Qod
1449 3138 1508 3173 ista
1521 3138 1760 3174 Gnosticorum
1778 3138 1879 3173 claffis
1893 3137 2055 3186 erubescit

1200 3201 1283 3223 icere
1297 3214 1304 3221 .

1132 3404 1136 3457 l

1132 3460 1138 3592 l
