2346 3724
769 177 1091 221 CAP1

242 254 601 294 ienaneisTheodorus
622 257 758 292 Laetor.
784 257 840 291 De
863 256 1003 299 ejusdem
1019 257 1128 291 Sacra·

238 309 346 343 menti
366 307 408 341 ab
419 306 644 342 Orientalibus
653 308 737 343 olim
760 307 910 342 Patribus
931 307 1046 341 usitata
1059 308 1124 341 for-

239 369 295 392 ma
306 357 477 392 obscuram
487 355 586 392 hodie
611 359 645 393 δε
662 358 849 392 intricatam
862 357 1019 391 habemus
1042 368 1128 401 quae-

239 406 381 442 stionem
400 431 412 448 ,
438 407 474 441 in
493 418 557 450 qua
578 405 700 443 haerent
726 407 762 442 δε
783 407 840 451 ipsi
860 406 989 441 Graeci:
1018 405 1123 454 Quod

242 458 360 501 nempe
370 482 381 496 ,
407 457 454 490 uti
466 457 501 492 in
513 457 597 493 libro
611 458 651 493 de
661 458 782 502 Spiritu
792 457 913 492 Sancto
927 456 1038 492 scribit
1052 456 1124 491 Ma·

239 517 327 552 gnus
346 507 480 542 Bafilius
502 531 513 547 ‚
536 509 570 542 ὅ(
593 504 746 552 Apostoli
773 507 808 541 δε
836 507 948 542 Patres
967 508 1123 542 omnium

241 557 370 602 penitus
381 559 662 593 Sacramentorum
674 559 795 593 formas
820 558 855 592 δε
868 558 947 593 ritus
957 558 1125 592 voluerint

241 609 305 642 effe
315 609 551 649 sacrosanctos,
579 608 719 650 ideoque
731 608 798 643 sola
811 618 892 643 voce
915 609 981 642 [ine
1004 608 1124 650 scripto

242 657 448 692 tradiderint.
474 658 706 704 Qorumdam
716 657 929 693 traditionem
941 658 1059 703 partim
1082 668 1125 691 ex

241 708 424 742 miseranda
443 708 503 742 sub
523 708 691 743 Saracenis
711 707 920 752 captivitate,
947 705 1067 752 part-im
1083 718 1124 741 ex

241 757 348 802 longo
358 757 529 793 schismate
540 758 603 793 else
622 759 709 803 apud
722 758 797 793 istas
817 758 978 793 Ecclefias
1003 757 1123 802 paffarn

242 807 336 851 lapsae
347 808 512 843 memoriae
522 808 691 849 tenebras,
717 807 859 853 ideoque
871 819 959 843 nunc
981 807 1127 853 quaestio·

241 856 341 893 nibus
350 856 532 902 subjacere,
559 860 699 896 afiirmat
711 858 746 892 in
758 859 920 902 opusculo
934 859 974 893 de
997 856 1127 892 Eucha-

242 907 359 943 risticae
379 908 635 942 consecrationis
654 909 761 943 forma
791 908 999 944 Venerabilis
1022 907 1123 942 uesta-

104 489 227 527 Capu-7.

241 958 338 997 tion,
362 958 524 993 Romanae
537 958 687 993 Ecclefiae
709 957 913 998 Cardinalis,
938 969 978 991 ac
1002 957 1126 990 Metto·

241 1006 347 1055 polita
359 1008 533 1042 Nicaenus.
563 1008 606 1042 Et
616 1006 657 1042 de
667 1007 826 1043 omnibus
837 1008 924 1047 suis,
953 1007 988 1040 in
1006 1005 1126 1049 quibus

241 1067 314 1090 non
335 1057 376 1091 de
399 1057 466 1091 sola
478 1056 701 1096 Eueharistia,
729 1056 780 1090 sed
791 1054 834 1090 de
853 1056 976 1090 cuneiis
997 1055 1126 1099 penitus

240 1104 604 1146 Sacramentistraaat,
631 1104 864 1140 Catecheiibus
876 1107 1026 1150 praefatur
1049 1107 1124 1140 San-

241 1155 313 1189 AEius
323 1154 468 1198 Cyrillus
481 1154 660 1199 Episcopus
674 1155 998 1199 Hierosolymitanus
1010 1156 1051 1191 ad
1063 1156 1123 1191 Le-

242 1206 367 1239 florem
391 1218 399 1237 :
427 1204 602 1248 catecheses
622 1205 690 1246 istas
710 1207 947 1241 illuminatorum
966 1207 1124 1241 accedenti-

242 1255 297 1288 bus
306 1254 425 1298 quidem
434 1256 478 1287 ad
488 1255 680 1299 Baptismam
689 1280 700 1297 ,
727 1257 761 1291 <9
771 1256 818 1289 bis
828 1263 883 1299 qui
894 1256 944 1290 boc
953 1259 1125 1290 Lavacrum

243 1303 355 1339 babent
356 1307 429 1346 jam
435 1304 596 1347 fidelibus,
622 1307 766 1350 legendas
786 1305 928 1340 exhibeas
943 1332 954 1347 ,
980 1306 1124 1341 Catecbu-

241 1360 339 1388 menis
351 1357 424 1390 verb
433 1379 444 1395 ,
470 1357 504 1390 &³
515 1356 585 1388 aliis
596 1358 650 1399 qul
660 1368 720 1390 non
730 1354 805 1400 sunt
821 1357 985 1398 Christiani
994 1382 1006 1397 ‚
1032 1368 1068 1390 ne
1079 1358 1126 1390 de-

241 1406 325 1438 deris
344 1430 351 1438 .
392 1406 527 1448 Alioquin
547 1407 720 1440 redditurus
743 1417 773 1439 es
801 1410 926 1440 Domino
954 1413 1103 1441 rationem
1116 1432 1123 1439 .

241 1454 298 1489 De
309 1453 463 1488 omnibus
474 1455 552 1491 item
564 1456 778 1490 sacramentis
791 1457 900 1491 scribit
913 1457 949 1491 in
963 1458 1049 1491 sexta
1064 1458 1123 1492 Ca·

239 1503 378 1538 techefi:
406 1508 480 1538 Haec
489 1504 619 1545 mysteria
645 1507 679 1540 ὀ·
695 1508 888 1540 sacramenta
908 1518 984 1540 nunc
1003 1506 1123 1549 patefa-

240 1559 282 1588 cit
302 1553 430 1596 Eeclefia
452 1560 500 1595 ei,
525 1561 577 1596 qui
602 1568 639 1589 ex
659 1555 888 1590 catechumenis
909 1558 1047 1598 excedit,
1075 1568 1124 1591 nec

241 1609 332 1638 moris
343 1603 382 1644 est
387 1604 549 1648 gentilibus
559 1615 714 1648 exponere.
741 1610 847 1649 Neque
851 1608 960 1649 palam
971 1608 1056 1648 apud
1066 1611 1124 1639 Ca-

241 1653 426 1687 tetbumenos
449 1656 487 1687 de
506 1655 643 1697 mysteriis
666 1657 758 1690 verba
775 1656 905 1698 facimus
919 1682 931 1697 ,
954 1655 1012 1700 sed
1028 1659 1122 1690 multa

240 1702 322 1747 saepe
338 1705 482 1746 loquimur
503 1707 608 1739 occulte
620 1729 631 1744 ‚
656 1707 797 1749 utfideles
808 1732 819 1748 ,
845 1714 896 1750 qui
918 1719 981 1741 rem
996 1716 1099 1741 tenent
1114 1732 1124 1748 ,

241 1755 432 1796 intelligant3
460 1756 557 1797 &qui
573 1767 629 1787 non
652 1764 756 1789 tenent
770 1782 780 1796 ,
805 1769 840 1790 ne
854 1758 1008 1791 laedantur
1023 1781 1030 1790 .
1058 1757 1124 1792 Af-

242 1804 351 1837 firmat
363 1803 431 1837 haec
452 1805 582 1838 fundari
604 1806 639 1839 in
653 1807 737 1839 fabio
748 1806 890 1840 Domini
904 1831 916 1847 ,
941 1807 999 1849 qui
1021 1807 1125 1841 turbis

242 1852 484 1897 loquebaturin
499 1854 679 1896 parabolis3
707 1856 887 1898 Discipulis
905 1857 1060 1899 privatim
1075 1868 1124 1899 pa-

242 1903 371 1937 rabolas
391 1915 431 1937 ac
443 1903 682 1947 xsimilitudines
701 1904 904 1947 exponebat.
933 1906 978 1939 Et
1000 1906 1041 1939 ad
1059 1906 1123 1947 jam

241 1952 308 1997 jam
319 1952 531 1997 baptizandos
546 1953 672 1987 Eiectos
683 1964 810 1994 perorat
821 1955 864 1986 ad
876 1956 1027 1988 Sanctum
1039 1957 1125 1990 Fon-

242 2013 312 2038 tem
334 2004 369 2036 in
394 2003 479 2035 libro
498 2002 540 2035 de
561 2001 736 2035 Initiandis
757 2003 893 2036 Sanctus
912 2002 1123 2036 Ambrofius:

243 2057 336 2085 Nunc
355 2051 392 2083 de
408 2049 547 2090 mysteriis
571 2051 669 2083 dicere
692 2058 808 2092 tempus
832 2053 974 2085 admonet
997 2077 1008 2093 ,
1033 2062 1124 2095 atque

243 2098 340 2143 ipsam
349 2102 607 2134 §aeramentorum
617 2106 763 2134 rationem
778 2103 864 2135 edere
874 2125 886 2141 ‚
911 2113 1003 2144 quam
1011 2100 1042 2143 Js'
1052 2113 1123 2137 ante

242 2149 622 2194 Baptismumputaffemus
642 2149 853 2192 lnfinuandam
875 2153 1006 2185 nondum
1018 2156 1123 2186 Initia-

240 2206 286 2235 συ
299 2224 311 2241 ,
332 2201 597 2243 prodidisse-potius
612 2225 622 2241 ,
644 2203 740 2243 quam
761 2202 881 2245 edidisse
891 2201 1100 2241 aestimaremur
1114 2228 1121 2236 .

242 2250 338 2286 Hinc
356 2251 403 2284 ait
422 2251 609 2285 institutum
633 2251 674 2285 ab
689 2251 852 2292 Ecclesia,
881 2262 916 2287 ut
931 2252 1123 2296 Adapertio-

242 2300 296 2338 nis
317 2323 327 2340 ,
354 2311 453 2344 quam
474 2299 509 2333 in
537 2300 634 2335 surdo
659 2302 693 2335 δε
713 2313 807 2336 muro
834 2302 1003 2337 Dominus
1024 2303 1123 2345 fecit,

243 2350 435 2394 mysterium
454 2349 668 2385 celebraretur
680 2352 767 2394 prius
784 2352 819 2385 in
841 2351 1099 2387 catechumenis
1112 2377 1123 2394 ‚

243 2410 343 2443 atque
354 2401 399 2435 ita
409 2401 450 2435 ad
460 2400 620 2444 capienda
635 2400 743 2435 nostra
755 2402 903 2445 mysteria
917 2414 1121 2446 pararentur.

243 2450 429 2485 Laudatum
451 2448 570 2485 librum
597 2451 766 2486 concludit
794 2452 826 2485 in
852 2450 942 2486 hunc
963 2453 1121 2487 modum:

243 2502 400 2545 signatum
417 2500 505 2534 debet
524 2502 612 2546 apud
629 2510 659 2534 te
681 2513 804 2535 manere
823 2502 982 2542 mysterium
995 2527 1004 2542 ‚
1031 2514 1068 2537 ne
1078 2504 1124 2536 di·

243 2551 403 2594 vulgetur,
429 2549 535 2592 quibus
560 2563 619 2584 non
641 2557 801 2592 convenit,
827 2563 863 2586 ne
880 2554 1005 2597 garrula
1024 2555 1122 2596 quua⁶

242 2605 335 2634 citate
345 2598 536 2643 dispergatur
548 2606 580 2633 in
591 2600 731 2643 perfidos.
763 2605 850 2635 Bona
874 2602 958 2636 debet
981 2604 1034 2646 effe
1051 2603 1123 2645 fidei

244 2658 307 2683 tuae
326 2649 473 2690 custodia,
499 2659 532 2683 ut
553 2656 732 2686 intemerata
747 2651 858 2693 filentii
878 2657 1038 2697 integritas
1053 2663 1124 2696 per-

238 2697 359 2743 severet
386 2724 393 2732 .
429 2698 517 2734 istud
542 2701 674 2735 mandat
699 2701 742 2736 de
763 2703 919 2737 omnibus
942 2705 1123 2747 generatim

242 2749 460 2784 sacramentis
475 2773 486 2789 ,
511 2750 712 2794 singulariter
731 2760 842 2786 tamen
862 2752 903 2786 de
925 2754 1122 2788 sacrosansta

243 2799 460 2835 Eucharistia.
491 2800 534 2834 Et
556 2798 635 2835 hinc
658 2813 719 2836 nos
731 2813 798 2836 non
822 2803 839 2835 a
853 2813 1000 2846 percepta
1017 2803 1049 2836 in
1065 2803 1122 2837 Ba·

243 2851 364 2893 ptismo
386 2850 507 2884 virtute
529 2850 764 2897 Theologica,
791 2851 844 2886 sed
867 2850 971 2887 adata
997 2852 1124 2888 Eucha—

237 2899 353 2945 ristia,
381 2901 415 2935 ἀ
437 2900 586 2944 promisia
603 2900 687 2936 circa
711 2902 801 2936 illam
813 2902 1065 2938 custodiendam
1090 2904 1123 2938 fi-

243 2950 287 2984 de
309 2962 369 2985 nos
394 2951 461 2985 dici
489 2949 600 2986 fideles
629 2975 640 2991 ,
664 2952 710 2986 est
733 2951 824 2997 supra
843 2953 1120 2988 demonstratum.

108 3011 179 3049 (329,
203 3021 228 3042 ι,
248 3001 350 3048 Qod
371 3001 500 3044 antiqui
513 3001 626 3036 Patres
647 3000 776 3038 Arcana
797 3003 989 3047 quorumvis
1004 3003 1127 3038 nostro·

243 3061 317 3086 rum
330 3053 612 3086 Sacrameutorum
634 3052 786 3094 mysteria
809 3054 902 3088 omni
925 3053 1033 3088 studio
1046 3055 1125 3089 cela·

244 3104 349 3136 verint
361 3103 462 3136 etiam
476 3101 509 3134 in
525 3102 588 3136 suis
599 3099 707 3143 libris,
735 3104 868 3138 testatur
880 3105 960 3138 item
977 3104 1123 3140 Ecclesia·

245 3152 323 3186 stica
334 3151 528 3186 Hierarcliia
549 3152 693 3196 vulgaris
714 3153 870 3196 Dionysii
894 3154 1122 3199 Areopagitae.

119 3203 181 3234 Lib.
204 3213 228 3237 7·
249 3200 496 3245 Etprofite-tura
508 3202 537 3236 se
548 3202 659 3236 servari
670 3203 810 3237 eandem
823 3204 969 3249 regulam
983 3206 1001 3236 .’
1019 3204 1122 3249 lpsam

101 3241 153 3276 fol·
164 3248 228 3279 7⁶⁶·
246 3250 265 3283 a
278 3252 308 3284 se
320 3253 471 3287 servatam
484 3252 575 3287 fuisse
596 3253 630 3286 in
646 3253 708 3287 suis
720 3254 922 3288 stromatum
936 3252 1026 3288 libris
1038 3279 1048 3295 ‚
1080 3266 1124 3291 te·

247 3302 350 3336 statur
368 3304 402 3337 ὃς
413 3304 543 3338 δεηᾶυε
555 3302 712 3337 Clemens
736 3303 980 3339 Alexandrinus
993 3330 1001 3338 .

280 3352 320 3385 ln
334 3351 459 3389 laudata
471 3354 558 3389 sexta
571 3353 737 3388 catechesi
751 3352 900 3400 adjungit
912 3355 1047 3392 Sanstus
1059 3355 1126 3400 Cy-

107 2058 184 2098 Cap.
203 2068 228 2089 x.

105 2517 183 2556 ‘2¹1‘-
201 2528 227 2554 9·

1134 980 1145 1663 l

1157 186 1186 218 -T

1256 184 1274 216 1
1343 185 1364 216 s
1443 172 1591 218 XLI.
1910 192 1999 237 331

1182 253 1296 289 tillus:
1320 256 1435 290 Gentili
1451 262 1593 299 cuiquam
1615 256 1653 289 de
1664 258 1756 290 Patre
1777 259 1898 295 &Filio
1915 264 1950 296 δ’
1963 264 2081 304 Spiritu

1183 304 1288 338 samio
1306 317 1422 339 arcana
1434 306 1566 347 mysteria
1576 318 1635 340 non
1646 307 1847 340 declaramus.
1879 311 1923 345 Et
1937 312 1971 347 ‘m
1984 313 2081 356 quin.

1183 365 1218 389 ει
1228 354 1395 390 catechesi
1406 356 1570 392 declamat
1581 356 1622 391 ad
1637 355 1726 391 Corn
1732 367 1897 399 petentes:
1926 364 1963 394 171
1972 366 2080 403 pam-15

1186 404 1338 448 symboli
1357 406 1485 448 versibus
1495 405 1671 450 universam
1687 407 1759 449 fidei
1775 407 1943 440 doc‘lrinam
1955 419 2084 452 compre-

1184 454 1343 490 hendimus
1354 481 1366 498 ,
1395 464 1496 490 nonin
1508 457 1632 491 chartas
1647 455 1833 500 inscribendo
1847 481 1858 497 ,
1881 455 1938 499 sed
1956 464 1988 490 in
1999 462 2085 495 corde

1187 511 1357 540 memoriam
1380 506 1588 550 insculpenda,
1612 508 1693 541 &in
1719 508 1909 540 meditatione
1928 507 2086 546 custodien-

1187 557 1246 599 do,
1275 557 1377 591 necubi
1389 557 1627 591 catechumenus
1641 582 1652 598 ,
1674 569 1744 600 quae
1756 557 1843 592 vobis
1858 558 1976 591 tradita
1983 555 2008 600 s
2005 566 2059 590 unt
2071 583 2085 599 ,

1186 608 1350 642 exaudiat.
1381 607 1536 642 Affirmat
1548 608 1747 651 Symbolum
1774 606 1857 642 tradi
1883 607 1961 641 solis
1977 607 2086 642 Com-

1190 643 1395 700 picentibus,
1418 657 1602 701 &quidem
1625 670 1692 691 non
1722 659 1755 691 in
1783 657 1896 692 charta
1910 682 1922 699 ,
1947 656 2001 692 sed
2015 657 2088 698 sola

1190 707 1260 741 viva
1270 716 1374 748 voce,
1397 719 1437 742 ne
1451 708 1558 742 forsan
1585 708 1765 751 cujuspiam
1787 707 1898 742 charta
1919 707 1960 742 ad
1972 719 2088 751 quem·

1191 757 1276 800 piam
1302 757 1590 792 Catechumenum
1615 781 1625 797 ,
1667 757 1784 802 quibus
1810 756 1910 802 prodi
1939 757 2084 792 omnino

1190 818 1257 841 non
1271 817 1393 851 poterat
1405 832 1417 849 ,
1436 809 1634 851 casualiquo
1651 809 1850 851 perveniret.
1881 807 1935 842 Ad
1948 806 2085 843 eosdem

1190 857 1427 900 Competentes
1438 859 1585 902 praefatur
1601 859 1635 891 in
1649 859 1695 892 sui
1709 860 1818 902 operis
1831 858 1970 893 exordio
1984 870 1992 890 ε
2005 861 2085 892 Cum

1190 906 1349 949 catechesis
1368 915 1511 942 recitatur·
1524 933 1535 949 ,
1555 907 1585 950 fi
1594 907 1836 942 Catecbumenus
1863 920 1902 942 ex
1916 918 1947 942 te
1969 906 2086 950 quaefio·

1189 963 1231 989 rit
1243 983 1253 998 ,
1280 959 1370 1002 ,Quid
1378 958 1516 993 dicebant
1534 959 1674 992 Dor‘lores
1690 981 1701 998 ‚
1727 958 1807 992 nibil
1830 959 1913 992 dicas
1925 966 2087 992 extraneo.

1190 1008 1321 1048 Myfteria
1332 1015 1411 1042 enim
1420 1009 1477 1042 tibi
1499 1010 1533 1043 Θ
1541 1008 1625 1052 spem
1640 1008 1744 1050 futuri
1754 1008 1860 1051 J'aeculi
1873 1010 2060 1042 tradidimus
2077 1032 2088 1041 .

1189 1058 1304 1097 Custodi
1321 1059 1374 1092 boc
1397 1059 1559 1099 mysterium
1582 1059 1767 1093 Retributori
1780 1083 1791 1099 ,
1818 1070 1872 1092 nec
1894 1070 2028 1101 unquam
2040 1060 2088 1092 di-

1188 1118 1303 1142 centem
1323 1110 1453 1151 aliquem
1474 1110 1546 1142 audi
1565 1133 1576 1150 ,
1599 1110 1692 1152 ,Quid
1698 1108 1795 1148 obest,
1816 1108 1846 1150 fi
1867 1110 1902 1142 ὀ·
1916 1120 1966 1152 ego
1977 1109 2089 1142 didice-

1189 1159 1242 1192 ro?
1268 1161 1376 1191 Etiam
1388 1164 1491 1202 aegroti
1504 1165 1611 1192 vitrum
1623 1159 1798 1201 quandoque
1811 1157 1961 1198 postulant
1972 1182 1983 1198 ,
2008 1157 2092 1200 quod

1186 1208 1390 1250 intempestive
1408 1207 1439 1248 fi
1454 1207 1514 1241 illis
1536 1209 1651 1248 detur,
1673 1205 1838 1249 phrenefim
1856 1209 2000 1240 conciliat
2017 1230 2029 1246 ,
2054 1209 2090 1241 θ

1185 1259 1243 1290 duo
1262 1257 1331 1291 binc
1355 1256 1516 1300 nascuntur
1537 1259 1639 1292 mala:
1666 1261 1754 1290 Nam
1781 1258 1815 1290 Θ
1841 1267 1920 1301 aeger
1950 1261 2057 1290 interit
2078 1279 2093 1298 ,

1185 1309 1219 1343 Θ·
1231 1310 1363 1341 medicus
1374 1310 1452 1342 male
1466 1309 1554 1341 audit
1569 1333 1577 1340 .
1603 1310 1650 1341 Sic
1673 1308 1707 1341 &
1717 1306 1955 1340 Catecbumenus
1970 1331 1981 1347 ,
2000 1304 2032 1347 fi
2039 1316 2092 1339 au—

1186 1360 1252 1391 diat
1278 1358 1408 1397 mysteria
1428 1360 1449 1390 ἃ
1467 1358 1552 1400 fideli
1577 1382 1588 1399 ,
1612 1355 1778 1399 phrenesim
1800 1362 1920 1398 patitur
1946 1370 1958 1390 :
1984 1354 2091 1399 Nescit

1186 1414 1265 1441 enim
1279 1410 1355 1451 quid
1367 1408 1525 1442 audiverit
1536 1433 1548 1448 ,
1574 1409 1608 1442 <5
1621 1415 1723 1441 tamen
1744 1413 1843 1450 arguit
1856 1418 1919 1440 rem
1929 1411 2062 1450 ignotam
2077 1429 2090 1447 ,

1188 1458 1326 1501 ditiaque
1350 1458 1460 1491 irridet
1482 1482 1492 1491 .
1522 1458 1642 1491 Fidelis
1673 1459 1745 1491 vero
1771 1466 1929 1499 tamquam
1950 1457 2087 1498 proditor

1187 1509 1419 1542 condemnatur.
1448 1507 1493 1541 Et
1515 1506 1596 1541 hinc
1624 1507 1802 1540 Nicaenurn
1829 1506 2027 1551 Symbolum
2040 1504 2091 1539 hi-

1189 1558 1363 1591 storiaesuae
1375 1558 1514 1592 inserere
1525 1582 1537 1598 ,
1567 1555 1646 1592 licet
1658 1556 1756 1591 vellet
1769 1580 1779 1597 ,
1808 1567 1876 1591 non
1892 1555 2090 1600 praesumpsst

1188 1608 1345 1642 Hermias
1370 1608 1583 1642 Zozomenus
1608 1629 1620 1647 ,
1655 1607 1691 1642 ἀ
1714 1606 1871 1651 adjungit
1896 1605 2060 1641 rationem
2078 1617 2088 1637 ι

1187 1659 1264 1691 Cum
1281 1663 1328 1700 pii
1349 1664 1432 1698 viri,
1457 1659 1620 1698 &amit-i,
1645 1654 1848 1698 &istiusmodi
1864 1668 1964 1690 rerum
1979 1661 2079 1698 perm.
2100 1659 2162 1691 Lib·
2185 1672 2208 1691 ι.

1187 1719 1233 1741 me
1256 1709 1392 1741 docerent
1411 1719 1458 1741 res
1468 1709 1549 1741 tales
1571 1709 1593 1740 ἃ
1605 1707 1812 1740 Sacerdotibus
1829 1705 1926 1749 solum
1954 1708 1988 1741 Θ·
2003 1709 2081 1748 Epi·
2099 1709 2163 1740 cap·
2177 1710 2224 1736 19·

1183 1756 1278 1800 scopis
1291 1758 1395 1791 debere
1418 1758 1478 1790 dici
1494 1766 1587 1799 atque
1606 1757 1730 1794 audiri,
1755 1767 1856 1789 eorum
1870 1755 1947 1798 sane
1967 1764 2082 1798 appro-

1189 1808 1262 1840 bavi
1283 1806 1447 1848 confilium.
1478 1810 1567 1838 Nam
1588 1805 1744 1847 verisimile
1762 1805 1801 1844 est
1829 1806 1981 1838 nonnullos
1994 1829 2005 1844 ,
2031 1809 2085 1847 q‘ui

1191 1867 1250 1889 non
1263 1855 1335 1898 sunt
1346 1860 1461 1889 initiati
1482 1853 1619 1894 mysteriis
1634 1879 1646 1895 ,
1671 1854 1747 1887 bunc
1756 1854 1868 1888 librum
1883 1855 2063 1896 perleliuros
2074 1880 2084 1887 .

1239 1906 1291 1939 Ex
1302 1906 1419 1941 eodem
1433 1904 1649 1940 fundamento
1662 1905 1746 1938 istud
1758 1905 1868 1947 ipsum
1880 1905 2081 1947 Symbolum

1188 1957 1246 1990 suo
1259 1956 1300 1988 de
1318 1953 1463 1994 synodis
1475 1954 1561 1988 libro
1573 1955 1711 1988 inserere
1723 1965 1765 1988 ex
1777 1955 1876 1988 caulis
1887 1955 2078 1997 compulsus

1188 2005 1319 2038 Sanctus
1334 2003 1484 2038 Hilarius
1496 2003 1703 2038 pictaviensis
1721 2003 1900 2047 Episcopus
1915 2004 2081 2047 praefatur:

1187 2057 1232 2086 Et
1256 2050 1353 2095 ipsam
1377 2055 1498 2095 quidem
1524 2063 1589 2087 tum
1612 2054 1745 2098 religios?
1770 2052 1966 2097 conscriptam
1988 2053 2083 2096 fidem
2101 2045 2175 2077 0³¹¹·
2195 2048 2225 2074 ⁶·

1185 2115 1263 2138 nunc
1273 2115 1386 2146 quoque
1406 2103 1473 2137 huic
1488 2101 1619 2146 sermoni
1645 2103 1737 2143 nostro
1759 2113 1820 2137 non
1842 2106 2008 2148 irreligiose*
2030 2111 2083 2138 in-

1166 2153 1330 2200 ¹feremus.
1361 2153 1450 2186 Etin
1472 2153 1535 2188 suis
1555 2154 1596 2187 ad
1619 2155 1725 2188 Sansti
1751 2153 1901 2188 Matthaei
1931 2153 2085 2199 Evange-

1163 2204 1169 2246 l
1191 2204 1277 2238 lium
1288 2203 1543 2238 Commentariis
1555 2204 1708 2239 Sanctum
1733 2204 1767 2239 δε
1779 2204 1976 2249 Margaritas
1986 2231 1996 2246 ‚
2010 2217 2083 2250 quae

1164 2248 1169 2282 Ι
1188 2253 1300 2298 porcis
1314 2255 1348 2288 &
1359 2253 1498 2288 canibus
1510 2253 1665 2298 projicere
1678 2256 1787 2289 sumus
1799 2256 1914 2296 vetiti,
1939 2257 2082 2291 affirmat

1163 2295 1169 2373 Ι
1184 2306 1248 2340 effe
1259 2302 1383 2339 Christi
1395 2305 1536 2339 Domini
1552 2329 1564 2345 ,
1589 2305 1772 2350 gentilibus
1786 2317 1824 2340 ac
1839 2305 1994 2340 haereticis
2008 2318 2081 2341 non

1185 2355 1360 2398 aperienda
1381 2378 1392 2394 ,
1419 2355 1627 2389 Sacramenta
1645 2380 1656 2396 ,
1680 2354 1715 2389 δε
1739 2354 1916 2400 adJungit:
1942 2358 2026 2399 Ergo
2047 2358 2084 2391 Θ·

1188 2409 1452 2447 incorporationem
1473 2405 1563 2439 Verbi
1587 2408 1671 2446 Dei,
1696 2407 1730 2440 (π
1739 2406 1876 2448 paffionis
1897 2406 2082 2447 mysterium,

1184 2456 1219 2489 &¹
1241 2460 1386 2488 virtutem
1408 2453 1643 2498 Resurreaeffioni:
1671 2466 1727 2489 non
1751 2454 1916 2499 promiscue*
1945 2456 2081 2490 trallare

1185 2516 1235 2538 nos
1248 2510 1388 2538 convenit
1401 2530 1411 2545 ,
1439 2517 1530 2547 neque
1550 2508 1689 2548 imperite
1707 2504 1902 2549 incurioseque
1915 2506 2054 2548 proferre
2070 2531 2086 2546 ,

1188 2566 1226 2588 ne
1240 2559 1449 2598 Ignorantiam
1471 2555 1600 2596 nostram
1612 2581 1623 2597 ,
1642 2555 1673 2597 fi
1686 2555 1832 2598 perfec‘lae
1851 2555 1987 2600 scientiae
2009 2555 2081 2598 defit

1183 2604 1347 2644 instruam,
1371 2614 1531 2647 proterant
1554 2605 1587 2638 bi
1605 2630 1616 2644 ,
1646 2614 1738 2648 atque
1759 2609 1945 2645 conculcent,
1971 2608 2008 2640 (5·
2031 2612 2078 2639 in-

1178 2654 1357 2697 firmitatem
1375 2656 1515 2697 paffionis
1533 2660 1566 2688 in
1593 2658 1655 2689 Deo
1679 2657 1831 2690 irrideant
1859 2680 1871 2697 ,
1894 2654 2082 2698 conversique

1187 2711 1220 2737 in
1231 2717 1286 2739 nos
1299 2729 1310 2746 ‚
1335 2705 1606 2739 contradifflonum
1619 2707 1727 2739 aculeis
1748 2710 1939 2747 imperitiam
1950 2705 2080 2743 nostram

1179 2755 1325 2797 fidemque
1335 2753 1526 2797 disi-umpant
1537 2779 1544 2786 .
1575 2755 1700 2787 Nescio
1711 2765 1810 2797 quem
1822 2754 1858 2787 in
1874 2752 1986 2787 Gallia
2001 2753 2078 2797 Epi-

1184 2808 1339 2848 scopum,
1363 2806 1420 2848 qui
1441 2803 1695 2838 contumacibus
1720 2804 1854 2837 Arianis
1877 2803 2023 2838 nostram
2041 2804 2079 2839 fi-

1184 2856 1259 2890 dem
1282 2854 1475 2898 exposuerat
1494 2878 1505 2894 ,
1531 2851 1638 2898 arguit
1663 2853 1762 2887 etiam
1790 2854 1925 2888 Sanctus
1952 2852 2076 2888 Avitus

1186 2905 1403 2947 Metropolita
1414 2902 1613 2938 Viennensis
1628 2915 1635 2935 :
1663 2902 1843 2943 Instruxa‘llis
1859 2909 1956 2936 armis
1967 2903 2074 2942 vestris
2097 2907 2147 2944 Ep.
2169 2908 2217 2936 26(

1186 2952 1384 2997 adversarios
1398 2979 1408 2994 ,
1430 2952 1606 2996 prodidistis
1617 2952 1799 2994 imperfellis
1823 2956 1940 2988 secreta
1951 2953 2048 2994 nostra
2061 2979 2074 2995 ,

1183 3005 1324 3046 cantastis
1334 3010 1481 3038 canticum
1492 3010 1525 3037 in
1546 3014 1628 3038 terra
1640 3003 1741 3037 aliena
1753 3029 1760 3036 .
1791 3003 1870 3048 Ejus
1884 3004 2076 3048 impruden·

1185 3059 1266 3092 tiam
1279 3055 1364 3089 varie
1391 3055 1544 3090 damnat.

1234 3108 1316 3141 Item
1337 3106 1568 3150 Imperatorem
1595 3103 1852 3145 Constantium,
1878 3105 1933 3146 qui
1961 3104 2074 3140 coram

1186 3160 1216 3193 se
1237 3156 1344 3192 adbuc
1355 3154 1610 3190 Carechumeno
1631 3153 1718 3197 juffit
1738 3155 1780 3189 de
1806 3156 1872 3189 Dei
1899 3155 2015 3190 Verbo
2037 3155 2076 3188 in

1186 3207 1306 3252 palatio
1326 3205 1481 3250 disputari
1504 3230 1515 3246 ,
1542 3204 1729 3249 gravissime
1748 3215 1892 3250 arguunt
1919 3204 2073 3239 Ecclefiae

1185 3259 1312 3293 Patres.
1341 3255 1576 3292 Seleuciensem
1588 3265 1719 3299 quoque
1730 3256 1904 3298 Synodum
1915 3281 1926 3296 ,
1952 3255 1986 3289 &
1999 3266 2076 3290 om-

1188 3321 1263 3343 nem
1288 3307 1503 3341 Eusebianam
1524 3306 1700 3339 factionem
1716 3329 1726 3345 ,
1754 3306 1843 3349 quod
1868 3305 1982 3341 coram
2002 3315 2077 3348 pro·

1190 3360 1339 3399 miscuo,
1364 3357 1464 3393 etiam
1488 3355 1617 3391 Gentili
1637 3379 1650 3396 ‚
1679 3354 1789 3401 vulgo?
1807 3356 1849 3392 de
1871 3355 2075 3439 Sanssstima

1988 3417 2029 3439 Π·

2092 3292 2174 3322 Orat.
2186 3300 2201 3321 a
2208 3300 2231 3320 r.
