2346 3724
0 1885 4 1890 ·
64 1883 128 1913 cap.
149 1884 176 1912 ς.

661 194 1073 238 CAr1r

294 406 300 415 ι
328 373 434 446 Qid
467 394 521 424 eos
553 371 725 442 ignoraffi
758 371 907 433 voluit,
930 374 1020 418 &a

290 522 391 560 Petro
414 523 449 558 ἀ
469 524 587 568 Joanni
600 526 725 560 Dossor
742 520 891 567 adjungit
916 521 950 556 δε
967 520 1119 554 Sanctum

242 573 421 617 Iacobum,
448 574 542 618 hujus
553 586 764 620 germanum.
793 573 836 608 Et
846 571 1002 606 omnibus
1020 569 1120 604 tribus

242 622 328 658 nihil
350 624 570 671 Theologicae
600 626 740 660 scientiae
765 622 903 658 defuiffe
924 620 1040 666 probat
1077 630 1118 652 ex

242 674 424 709 monstrato
436 675 502 710 illis
511 674 807 720 transfigurationis
817 673 970 716 mysterio
984 696 990 703 .
1017 666 1119 717 ond

242 726 310 760 illis
331 735 411 760 tunc
434 737 553 771 magna
575 726 698 760 fuerint
722 725 878 769 patesasta
901 721 1048 762 Arcana,
1074 718 1119 753 est

106 807 125 834 F
146 804 155 834 Σ
241 775 394 811 constans
404 777 513 810 sensus
523 777 676 810 omnium
687 775 839 810 Parrum.
865 771 1025 807 Videatur
1048 768 1121 804 Ori-

125 815 144 836 ⁰
157 814 222 845 ·99·
241 826 388 871 genesin
403 825 545 860 secundo
556 825 640 860 libro
663 834 780 860 contra
791 823 925 857 Celsum
937 847 945 854 .
971 819 1119 868 Quidam

240 877 432 910 Graecorum
453 876 564 910 Patres
572 874 782 909 censentillis
800 871 1060 907 fuiffeostensam
1076 869 1122 912 ip·

241 927 308 960 sam
320 925 478 960 Divinam
490 924 657 959 essentiam
668 949 676 957 .
705 924 748 957 Et
760 924 901 967 ipsorum
912 922 1038 955 sensum
1052 931 1120 954 non

239 984 444 1020 penetrantes
463 974 595 1018 quidam
617 972 812 1008 schismatici
833 972 975 1015 ipsorum
996 970 1121 1004 Bodio-

239 1037 291 1060 res
311 1025 524 1069 effulgentem
545 1021 695 1058 &Christi
707 1022 848 1056 Domini
869 1030 1004 1063 corpore
1014 1018 1120 1063 fulgo·

241 1085 309 1109 rem
331 1074 560 1107 existimarunt
580 1073 642 1107 effe
663 1073 765 1115 ipsam
788 1071 963 1106 increatam
990 1069 1121 1103 Divinae

239 1122 423 1167 Maiestatis
434 1123 563 1162 lucem,
587 1122 734 1163 adeoque
757 1121 906 1155 &visam
929 1119 1035 1154 oculis
1053 1129 1122 1153 corh

238 1173 346 1217 porcis
367 1197 375 1204 .
401 1171 558 1217 Gregorii
581 1170 721 1206 Palamae
739 1168 1038 1205 Thessalonicensis
1061 1168 1122 1202 Ar—

239 1222 462 1267 chi-Episcopi
476 1222 517 1257 de
527 1220 588 1256 hac
598 1233 631 1256 re
644 1232 745 1266 nugas
756 1220 862 1264 ample
881 1229 1052 1264 exponunt
1073 1219 1122 1262 Io·

239 1284 342 1309 annes
367 1272 621 1307 Cantacuzenus
640 1296 652 1312 ,
685 1271 852 1316 Georgius
885 1270 1026 1304 Francez
1047 1294 1058 1310 ,
1084 1279 1122 1303 ac

240 1324 314 1358 Leo
335 1321 481 1357 Allatius
497 1346 507 1353 .
534 1321 578 1355 Et
598 1320 733 1363 quidem
754 1330 817 1354 tres
841 1319 919 1354 istos
943 1318 1123 1362 Apostolos

239 1372 447 1418 singulariter
466 1380 530 1415 prae·
546 1370 618 1404 aliis
643 1371 829 1413 frequenter
848 1368 1059 1403 commendat
1082 1369 1125 1402 E-

238 1422 434 1466 vangelium
445 1444 455 1452 .
479 1421 524 1455 Et
536 1418 616 1454 hinc
628 1418 668 1453 ad
679 1419 844 1453 decimum
856 1419 1029 1461 septimum
1048 1419 1126 1453 San·

241 1472 286 1505 sti
308 1468 717 1511 Matthaeicaput-scribit
740 1468 861 1511 Beatus
872 1468 1124 1511 Hieronymus.-

238 1522 347 1564 ,Quare
368 1521 499 1558 Petrus,
525 1520 560 1552 ὁ·
574 1517 736 1563 Jacobus,
762 1519 943 1561 &joannes
969 1522 1001 1549 in
1013 1516 1128 1559 quibus·

240 1572 316 1605 dam
338 1569 573 1613 Evangeliorum
592 1568 660 1601 Iocis
676 1565 852 1610 separentur
873 1568 894 1599 ἃ
910 1572 1044 1607 caeteris,
1075 1574 1127 1599 aut

241 1621 318 1663 quid
324 1620 480 1661 privilegii
490 1616 618 1651 habeant
639 1626 729 1650 extra
740 1618 813 1649 alios
841 1615 980 1659 Apostolos
994 1640 1004 1655 ‚
1028 1617 1127 1650 crebro

240 1671 378 1704 dia-imur
389 1693 398 1700 .
423 1666 577 1702 Omnino
588 1666 656 1712 agit
666 1666 708 1700 de
720 1665 842 1709 Jacobo
864 1668 960 1700 statre
972 1665 1108 1708 Ioannis
1119 1691 1126 1698 .

240 1716 620 1766 QodidemJacobus‚
646 1717 787 1751 adinstar
797 1716 846 1749 sui
869 1716 994 1756 fratris,
1022 1728 1127 1760 perpe-

241 1768 336 1804 tuum
348 1768 445 1811 virgo
456 1766 664 1810 permanserit
677 1789 688 1806 ,
712 1766 859 1809 adeoque
870 1767 963 1799 sacrae
985 1766 1127 1800 scientiae

62 1831 165 1866 flues,
177 1838 223 1871 58·
242 1818 341 1853 fuerit
361 1815 513 1862 capacior
534 1840 549 1859 ‚
582 1815 700 1854 diserte
721 1815 860 1851 affirmat
889 1815 1026 1851 Saucius
1052 1816 1127 1861 Epi·

241 1866 403 1916 phanius.

284 2016 563 2085 (Ignoraverunt¹
595 2017 719 2082 itaque
751 2018 811 2061 <9⁴
842 2014 903 2062 illi
935 2050 949 2076 ,
994 2018 1076 2083 qui-

450 2085 516 2134 bus
544 2084 633 2157 post
666 2083 917 2151 Resurrecflio-

556 2172 637 2203 nem
672 2191 687 2216 ‚
722 2160 814 2204 (wc.

289 2318 415 2353 Douor
444 2313 573 2359 respicit
606 2311 690 2349 duos
726 2312 907 2359 discipulos
927 2339 939 2356 ‚
977 2313 1035 2358 qui
1061 2314 1127 2358 ipsa

239 2366 424 2403 Dominica
446 2363 704 2399 Resurrestionis
726 2362 781 2396 die
801 2364 929 2396 iverunt
949 2364 1130 2396 Emmanu-

240 2426 329 2453 tem.
356 2415 423 2448 His
444 2414 536 2447 enim
563 2412 733 2446 Dominus
753 2411 932 2455 Scripturas
953 2411 988 2445 in
1011 2411 1128 2445 itinere

239 2465 406 2510 exposuit..
436 2463 481 2497 Et
491 2461 648 2505 Cleophae
659 2462 766 2497 sbcius
786 2461 1009 2506 aquibusdam
1022 2462 1128 2496 credi-

238 2525 295 2550 tur
306 2515 398 2550 fuisse
410 2513 475 2557 ipse
507 2513 642 2547 Sanetus
653 2512 778 2547 Lucas.
809 2511 964 2555 Expresso
985 2511 1017 2546 id
1041 2512 1128 2546 affir-

238 2574 312 2601 mat
322 2565 357 2599 in
371 2565 427 2597 sua
439 2562 480 2596 ad
493 2562 560 2606 ejus
571 2562 791 2608 Evangelium
815 2563 1004 2605 praefatione
1016 2560 1129 2596 Theo-

239 2613 432 2659 phylastus.
460 2612 504 2645 Et
527 2612 652 2646 videtur
674 2612 766 2656 loqui
785 2622 826 2646 ex
837 2612 1013 2646 communi
1033 2612 1127 2647 tradi-

241 2664 336 2700 tione
348 2662 528 2696 Orientalis
550 2662 718 2696 Eccleflae.
744 2661 918 2710 Qidquid
940 2663 997 2702 sit,
1023 2661 1130 2705 loqui-

240 2723 297 2750 tur
318 2723 359 2747 ex
379 2712 488 2745 Sancti
511 2710 676 2746 Dorothei
705 2711 890 2755 Tyriorum
912 2712 1068 2756 Episcopi
1088 2712 1129 2746 de

240 2762 447 2807 sepeuaginta
479 2761 624 2796 Domini
653 2759 819 2805 discipulis
840 2761 981 2804 Synopfi
1004 2774 1011 2794 :
1049 2762 1129 2795 Cleo-

238 2813 323 2857 pbas
346 2835 356 2852 ,
393 2816 445 2854 qui
470 2812 505 2845 Θ
529 2813 628 2844 simon
649 2835 661 2851 ‚
699 2810 882 2854 consobrinus
904 2815 1023 2844 Domini
1042 2810 1126 2852 fuit.

242 2866 298 2896 Hic
308 2863 372 2895 cum
384 2862 445 2894 unni
455 2871 519 2893 cum
531 2864 612 2894 Luca
619 2859 844 2904 proficiſseretur
856 2885 866 2901 ‚
895 2864 1051 2894 Dominum
1066 2862 1128 2904 post

244 2911 492 2955 Resurraehonem
504 2921 542 2943 ex
554 2917 676 2943 mortuis
687 2913 767 2945 vidit
783 2936 793 2952 ‚
819 2913 853 2944 (ν
863 2922 925 2943 cum
946 2911 996 2945 illo
1015 2911 1126 2945 locutus

246 2962 284 3004 est
296 2987 308 3003 ‚
333 2961 578 3003 quemadmodum
590 2965 622 2992 in
640 2963 807 3003 Evangelio
814 2960 954 3003 scribitur
965 2985 977 3002 ‚
1003 2963 1127 2995 tandem

245 3012 324 3047 alter
335 3008 588 3052 Hierosolymorum
610 3009 772 3053 Epiftopus
787 3010 891 3051 saevus
912 3011 968 3050 esl.
995 3011 1062 3045 Res
1081 3021 1126 3045 ta-

1143 205 1160 234 1

1231 205 1249 233 s
1353 190 1602 234 XXII.
1896 208 1986 252 215

1186 269 1297 303 ruiffe.
1326 270 1369 303 Et
1390 271 1563 305 confirmat
1583 272 1617 305 in
1640 271 1811 306 HebraiciS
1831 277 2056 317 quaestionibus

1185 319 1317 353 Sanetus
1336 319 1564 364 Hieronymus
1585 335 1597 355 .·
1635 324 1771 364 Plerique
1793 325 1917 354 tradunt
1945 330 2055 359 Lucam
2075 346 2126 378 1³01
2189 355 2200 375 ι

1186 368 1409 414 Evangelistam
1433 396 1443 411 ,
1480 380 1514 404 ut
1547 370 1721 414 Pro-[clytum
1746 371 1906 406 Hebraicas
1936 373 2054 408 litteras
2129 355 2182 383 ⁸39
2204 367 2212 374 ⁷

1184 420 1340 464 ignorasse.
1370 420 1459 454 Etin
1473 422 1713 456 commentario
1733 422 1823 464 super
1845 421 1969 454 sextum
1982 423 2058 457 San-

1184 471 1222 503 έὶί
1235 470 1422 513 lsaiaecaput
1432 471 1562 505 scribit:
1590 476 1707 505 Veteres
1719 470 1854 513 Ecclefiae
1870 471 2058 507 Trac‘latores

1185 523 1311 555 tradunt
1332 524 1444 554 Lucam
1463 523 1690 565 Evangelistam
1701 522 1861 555 Medicinae
1881 526 1958 554 artIs
1968 521 2059 565 fuisse

1182 571 1394 615 scientiffimum
1413 594 1426 611 ,
1461 572 1497 604 ὁ·
1521 579 1617 615 magis
1640 575 1763 606 Graecas
1786 573 1904 604 litteras
1924 569 2060 614 scivisse,

1185 623 1276 665 quam
1286 621 1441 655 Hebraeas.
1468 623 1553 655 Unde
1579 620 1713 664 &sermo
1723 624 1809 662 ejus,
1836 627 1943 654 tamin
1953 624 2061 654 Evan-

1181 674 1258 716 geh'o
1273 696 1284 712 ,
1309 673 1399 714 quam
1419 677 1452 704 in
1471 671 1592 704 adibus
1605 670 1796 714 Apostolorum
1809 695 1819 711 ,
1843 675 1980 713 comptior
1999 670 2038 711 est
2048 695 2062 712 ,

1186 724 1220 755 <5
1227 720 1397 764 saecuc'arem
1406 722 1514 755 redolet
1533 724 1744 765 eloquentiam.
1769 720 1920 765 Magisque
1939 720 2061 761 testimo-

1186 776 1245 805 m'is
1256 775 1369 805 Graecis
1380 777 1476 805 utitur
1489 797 1498 813 ,
1524 773 1616 815 quom
1629 772 1781 805 Hebraeis.
1810 772 1853 805 Et
1864 772 1899 805 in
1915 770 2063 816 vigesimi

1186 823 1290 855 ostavi
1304 821 1418 866 capitis
1429 822 1679 856 Commentario
1690 835 1702 855 :
1729 825 1827 855 Lucas
1842 826 1936 866 magis
1947 825 2063 855 Graecae

1186 873 1294 915 linguae
1315 872 1422 905 babuit
1436 870 1593 916 scientiam
1605 897 1612 905 .
1642 873 1734 906 Hinc
1750 871 1834 906 dicit
1843 883 1959 906 omnes
1972 870 2064 915 Apo-

1187 922 1308 962 stolos,
1335 920 1415 956 dum
1436 923 1490 956 sua
1502 922 1625 965 Scripta
1649 922 1778 966 antiqui
1801 922 2004 956 instrumenti
2018 932 2065 956 tc·

1188 971 1348 1005 stimoniis
1359 973 1490 1006 firmant
1501 988 1518 1012 ,¹
1540 973 1661 1016 semper
1670 983 1711 1005 ex
1725 971 1890 1006 Hebraica
1907 972 2042 1006 veritate
2053 995 2064 1010 ‚

1188 1022 1292 1055 solum
1313 1022 1439 1056 Lucam
1459 1023 1567 1056 citasse
1597 1034 1638 1056 ex
1663 1023 1864 1066 septuaginta
1888 1022 2067 1065 interpreti*

1188 1070 1265 1105 bus.
1294 1069 1525 1106 Ethinclucet
1546 1071 1671 1105 Lucam
1699 1072 1809 1105 necin
1832 1072 1887 1105 die
1909 1071 2068 1105 Penteco-

1189 1120 1249 1154 stes
1269 1122 1424 1164 accepisse
1443 1122 1628 1165 linguarum
1651 1120 1777 1154 donum
1800 1145 1812 1161 ‚
1839 1121 1978 1163 ideoque
2008 1131 2065 1154 nec

1189 1171 1280 1205 fuisse
1292 1181 1367 1205 cum
1378 1169 1561 1214 discipulis.
1587 1170 1679 1217 Qin
1693 1170 1798 1204 immo
1826 1180 1885 1203 nec
1905 1181 1958 1213 per
1980 1181 2070 1204 revo-

1188 1223 1292 1255 cantis
1313 1218 1407 1255 Pauli
1428 1221 1593 1265 impositas
1611 1230 1728 1254 manus
1746 1219 1839 1253 fuisse
1866 1220 2069 1263 impartitum

1190 1271 1254 1305 isto
1275 1268 1465 1306 charismate
1489 1296 1496 1305 .
1533 1270 1644 1304 Etiam
1666 1271 1700 1304 in
1727 1270 1901 1306 illustrium
1926 1271 2071 1305 virorum

1191 1321 1356 1365 catalogo
1376 1320 1485 1355 scribit
1509 1320 1657 1354 laudatus
1683 1321 1910 1362 Hieronymus
1934 1331 1942 1352 :
1971 1323 2071 1352 Lucas

1192 1371 1391 1414 Evangelium
1411 1394 1423 1411 ,
1443 1368 1514 1411 ficut
1533 1371 1695 1403 audiverat
1711 1393 1722 1410 ‚
1742 1367 1856 1413 scripsit
1870 1382 1882 1412 ·‚v
1908 1370 1980 1402 Abla
2001 1371 2072 1403 vero

1194 1421 1386 1463 Apostolorum
1409 1442 1419 1458 ‚
1435 1418 1507 1462 ficut
1526 1420 1648 1454 viderat
1684 1420 1746 1463 ipse
1765 1444 1777 1461 ,
1805 1418 1962 1461 composuit
1984 1444 1991 1451 .
2029 1419 2074 1452 Et

1194 1470 1278 1504 istud
1289 1470 1393 1514 ipsum
1404 1470 1445 1508 de
1455 1471 1555 1505 semet
1569 1470 1635 1512 ipse
1647 1470 1753 1504 Lucas
1779 1469 1945 1512 profitetur
1958 1483 1969 1503 .-
1996 1472 2074 1502 Sicut

1193 1521 1386 1553 tradiderunt
1404 1520 1507 1558 nobis,
1534 1525 1586 1560 qui
1606 1519 1644 1550 ab
1662 1525 1747 1551 initio
1769 1520 1912 1552 viderunt
1939 1543 1944 1549 .
1972 1517 2075 1561 Visum

1195 1569 1232 1609 est
1260 1571 1294 1603 Θ·
1314 1567 1516 1611 mibiaffecuto
1527 1574 1639 1601 omnia.
1667 1567 1780 1603 Palam
1793 1569 1910 1603 fatetur
1922 1569 1953 1602 se
1966 1567 2007 1602 ab
2018 1568 2078 1601 ini-

1196 1621 1244 1654 tio
1258 1629 1326 1653 non
1352 1618 1487 1658 vidisse,
1515 1620 1654 1662 ideoque
1682 1630 1741 1653 nec
1763 1619 1854 1652 fuisse
1872 1630 1947 1653 cum
1959 1619 2081 1652 Domi*

1198 1681 1263 1706 no.
1291 1669 1436 1703 Proinde
1464 1668 1553 1714 quod
1574 1669 1680 1704 Sansti
1703 1668 1858 1712 Cleophae
1878 1669 1983 1703 socius
2010 1679 2079 1705 non

1195 1720 1316 1760 fuerit,
1341 1719 1497 1753 existimo
1522 1730 1590 1753 non
1613 1719 1849 1754 dubitandum.
1877 1720 1922 1754 Et
1946 1719 2025 1752 hinc
2046 1719 2082 1751 in

1196 1778 1314 1811 quarto
1324 1778 1438 1803 contra
1459 1769 1668 1803 Marcionem
1682 1769 1768 1803 libro
1783 1769 1958 1811 Septimius
1977 1768 2083 1802 noster

1195 1819 1334 1853 affirmat
1360 1818 1456 1852 illum
1479 1819 1574 1853 fuisse
1595 1831 1664 1853 non
1677 1819 1876 1863 Apostolum
1889 1843 1900 1859 ,
1927 1817 1981 1853 sed
1994 1818 2086 1853 dum-

1195 1878 1286 1904 taxat
1299 1867 1553 1912 Apostolicum,
1582 1868 1615 1903 id
1631 1870 1676 1904 est
1689 1894 1699 1910 ,
1726 1869 1968 1913 Apostolorum
1991 1868 2086 1903 disci-

1196 1919 1330 1964 pulum.
1356 1918 1396 1953 ln
1417 1919 1563 1954 secundo
1584 1919 1736 1954 adversus
1758 1920 1890 1954 Celsum
1913 1918 1999 1953 libro
2010 1919 2086 1952 Ori·
2104 1934 2223 1973 1:019&

1196 1980 1297 2014 genes
1324 1968 1513 2003 constanter
1523 1969 1660 2002 affirmat
1683 1968 1840 2013 Cleophae
1851 1970 1975 2004 socium
1989 1969 2084 2003 fuiffe
2104 1977 2136 2006 &
2151 1988 2213 2007 τοι.

1198 2020 1365 2053 Simonem
1379 2043 1387 2050 .
1415 2018 1459 2053 Et
1479 2018 1570 2052 addit
1585 2018 1699 2052 ambos
1721 2020 1813 2052 suisse
1826 2019 1977 2054 Domino
1988 2020 2083 2055 fami-
2104 2016 2237 2054 Pol-105·

1197 2068 1307 2104 liares.
1336 2068 1469 2102 Etenim
1491 2067 1654 2110 Cleophas
1678 2069 1741 2102 fuit
1758 2069 1864 2103 Sancti
1879 2069 2007 2114 Josephi
2022 2072 2083 2105 fra·

1198 2129 1266 2160 ter,
1292 2118 1435 2153 Domini
1458 2129 1512 2160 per
1533 2118 1725 2153 affinitatem
1752 2130 1906 2162 patruus,
1931 2120 2081 2163 adeoque

1196 2170 1228 2202 ἀ
1250 2168 1437 2202 familiaris.
1466 2167 1546 2210 Ejus
1565 2167 1650 2202 filius
1671 2168 1734 2202 fuit
1755 2170 1892 2212 Simon,
1920 2172 2080 2206 secundus

1197 2218 1266 2261 post
1289 2215 1447 2260 Jacobum
1469 2217 1669 2261 Apostolum
1686 2216 1928 2263 Hierosolymae
1948 2222 2080 2265 Episco—

1196 2279 1254 2310 pus
1266 2291 1277 2307 ,
1302 2278 1400 2309 atque
1420 2267 1466 2301 ita
1477 2266 1532 2302 hic
1544 2268 1638 2312 possit
1647 2269 1740 2302 fuisse
1760 2269 1828 2312 ejus
1839 2271 1871 2304 in
1886 2272 1939 2306 via
1952 2272 2057 2306 socius
2070 2297 2077 2305 .

1197 2316 1306 2349 Etiam
1327 2315 1405 2355 hic,
1430 2316 1546 2365 utpote
1567 2319 1783 2353 consobrinus
1801 2344 1812 2360 ,
1838 2320 1901 2355 fuit
1924 2322 2078 2356 Domino

1195 2364 1377 2398 familiaris.
1404 2364 1447 2397 Et
1459 2364 1542 2399 hino
1550 2367 1714 2401 Dorothei
1726 2378 1833 2403 textus
1844 2371 1973 2406 videtur
1989 2383 2079 2407 men·

1193 2413 1310 2448 dosus.
1340 2413 1483 2449 Videtur
1504 2415 1679 2461 legendum
1693 2431 1704 2451 .·
1729 2419 1875 2461 cleophas
1898 2445 1910 2461 ,
1935 2428 1980 2455 cui
1996 2420 2078 2463 filius

1194 2466 1306 2496 simon.
1336 2464 1436 2498 Etita
1449 2466 1584 2500 suadent
1596 2467 1695 2501 etiam
1717 2469 1829 2504 finalia
1849 2471 1961 2505 verba:
1994 2474 2077 2506 Alter

1197 2512 1448 2556 Hierosolymorum
1456 2515 1620 2559 Episcopus
1624 2516 1728 2558 sallus
1740 2518 1786 2558 est.
1815 2520 1938 2564 Utique
1950 2521 2075 2557 Simon.

1194 2563 1366 2608 Quidquid
1379 2564 1415 2597 (it
1431 2588 1441 2603 ‚
1468 2565 1525 2600 iste
1537 2567 1652 2601 Simon
1665 2577 1733 2601 non
1747 2570 1811 2602 fuit
1822 2569 1936 2605 Simon
1948 2571 2075 2612 Petrus,

1195 2625 1254 2647 nec
1265 2614 1349 2647 alius
1363 2613 1542 2657 Apostolus
1555 2641 1562 2647 .
1587 2616 1691 2651 Lucet
1710 2628 1751 2652 ex
1762 2621 1882 2654 Sansto
1894 2622 1999 2655 Luca:
2028 2626 2076 2654 In·
2096 2630 2168 2668 Cap,
2186 2641 2231 2665 24·

1196 2673 1342 2698 venerunt
1353 2675 1540 2709 congregatos
1549 2668 1683 2700 undecim
1693 2692 1700 2700 .
1730 2669 1773 2703 Et
1786 2668 1865 2703 hinc
1876 2671 1980 2704 oritur
1991 2681 2075 2711 quae-

1194 2714 1276 2748 stio.
1302 2714 1489 2760 Qomodo
1511 2717 1688 2759 Septimius
1709 2728 1750 2749 ex
1762 2719 1844 2752 fasta
1864 2719 1928 2751 illis
1939 2730 1993 2762 per
2004 2720 2074 2753 Do-

1193 2765 1318 2797 minum
1330 2764 1487 2798 sacrarum
1501 2766 1697 2799 Litterarum
1708 2768 1977 2809 interpretatione
1995 2780 2074 2804 con-

1192 2815 1296 2847 firmet
1317 2813 1446 2856 plenam
1466 2813 1644 2847 doctrinam
1665 2814 1816 2849 omnium
1839 2814 2015 2853 duodecim
2028 2819 2073 2852 A·

1192 2863 1391 2908 postolorum
1405 2864 1421 2893 ?
1447 2862 1643 2905 Respondeo
1653 2864 1716 2898 effe
1726 2876 1956 2909 argumentum
1977 2870 1997 2903 a
2013 2871 2072 2903 mi-

1192 2915 1263 2947 nori
1285 2914 1325 2947 ad
1350 2913 1473 2955 majus.
1502 2913 1634 2948 Deinde
1655 2938 1666 2954 ,
1692 2914 1868 2957 Septimius
1895 2919 1989 2961 poffit
2007 2920 2070 2954 esse

1190 2963 1476 3006 memorialapsus.
1507 2965 1598 2997 Dum
1612 2962 1675 2997 haec
1688 2964 1867 3005 scribebat,
1893 2969 1987 3010 poffit
2011 2971 2072 3002 res·

1192 3014 1310 3056 pexiffe
1319 3012 1413 3047 verba
1427 3014 1532 3047 Sancti
1546 3014 1665 3047 Lucae:
1691 3015 1774 3048 Tunc
1784 3023 1903 3057 aperuit
1924 3020 1983 3051 illis
2000 3019 2069 3060 sen-

72 3084 175 3117 Haeres·
187 3093 233 3122 μ·
246 3073 324 3098 men
340 3072 407 3095 non
419 3070 503 3093 caret
516 3060 665 3103 scrupulo
677 3084 684 3091 .
712 3061 844 3094 Etenim
859 3061 892 3093 in
906 3061 1047 3095 Panario
1057 3062 1125 3095 scti-
1184 3063 1252 3107 sum
1267 3089 1277 3104 ‚
1302 3072 1337 3096 ut
1349 3065 1545 3106 intelligerent
1556 3066 1745 3105 scripturas.
1775 3064 1875 3100 Poffit
1893 3078 2067 3111 utrumque

75 3133 137 3163 cap,
161 3135 207 3157 Π,
251 3113 300 3149 bit
309 3112 445 3146 Sanetus
457 3108 682 3153 Epiphanius:
710 3110 875 3150 Lucasfuit
886 3122 960 3143 unus
981 3112 997 3143 ἐ
1012 3109 1124 3152 septua-

243 3168 332 3208 ginta
341 3160 455 3195 duobus
469 3159 618 3202 distipult's
630 3183 640 3199 ,
670 3170 740 3201 quos
752 3158 864 3198 christi
885 3161 934 3193 illc
948 3159 1045 3202 sermo
1056 3162 1125 3201 diffi-

242 3221 337 3255 parat
355 3234 366 3250 ,
400 3222 487 3252 quem
508 3211 617 3243 deinde
641 3210 754 3241 Paulus
786 3208 928 3249 Apostolus
950 3217 1126 3243 revocavit:

244 3261 359 3295 Sermo
378 3259 421 3294 de
443 3260 642 3294 sacrosancta
664 3257 868 3292 Eucharistia
892 3283 899 3290 .
928 3260 960 3292 Si
986 3260 1123 3302 primum

241 3310 369 3346 Paulus
378 3309 503 3343 Lucam
515 3310 711 3344 revocaverit
726 3333 737 3348 ‚
762 3319 884 3342 certum
896 3308 939 3342 est
951 3307 1040 3344 hunc
1051 3311 1124 3346 fuis·

244 3361 279 3395 se
290 3358 445 3400 cleopha
459 3361 581 3393 socium
595 3383 606 3399 ‚
632 3360 663 3393 ὅ(
679 3358 862 3393 Dominum
877 3359 924 3393 ilii
947 3371 1017 3394 non
1031 3372 1123 3406 appa-

347 3406 449 3447 Christ.
465 3413 541 3450 Lupi
561 3415 658 3452 Opera
668 3413 703 3441 T.
717 3411 775 3442 IX.

1188 3115 1332 3157 ejusdem
1354 3115 1468 3156 capitis
1495 3113 1720 3147 testimonium
1742 3116 1899 3151 miscuisse
1922 3143 1929 3150 .
1964 3119 2069 3166 Qid-

1188 3165 1267 3218 quid
1279 3164 1314 3196 fit
1328 3188 1338 3204 ‚
1365 3163 1417 3198 hic
1430 3164 1642 3209 Evangelistae
1654 3164 1745 3199 locus
1756 3168 1860 3212 magis
1871 3167 2008 3203 faciebat
2028 3169 2068 3203 ad

1187 3225 1253 3255 ejus
1265 3225 1331 3249 rem
1343 3239 1351 3247 .
