2346 3724
707 125 1123 170 CAPIT

239 219 281 248 tio
287 212 513 257 persicarionis3
533 208 621 252 sequ}
642 218 739 243 autem
753 210 870 245 Diaboli
881 214 1069 252 iniquztatem
1081 210 1125 241 ad

241 264 463 304 instrumentum
469 257 675 303 perficutionis
688 285 698 301 ‚
712 272 778 304 quae
789 266 864 293 ratio
871 259 910 301 est
914 259 1097 301 probationis
1115 283 1121 290 .

239 313 319 347 Haec
331 310 467 345 illustrat
477 310 629 353 exemplo
641 309 807 354 Prophetae
818 309 879 353 Job
890 334 899 350 ,
914 309 989 344 Saul
1003 309 1102 353 Regis
1112 333 1121 348 ,

240 359 346 399 Sancti
358 360 445 395 Petri
458 359 612 402 Apostoli
625 383 635 400 ‚
648 359 787 405 Phigelli
800 355 818 399 ‚'
834 359 1056 404 Hermogenis
1067 384 1077 400 ‚
1090 358 1123 391 ὅ(

238 413 392 449 aliorum,
403 410 618 453 quosDivina
631 409 840 445 Providentia
852 409 985 452 probare
1001 419 1058 445 aut
1071 420 1124 451 pn-

238 461 440 500 nirevoluit,
452 473 488 494 ac
499 460 663 496 abaeterno
679 459 924 504 praedestinavit,
934 460 966 497 ὅ(
979 470 1034 502 per
1045 459 1124 494 Dia—

238 512 311 547 boli
325 511 533 554 iniquitatem
544 510 590 544 est
603 511 635 544 in
651 521 794 555 tempore
803 521 952 543 executa.
968 510 1010 543 Et
1024 510 1123 553 prose-

239 563 440 607 quitut:Cum
448 563 512 607 ergo
520 559 582 594 baec
590 562 726 603 exempla
734 565 831 603 magis
841 566 873 593 in
877 558 1124 604 persecutionibus

239 618 395 653 eveniant,
399 611 427 655 fi
434 612 552 658 quidem
563 620 633 644 tunc
644 616 739 654 magis
751 611 802 646 vel
803 610 964 653 probamur
975 612 1029 647 vel
1034 618 1126 652 repro-

239 662 398 703 bamur,&
407 668 504 705 magis
517 661 706 695 humiliamur
716 662 770 697 vel
776 661 1015 700 emendamur‚ab
1023 671 1054 693 eo
1059 667 1126 702 per-

240 719 382 748 mittatur
392 713 448 749 vel
454 718 612 754 imperetur
623 712 726 755 necesse
736 710 774 750 est
783 711 936 750 catholice*
942 710 1078 753 fieribaec
1085 733 1096 750 ,
1107 711 1128 745 ,ἃ

243 774 300 806 quo
309 764 343 797 &
352 771 489 805 exparte
497 787 507 802 ,
519 760 627 804 scilicet
639 762 678 795 ab
690 763 739 795 illo
747 767 796 804 qui
808 763 891 803 dicit,
905 762 978 806 Ego
990 762 1059 794 sum
1071 759 1126 804 qui

243 814 332 851 facio
346 823 456 856 pacem
477 813 511 845 &
523 812 634 846 condo
645 812 730 849 mala
743 835 750 842 .
778 812 818 845 Id
836 812 872 852 est
882 836 893 853 ,
919 812 1026 845 bellum
1037 835 1044 842 .
1071 817 1130 847 Hoc

243 863 284 904 est
291 869 369 897 enim
378 869 450 906 paci
459 867 650 896 contrarium.
678 860 795 902 Nostra
804 871 905 896 autem
921 866 990 903 paci
1008 861 1083 904 quid
1091 858 1129 904 est

243 913 352 949 bellurn
373 911 429 953 ntfi
443 909 603 955 persecutio
613 909 630 942 ἒ
655 910 738 944 Non
761 911 887 945 tantum
900 911 1008 955 gratiae
1025 910 1129 953 dona,

241 962 298 999 sed
315 963 350 996 &
369 972 473 1005 poenae
493 961 578 993 mala
600 961 738 999 affirmat
757 961 1011 999 effeaDomino
1029 961 1130 1003 Deo,

242 1012 383 1049 immitti
403 1036 414 1053 ,
449 1009 663 1055 praedestinari
683 1035 694 1052 ,
731 1011 893 1054 praeparari
916 1036 923 1043 .
950 1010 994 1047 Et
1025 1010 1108 1047 ,recte
1123 1034 1129 1041 .

240 1061 324 1100 Haec
345 1062 435 1097 enim
445 1061 490 1097 est
502 1061 641 1106 duplicis
654 1060 948 1105 praedestinationis
969 1060 1104 1106 quaestio
1118 1084 1128 1101 ‚

241 1122 345 1156 quam
363 1111 481 1150 saeculo
505 1121 596 1146 nono
618 1111 768 1148 adversus
782 1110 1000 1147 miserabilem
1013 1111 1130 1148 Mona-

211 1158 345 1197 'chum
376 1160 617 1200 Godescalcum
648 1161 788 1207 agitavit
821 1162 923 1204 usque
955 1159 995 1196 ad
1026 1161 1128 1199 ravim

70 2900 161 2936 Dm·
182 2908 227 2940 33-

241 1213 448 1250 Hincmarus
468 1210 682 1254 Metropolita
704 1210 919 1252 Rhemenfis,
945 1211 978 1245 δε
998 1211 1129 1245 tandem

241 1274 304 1307 pro
324 1259 498 1302 Monacho
517 1259 667 1298 ‚definivit
687 1262 822 1300 Sanctus
845 1261 1006 1300 Pontifex
1030 1261 1131 1294 Nico-

244 1313 331 1347 laus.
360 1312 404 1347 Et
414 1311 514 1346 reete.
542 1311 705 1350 Definivit
715 1313 806 1347 enim
817 1323 857 1348 ex
871 1313 977 1346 Sanffl
991 1311 1131 1356 Fulgen-

243 1361 286 1397 tii
306 1361 397 1400 libris
418 1360 459 1394 ad
478 1362 675 1399 Monimum
695 1384 707 1402 ,
732 1361 767 1394 &
791 1372 834 1394 ex
854 1361 962 1395 lucida
983 1361 1131 1397 destrina

243 1412 353 1449 Sancti
365 1409 545 1455 Augustini
558 1435 566 1443 .
594 1409 753 1446 Notanda
767 1411 840 1446 sunt
851 1410 1053 1447 Tertulliani
1067 1422 1133 1445 ver-

244 1460 307 1500 ba:
336 1464 362 1496 Δ
380 1471 440 1505 quo
453 1461 488 1497 et
508 1467 641 1502 exparte
655 1482 663 1493 .
688 1458 836 1495 Edicunt
851 1461 1111 1502 persecutionem
1123 1483 1134 1500 ‚

223 1509 375 1554 *aliaque
395 1508 430 1542 id
453 1518 557 1552 genus
579 1518 684 1551 poenae
706 1508 792 1542 mala
812 1520 881 1545 non
905 1509 967 1544 effe
988 1508 1081 1552 plene
1094 1521 1133 1542 ex

244 1561 348 1601 Deo,
375 1556 430 1593 sed
452 1568 511 1601 pro
533 1557 601 1594 sola
613 1567 717 1601 parte.
746 1559 830 1592 Sunt
850 1558 940 1593 enim
963 1569 1011 1596 res
1023 1559 1134 1592 mixtae

244 1618 288 1645 ex
301 1608 446 1644 humana
459 1617 515 1646 aut
525 1606 686 1643 diabolica
709 1607 883 1656 iniquitate
894 1633 905 1649 ,
930 1621 968 1643 ac
987 1620 1028 1643 ex
1042 1608 1135 1642 Divi-

244 1670 290 1695 na
310 1659 434 1704 justitia
448 1683 455 1692 .
481 1657 563 1693 Haec
586 1658 654 1692 sola
677 1668 791 1693 eorum
804 1670 876 1702 pars
896 1658 941 1693 est
953 1659 1135 1695 &Domino

244 1711 326 1747 Deo
335 1735 344 1743 .
372 1709 450 1743 Alia
461 1707 502 1743 ab
514 1708 585 1753 ipso
596 1707 768 1745 dumtaxat
779 1709 976 1753 permittitur
989 1733 997 1741 .
1025 1708 1069 1747 Et
1082 1708 1136 1743 bo·

244 1772 298 1796 ηε
321 1758 421 1804 partis
435 1783 447 1799 ‚
473 1758 550 1793 licet
572 1758 591 1792 a
614 1760 646 1794 se
670 1756 899 1807 praedestinatae
920 1770 957 1794 ac
967 1757 1135 1799 immissa,

243 1809 418 1848 Dominus
437 1809 531 1844 Deus
554 1819 622 1843 non
634 1809 679 1843 est
701 1808 840 1846 author.
867 1810 937 1855 lpse
952 1810 1043 1845 enim
1066 1820 1134 1843 non

244 1860 326 1900 fecit
335 1869 475 1897 mortem
487 1884 496 1892 .
520 1857 630 1893 Immo
641 1859 675 1893 δε
685 1858 764 1893 fecit
776 1885 782 1893 .
813 1859 924 1904 Fecit,
948 1870 1017 1894 non
1029 1868 1066 1895 ut
1078 1860 1136 1903 pri-

243 1921 319 1948 mus
329 1909 447 1945 author
457 1931 468 1949 ,
495 1906 550 1943 sed
561 1917 598 1943 ut
611 1909 736 1952 peccati
749 1909 837 1944 ultor
846 1935 855 1942 .
880 1911 1000 1956 Longa
1011 1910 1055 1945 est
1069 1907 1137 1948 haec

241 1970 316 2001 res,
341 1958 495 1994 discenda
517 1971 559 1996 ex
580 1959 699 1994 Sansto
720 1959 932 2005 Augustino.

294 2009 525 2049 Tertullianus
544 2008 609 2052 iarn
633 2010 651 2044 a
683 2010 962 2053 persecutionibus
993 2012 1135 2047 cruentis

241 2061 360 2096 transit
371 2058 412 2095 ad
425 2057 556 2093 haereses
565 2083 576 2100 ,
598 2060 784 2097 incruentas
795 2061 1032 2105 persecutiones
1041 2087 1049 2095 .
1075 2062 1136 2097 Af-

244 2109 401 2147 firmat&
416 2107 472 2143 has
485 2109 689 2144 neceffirias.
717 2109 791 2148 Effe
809 2122 877 2147 non
901 2112 1136 2148 tantummodo

246 2161 365 2196 noxias
386 2158 498 2201 varie,
523 2158 576 2198 sed
597 2160 630 2195 ἀ
643 2160 754 2194 utiles.
785 2161 894 2198 Etiam
907 2173 949 2196 ex
965 2163 1056 2206 ipsis,
1083 2163 1136 2199 vel

242 2209 356 2258 potius
375 2220 418 2247 ex
441 2209 579 2255 ipsarum
592 2211 759 2245 occafione
780 2222 835 2253 per
850 2212 1009 2245 Divinam
1025 2212 1136 2246 Provi—

245 2261 392 2296 dentiam
413 2259 514 2300 elici,
541 2259 698 2293 ac.nobis
721 2259 885 2301 provideri
896 2260 1041 2303 optimos
1057 2261 1136 2295 effe-

238 2313 335 2353 ,stus-
362 2308 492 2345 Primus
511 2308 555 2341 est
570 2320 577 2340 :
604 2312 644 2342 Ut
659 2308 829 2351 probabiles
841 2315 950 2351 quique
966 2309 1135 2350 manifesta-

245 2369 350 2394 rentur
364 2381 376 2401 ‚
399 2358 503 2404 qutad
510 2356 636 2399 hareses
652 2367 710 2390 non
722 2357 978 2391 exorbitaverint.
1006 2358 1135 2391 Notan-

244 2409 327 2443 dum
338 2408 384 2442 est
397 2405 550 2443 verbum:
582 2405 836 2441 Exorbitavermt
847 2431 855 2441 .
884 2405 996 2441 Edicit
1008 2406 1135 2445 Catho-

243 2457 344 2492 licam
367 2456 469 2493 fidem
490 2456 552 2490 effe
571 2455 706 2493 unicam
727 2455 836 2489 salutis
854 2455 1016 2500 orbitam,
1042 2467 1134 2494 extra

244 2518 345 2552 quam
363 2506 510 2552 quisquis
529 2507 647 2540 animae
657 2507 718 2543 suae
729 2516 815 2543 rotas
825 2507 914 2540 exire
932 2507 1109 2550 permiserit
1121 2532 1133 2550 ,

244 2568 317 2592 non
339 2557 443 2601 potest
467 2567 537 2591 non
556 2557 688 2591 deviare
710 2556 746 2592 in
757 2556 989 2600 sempiternam
1001 2557 1133 2593 damna·

245 2608 392 2644 tionem.
418 2607 547 2642 Dostor
566 2606 711 2650 loquitur
731 2618 772 2640 ex
794 2607 898 2651 prima
910 2607 1017 2643 Sansti
1037 2609 1132 2643 Pauli

219 2688 227 2698 ,
245 2657 288 2692 ad
297 2655 493 2692 Corinthios
506 2656 661 2700 epistola:
691 2661 814 2699 Oportet
825 2658 859 2691 ὁ·
869 2656 994 2700 baereses
1007 2660 1059 2702 effe
1068 2682 1079 2699 ‚
1100 2669 1134 2694 ut

246 2710 344 2749 &qui
352 2706 473 2751 probati
479 2704 574 2751 sunt,
598 2706 748 2750 manifesti
765 2707 845 2750 fiant
859 2713 891 2742 in
901 2708 986 2742 vobis
1000 2733 1007 2741 .
1036 2709 1133 2752 Apo·-

246 2757 348 2791 ssolus
368 2757 514 2801 loquitur
536 2769 578 2791 ex
596 2756 762 2801 Propheta
782 2758 926 2800 Moyse,
951 2759 1009 2805 qui
1028 2758 1063 2793 in
1077 2761 1132 2794 sua

246 2806 420 2843 noviffima
438 2807 479 2841 ad
503 2807 570 2844 Dei
596 2806 756 2852 populum
777 2809 943 2843 concione
975 2808 1063 2843 dixit
1091 2809 1134 2844 de

246 2857 425 2892 exorituris
443 2856 763 2901 Pseudo-Prophetis
786 2870 793 2891 z
821 2861 934 2894 Tentat
956 2870 1010 2893 vos
1035 2862 1133 2893 Domi-

246 2918 308 2942 nus
329 2909 412 2942 Deus
434 2905 526 2946 vester
545 2932 557 2948 ‚
582 2917 616 2944 ut
633 2908 740 2953 palam
758 2909 818 2951 fiat
840 2932 852 2949 ,
877 2909 977 2944 utrum
999 2910 1132 2954 diligatis

247 2968 338 2998 omn,
363 2967 404 2992 an
423 2966 481 2991 non
495 2981 503 2989 .
528 2958 641 3006 Qm
664 2958 776 2994 locum
799 2959 971 3003 infigniter
993 2961 1132 3004 exponit

246 3006 451 3043 Vincentius
471 3006 671 3045 Lerinenfis:
700 3012 777 3044 Luce
796 3010 906 3045 clarius
927 3018 1033 3052 aperta
1043 3009 1133 3054 causa

246 3057 289 3097 0st
310 3067 360 3090 cur
371 3056 520 3093 interdum
532 3059 651 3093 Divina
663 3059 862 3094 Providentia
870 3058 1014 3105 quosdam
1034 3060 1131 3095 Eccle-

242 3107 357 3150 fiarum
377 3105 531 3150 Magistros
551 3114 631 3142 nova
650 3110 790 3153 quaedam
801 3113 949 3154 Dogmata
965 3111 1133 3151 praedlcare

243 3163 411 3201 patiatur.
437 3160 476 3191 Ut
496 3166 589 3191 tentet
606 3169 661 3191 vos
685 3161 827 3193 Dominus
848 3161 929 3194 Deus
940 3159 1048 3200 vester.
1076 3161 1131 3202 Est

247 3206 379 3250 profec‘lo
399 3218 510 3253 magna
519 3214 664 3249 tentatio,
689 3209 755 3244 cum
763 3209 831 3250 ille,
855 3220 941 3255 quem
951 3220 984 3244 tu
1006 3210 1131 3253 Prophe-

250 3266 338 3297 tam,
361 3268 447 3300 quem
467 3257 682 3303 Prophetarum
700 3257 899 3302 distipulum‘,
923 3271 1009 3302 quem
1028 3261 1132 3296 Do&-

251 3304 528 3353 remeraffmorem
539 3314 678 3345 veritatis
691 3316 781 3353 putes
793 3332 806 3352 ,
829 3319 917 3353 quem
932 3308 1051 3353 summa
1071 3322 1130 3347 ve-

1194 137 1211 169 1
1281 136 1300 165 s
1403 121 1427 167 I
1461 122 1520 165 V.
1938 137 1999 183 75

1188 213 1339 242 neratione
1362 207 1678 248 &amoreeomplexus
1696 207 1749 250 lis,
1773 212 1801 244 is
1819 209 1920 254 subita
1940 213 2069 245 latenter

1188 263 1287 291 noxios
1294 256 1522 300 subintroducat
1531 268 1643 291 errores
1655 281 1666 297 ‚
1697 269 1769 299 quos
1783 272 1833 293 nec
1842 265 1897 294 circi
1909 262 2071 304 depreben-

1188 310 1257 342 dere
1279 309 1407 349 valeas,
1432 311 1507 343 dum
1530 312 1650 350 antiqui
1660 308 1817 355 magisterii
1829 312 1941 344 duceris
1957 315 2073 353 praeju-

1189 359 1262 391 dicio
1271 382 1282 397 ‚
1309 358 1459 400 necfacile*
1480 359 1626 391 damnare
1639 357 1702 402 ⁴fas
1715 358 1808 390 ducas
1819 382 1830 398 ‚
1853 361 1927 391 dum
1938 362 2073 406 Magistri

1190 414 1301 442 'veteris
1317 410 1504 451 pra-peditis
1524 408 1634 449 affec‘lu
1657 434 1665 442 .
1699 407 1802 454 Quod
1825 408 1988 443 Diabolus
2018 423 2073 454 per

1191 469 1330 503 magnos
1353 458 1438 493 viros
1462 458 1649 493 introducat
1668 458 1792 502 quasvis
1815 457 1967 497 haereses,
1993 461 2074 495 reste

1190 509 1327 543 affirmat
1342 509 1374 542 in
1390 509 1539 553 vigesima
1550 510 1641 545 sexta
1649 508 1801 543 oratione
1813 508 1945 542 Sanstus
1954 508 2077 553 Grego-

1191 559 1256 593 rius
1270 558 1517 593 Nazianzenus.
1544 558 1648 608 Qod
1661 559 1767 602 ipsum
1778 559 1952 594 confirmat
1965 558 1999 592 in
2013 558 2078 592 Pa·-

1195 608 1287 643 nario
1310 609 1445 643 sanetus
1473 609 1695 652 Epiphanius.
1725 609 1769 644 Et
1789 609 1876 643 certe
1899 608 2079 643 Tertullia·
2102 631 2166 663 Lib.
2181 642 2228 667 77·

1194 670 1254 694 nus
1265 683 1275 699 ,
1289 659 1452 704 Origenes
1463 684 1475 699 ,
1500 658 1659 694 sabellius
1671 684 1681 700 ‚
1708 659 1820 701 Arius,
1832 659 2078 703 Apollinarius‚
2098 653 2165 712 cap..
2185 682 2211 703 ι,

1193 709 1393 749 Marcellus,
1421 708 1639 745 Macedonius
1652 734 1663 750 ‚
1690 710 1861 752 Julianus,
1889 709 2081 750 Nestorius,

1191 760 1226 794 &
1242 760 1350 794 cunsti
1362 760 1462 807 usque
1482 759 1522 792 ad
1545 760 1729 794 Martinutn
1742 759 1924 795 Lutherum
1936 771 1973 794 ac
1985 760 2080 802 Joan-

1195 821 1271 844 nem
1293 810 1472 847 Calvinum
1491 809 1713 846 Haerefiarchae
1726 812 1859 845 fuerunt
1870 809 2080 853 hujusmodi.

1196 860 1351 907 Quantus
1362 869 1438 895 ante
1451 860 1576 903 lapsum
1599 861 1650 894 vir
1660 861 1758 898 fuerit
1770 860 1935 897 Martinus
1957 859 2082 897 Luthe-

1196 908 1247 944 rus
1266 935 1277 954 ‚
1304 911 1414 945 videre
1437 909 1532 954 poffis
1559 909 1643 954 apud
1676 910 1817 947 Paulum
1839 911 2006 956 Langiurn
2046 911 2082 944 in

1197 958 1368 998 Chronico
1379 961 1548 998 Ziticensis
1562 961 1725 997 Ecclefiae.
1756 961 1800 995 Et
1813 973 1932 1006 magna
1945 960 2081 1005 Ioannis

1198 1010 1329 1044 Calvini
1341 1011 1463 1048 talenta
1475 1011 1548 1054 quis
1561 1011 1692 1056 ignoret
1703 1012 1720 1045 ,ἶ
1732 1011 1825 1048 Hinc
1837 1012 1980 1057 ipsorum
1991 1022 2083 1047 exor-

1195 1071 1247 1099 tus
1259 1061 1321 1094 fuit
1332 1060 1466 1103 fimplici
1477 1061 1601 1104 populo
1613 1061 1754 1100 omnino
1765 1073 1885 1107 magna
1893 1063 2036 1096 tentatio
2049 1086 2056 1093 .

1244 1110 1338 1148 Idem
1360 1110 1560 1145 Vincentius
1569 1112 1668 1147 etiam
1682 1112 1850 1153 laudatum
1862 1112 1969 1147 Sancti
1989 1110 2087 1146 Pauli

1198 1160 1310 1195 locum
1333 1161 1503 1205 insigniter
1524 1163 1681 1204 exponit.
1707 1163 1812 1195 Hunc
1833 1161 1914 1196 dicit
1934 1162 1998 1196 esse
2018 1161 2087 1205 ejus

1198 1211 1323 1245 sensum
1336 1225 1347 1245 .-
1372 1210 1417 1243 Ob
1439 1210 1648 1255 boehaereseon
1660 1211 1828 1251 nonstatim
1850 1211 2008 1247 Divinitus
2023 1221 2088 1245 era-

1198 1262 1339 1296 dicantur
1348 1261 1485 1295 authores
1498 1286 1509 1302 ,
1535 1271 1570 1295 ut
1579 1263 1702 1304 probati
1712 1260 1944 1305 munifi-stifiant
1955 1286 1966 1303 ‚
1993 1263 2028 1295 id
2037 1260 2088 1302 est,

1198 1310 1395 1355 unusquisque
1418 1313 1510 1354 quam
1523 1321 1617 1346 tenax
1628 1311 1768 1354 &fidelis
1782 1337 1794 1354 ,
1820 1314 1854 1347 ὁ·
1859 1312 1944 1354 fixus
1957 1311 2089 1346 Catholi-

1197 1373 1240 1399 cae
1252 1364 1342 1396 Fidei
1346 1361 1385 1404 fit
1395 1370 1534 1403 amator,
1563 1371 1712 1405 appareat
1723 1387 1731 1395 .
1756 1365 1804 1396 Et
1813 1364 1923 1396 revera*
1933 1373 1998 1395 cum
2009 1373 2090 1405 quae-

1200 1422 1255 1454 que
1265 1417 1386 1448 novitas
1398 1412 1503 1449 ebullit
1514 1436 1524 1452 ,
1543 1412 1648 1453 statim
1659 1411 1788 1446 cernitur
1791 1413 2016 1454 frumentorum
2020 1422 2091 1455 graf

1200 1467 1287 1499 vitas
1298 1485 1310 1502 ,
1338 1462 1495 1498 &levitas
1504 1463 1666 1503 palearum
1678 1487 1685 1494 .
1711 1465 1793 1496 Tunc
1796 1461 1862 1504 fine
1884 1473 1992 1506 mqno
2013 1462 2093 1495 moli-

1201 1517 1282 1545 mine
1304 1516 1455 1547 excutitur
1476 1511 1519 1546 ab
1542 1523 1636 1551 area,
1659 1514 1744 1553 quod
1762 1514 1842 1545 nullo
1856 1514 1988 1553 pondere
2009 1517 2092 1545 intra

1200 1571 1302 1592 aream
1323 1560 1498 1595 tenebatur,
1525 1563 1671 1603 Namque
1695 1561 1754 1594 alu
1780 1563 1858 1595 illico
1872 1563 1998 1602 prorsus
2012 1573 2092 1596 avo-

1199 1610 1268 1643 lant
1280 1634 1292 1650 ‚
1316 1611 1371 1645 alit
1391 1612 1464 1644 verb
1484 1611 1691 1644 tantummodo
1707 1612 1829 1655 excuffi,
1855 1611 1891 1645 ὑ·
1909 1615 2008 1654 ρενὶνε
2033 1623 2093 1645 me-

1200 1669 1314 1700 tuunt,
1341 1661 1481 1696 &redire
1492 1659 1686 1704 erubescunt,
1707 1659 1825 1704 saucit,
1843 1659 2024 1706 J‘emmeces,
2046 1659 2094 1704 se-

1200 1714 1332 1745 mivivi.
1361 1711 1483 1754 ‚Quippe
1493 1716 1546 1754 qui
1556 1719 1676 1746 tantam
1689 1717 1800 1747 veneni
1817 1710 1973 1755 hauserint
1993 1720 2090 1754 quan*

1202 1766 1321 1795 ritatem
1333 1784 1345 1801 ,
1371 1772 1439 1802 quae
1449 1772 1501 1794 nec
1516 1762 1647 1803 occidat,
1678 1773 1730 1796 nec
1741 1763 1917 1806 digeratur:
1942 1766 2010 1795 Nec
2018 1766 2092 1794 mori

1202 1819 1287 1855 cogat
1303 1835 1315 1852 ,
1341 1822 1394 1848 nec
1413 1816 1520 1846 vivere
1536 1809 1615 1851 finat
1637 1837 1645 1845 .
1673 1811 1807 1847 Animae
1826 1812 1862 1846 ἀ
1884 1811 2093 1847 conscientiae

1202 1870 1387 1902 torturam,
1413 1872 1510 1905 quam
1531 1861 1637 1896 taliter
1662 1861 1798 1905 percusti
1813 1862 2003 1907 patiuntur,
2029 1860 2097 1896 ele-

1204 1921 1319 1956 ganter
1340 1911 1508 1957 depingit.
1536 1911 1704 1956 Loquitur
1721 1923 1762 1947 ex
1780 1913 1889 1948 Sancti
1912 1912 2094 1958 Augustini

1203 1961 1287 1996 libro
1309 1960 1352 1996 de
1374 1962 1521 2001 Unitate
1546 1962 1713 1997 Eccclefiae
1738 1973 1854 1998 contra
1876 1962 2091 2002 Donatistas,

1203 2012 1260 2056 qui
1283 2010 1324 2046 ad
1345 2011 1487 2056 primum
1502 2013 1757 2051 Donatistarum
1781 2022 1934 2047 exortum
1955 2011 2095 2046 affirmat

1203 2061 1360 2107 quosdam
1396 2062 1508 2100 fideles
1529 2061 1659 2109 penitus
1684 2061 1876 2105 apostatasse
1895 2086 1906 2104 ,
1934 2061 2094 2106 quosdam

1203 2113 1351 2147 mansisse
1382 2112 1661 2146 constantiffirnos
1679 2133 1689 2150 ,
1724 2111 1885 2153 quosdam
1911 2110 2005 2146 fuisse
2030 2122 2095 2145 me·

1203 2163 1297 2196 dios.
1326 2163 1370 2195 Et
1392 2162 1433 2195 de
1455 2159 1505 2193 his
1525 2158 1635 2193 scribit
1648 2173 1660 2192 .·
1686 2162 1836 2197 Nonnulli
1846 2167 1939 2194 etiam
1949 2161 2031 2196 bonae
2045 2174 2095 2195 vo·

1206 2213 1338 2243 luntatis
1356 2217 1414 2250 per
1429 2208 1580 2242 carnalem
1598 2210 1754 2253 caliginem
1765 2234 1777 2250 ,
1800 2216 1891 2248 etiam
1907 2212 1973 2255 post
1992 2212 2092 2254 confir-

1203 2267 1316 2292 matum
1344 2267 1446 2291 contra
1460 2258 1616 2300 Ecclefiam
1638 2261 1695 2293 Det
1718 2261 1915 2304 malignorum
1930 2262 2091 2307 furorem,

1202 2313 1237 2342 in
1254 2309 1310 2340 illa
1339 2307 1501 2350 diffenfione
1521 2310 1637 2342 diutius
1665 2320 1847 2345 erraverunt
1870 2336 1881 2352 ,
1905 2320 2059 2357 tamquam
2063 2311 2096 2354 fi

1202 2356 1302 2391 adbuc
1327 2357 1428 2391 mollia
1447 2359 1685 2392 conculcarentur
1707 2360 1867 2401 frumenta
1897 2386 1908 2402 ‚
1934 2364 1968 2398 ό·
1987 2364 2090 2397 radice

1201 2412 1281 2440 viva
1303 2405 1402 2442 berbae
1437 2412 1521 2455 vigor
1542 2417 1737 2444 attereretur.
1774 2414 1881 2444 Etiam
1903 2411 1970 2455 ipsa
1989 2420 2093 2447 tamen

1194 2456 1355 2501 frumenta
1370 2455 1428 2501 fica
1448 2468 1598 2493 noverant
1623 2463 1729 2501 Deus,
1755 2468 1896 2505 quamvis
1917 2471 1952 2497 ut
1974 2469 2094 2498 revivi-

1196 2505 1335 2552 scerent,
1361 2510 1515 2551 arguenda
1539 2510 1781 2552 &increpanda
1813 2517 1886 2546 Non
1896 2519 1976 2546 enlm
1987 2524 2020 2547 eo
2030 2524 2090 2546 mo-

2115 2184 2189 2223 Cap.
2206 2194 2250 2222 25·

1201 2558 1238 2590 do
1250 2557 1362 2591 diHum
1372 2557 1411 2598 est
1424 2561 1526 2600 Petro,
1556 2561 1633 2595 Redi
1639 2560 1705 2603 post
1722 2573 1769 2596 me
1780 2565 1899 2596 satana
1910 2587 1921 2602 ,
1949 2565 2090 2605 quomoda

1200 2607 1314 2642 dmum
1335 2607 1374 2651 est
1396 2609 1433 2642 de
1444 2612 1477 2657 J
1479 2610 1564 2650 uda,
1591 2614 1671 2644 Unus
1691 2623 1731 2645 ex
1755 2612 1840 2646 vobis
1866 2613 2010 2647 Diabolus
2030 2613 2088 2654 est.

1203 2656 1356 2693 Affirmat
1368 2660 1525 2700 quosdam
1546 2661 1649 2698 etiam
1660 2661 1780 2697 electos
1799 2663 1818 2698 a
1828 2664 1984 2698 tentantis
1998 2675 2091 2698 novae

1200 2707 1319 2743 haerefis
1340 2719 1442 2743 vento
1454 2709 1581 2754 abripi,
1607 2711 1682 2756 ejici
1695 2722 1785 2746 extra
1797 2714 1947 2749 Ecclesiae
1957 2724 2087 2752 aream,

1199 2758 1267 2792 illic
1283 2758 1341 2792 diu
1362 2758 1537 2800 fluctuare,
1564 2771 1602 2796 ac
1620 2761 1753 2797 tandem
1774 2763 1903 2799 reduci.
1934 2762 2011 2795 Hos
2021 2761 2086 2796 effe

1199 2819 1267 2843 non
1289 2808 1384 2851 plene
1406 2819 1573 2853 mortuos,
1601 2811 1655 2845 sed
1678 2810 1851 2847 dumtaxat
1871 2811 2017 2851 saucios,
2043 2813 2085 2846 se·

1198 2858 1341 2892 mineces
1351 2870 1388 2892 ac
1401 2860 1575 2894 semivivos
1587 2860 1727 2894 affirmat
1746 2861 1781 2894 in
1795 2861 1892 2895 fimili
1905 2861 2084 2904 Lapsorum

1198 2908 1303 2952 specie
1322 2908 1421 2942 etiam
1442 2909 1576 2943 Sanctus
1587 2909 1773 2953 Cyprianus
1787 2934 1795 2943 .
1823 2910 1969 2945 Proinde
1990 2923 2084 2947 exur-

1197 2969 1279 3003 gens
1289 2956 1409 2992 haerefis
1419 2970 1536 2993 omnes
1546 2970 1649 2994 tentat
1660 2960 1694 2996 ἀ
1705 2959 1823 2997 cribrat
1835 2985 1846 3002 ,
1863 2961 2001 2996 electum
2016 2961 2083 2996 Dei

1196 3009 1399 3043 frumentum
1410 3009 1529 3054 partim
1553 3010 1717 3054 probatae
1728 3012 1933 3052 manifestat,
1963 3012 2081 3055 partim

1195 3070 1322 3095 exercet
1339 3059 1373 3096 &
1395 3060 1512 3105 punit,
1539 3059 1708 3103 reprobam
1735 3060 1860 3109 paleam
1890 3060 1932 3097 ab
1951 3062 2015 3095 isto
2033 3061 2083 3096 di-

1198 3110 1333 3152 scernit,
1359 3109 1525 3146 &facitin
1535 3119 1721 3156 perpetuum
1734 3112 1883 3147 avolare.
1911 3111 2081 3147 Discernit

1196 3160 1280 3194 inter
1304 3171 1402 3205 grave
1428 3160 1504 3196 fidei
1522 3161 1721 3196 frumentum
1755 3174 1796 3198 ac
1822 3163 1925 3199 levem
1952 3162 2078 3206 paleam

1196 3209 1428 3254 Apostatarutn
1447 3235 1454 3243 .
1485 3210 1588 3258 Qod
1617 3210 1752 3247 Divinae
1778 3212 1998 3248 Providentiae
2022 3223 2078 3255 per

1195 3260 1322 3295 haereses
1332 3271 1416 3304 opus
1436 3260 1469 3294 δε
1480 3261 1611 3299 Sanctus
1620 3261 1828 3309 Augustinus
1845 3264 1878 3299 δι
1889 3262 1945 3298 alii
1957 3262 2076 3299 Patres

1195 3312 1378 3360 frequenter
1398 3310 1549 3348 laudant·

1923 3359 2030 3399 Aliud
