2346 3724
848 147 1180 195 Serio

364 168 435 217 44>

116 244 180 275 ub.
195 253 216 273 ι.
235 245 280 275 tit.
302 243 416 281 fiale.
438 239 494 276 Est
509 232 643 283 antiqui,
653 238 804 275 acceffio.
834 237 968 272 Etenim
980 248 1020 272 ex
1031 237 1097 281 ipsa
1111 238 1182 272 scri-

122 294 240 323 11·cap.
254 297 265 315 1

226 1689 228 1693 ’
285 1687 443 1734 placitum
468 1697 615 1731 tempore
635 1685 807 1721 fiebaeiista
831 1687 1051 1721 consecratio.
1081 1686 1183 1733 Nam·

159 2320 222 2352 Lib.
247 2330 273 2349 1.

134 2369 196 2400 §apa
210 2371 273 2397 192.

271 308 277 316 ›
298 294 360 338 plit
375 291 415 326 ad
429 285 686 326 Bathoniensem
711 290 744 323 in
758 289 883 333 Anglia
895 287 1092 332 Episcopum
1105 288 1181 322 Ale-

297 341 422 377 xander
441 341 578 382 tertius,
593 340 695 385 ‘qu-od
711 339 821 383 *quivis
842 338 1021 382 Episcopus
1041 338 1178 382 possitin

295 391 625 437 quavis-*Dominica
660 391 765 425 sacras
799 388 956 433 Virgines
978 390 1180 422 consecrare.

292 436 452 477 Etffistud'
473 441 681 485 Rescriptum
707 439 772 474 suis
793 437 1021 473 Decretalibus
1046 438 1179 474 inseruit

292 488 477 538 Gregorius
501 499 651 525 nonnsz²
672 492 676 500 ’
736 509 742 539 Ἲ-

302 546 322 557 ·’
339 541 447 576 Porro
468 541 557 583 quod
581 540 649 575 haec
671 549 855 582 temporum
880 538 1044 574 necessitas
1065 538 1100 572 lit
1125 549 1180 582 per

291 591 627 630 sanstum'Gelafium
639 588 769 623 indueta
784 614 794 630 ,
823 588 929 624 lucide
937 589 1002 633 jam
1015 589 1100 623 dixit
1114 587 1180 622 Ab·

289 642 347 678 bas
359 642 494 687 Regino
510 667 517 674 .
543 642 622 675 Hoc
635 641 739 683 ipsum
751 639 906 674 discimus
925 651 967 674 ex
978 640 1083 674 Sansti
1099 638 1178 672 Am-

288 692 387 728 brosii
412 694 508 726 tertio
535 691 575 725 de
588 690 784 735 Virginibus
806 689 912 729 libro,
940 688 1029 723 hunc
1050 690 1082 723 in
1108 701 1176 724 mo-

289 741 371 776 dum
398 741 595 786 alloquentis
633 741 775 774 sororem
811 740 900 773 suam
926 739 1175 773 Mareellinamt

285 794 417 835 Tempus
432 791 490 832 est,
517 794 599 825 Soror
617 789 727 834 sanda
739 815 749 830 ‚
775 801 811 823 ea
832 801 900 832 quae
920 800 1028 822 mecum
1046 789 1176 831 conferre

285 840 383 885 soles,
409 842 502 876 beatae
529 846 675 875 memoriae
697 840 809 873 Liberii
823 842 978 882 Praecepea
1001 840 1175 880 revolvere,

284 888 322 928 'ut
329 894 385 934 qud
397 898 448 926 vlr
456 891 588 936 sanc‘llor
601 915 612 932 ,
638 894 670 924 σό
681 889 775 934 fermo
786 891 905 922 accedat
910 895 1029 933 gratior·
1040 915 1048 922 .
1074 893 1176 925 Nam-

285 952 345 984 que.
352 947 379 974 is
392 967 403 983 ,
427 952 491 975 cum
512 948 545 975 in
566 944 735 976 salvatoris
747 941 862 974 Natali
883 941 929 972 ad
943 938 1103 982 Apostolum
1120 943 1174 973 Pe‘

284 1000 367 1027 rrum
378 995 573 1035 Virginitatis
595 990 793 1033 profhsfionem
806 989 893 1030 vestis
912 1000 1022 1033 quoque
1033 997 1171 1023 mutatio·

285 1052 325 1075 ne
343 1040 477 1084 signares
501 1064 511 1080 ,
540 1048 629 1083 atque
654 1040 842 1082 adstantibus
867 1046 960 1073 etlam
980 1040 1092 1082 puellis
1119 1041 1174 1073 Det·

285 1092 481 1133 compluribus
505 1115 517 1131 ,
541 1102 607 1133 quae
629 1100 777 1124 certarent
806 1096 933 1123 invicem
958 1090 1150 1134 desocletate
1162 1115 1172 1131 ‚

286 1142 393 1175 Bonas
419 1166 430 1184 ,
458 1145 556 1184 inquit
583 1166 593 1182 ,
615 1142 682 1183 filia
709 1146 832 1183 nuptias
859 1139 1024 1181 defideraflt
1050 1164 1058 1173 .
1084 1141 1172 1173 Vides

288 1200 421 1233 quantus
443 1194 488 1224 ad
508 1193 627 1224 natales
644 1190 746 1234 spvnfi
766 1197 809 1224 tui
828 1190 955 1232 populus
976 1195 1147 1224 convenerit
1161 1214 1171 1230 ,

288 1242 322 1276 Φ
334 1252 416 1275 nemo
425 1240 566 1284 impastus
579 1243 693 1275 recedat
707 1242 719 1275 ?
745 1242 854 1275 Sacras
868 1241 1022 1285 Virgines
1033 1240 1170 1274 affirmat

288 1291 359 1325 Dei
376 1292 498 1335 puellas
511 1316 521 1332 ,
550 1293 690 1325 sororem
710 1292 799 1325 suam
811 1291 1075 1346 consecratam}
1089 1289 1170 1324 festo

287 1340 479 1375 Dominicae
493 1341 688 1375 Nativitatis
702 1365 709 1373 .
737 1341 779 1375 Et
791 1341 959 1375 Liberium
972 1340 1169 1374 Pontificem

285 1401 357 1424 non
385 1391 479 1423 fuisse
506 1391 690 1429 Arianum,
719 1389 771 1424 sed
785 1389 1075 1433 virum-'ibligniter
1087 1390 1170 1423 Sau-

286 1440 376 1473 &um
393 1463 399 1470 .
426 1439 469 1472 Et
482 1438 600 1481 lapsam
615 1439 704 1472 illam
717 1437 894 1483 Virginem
903 1459 915 1480 -,
926 1439 1020 1482 cujus
1030 1438 1171 1481 superius

285 1490 331 1523 est
345 1489 426 1522 fasta
438 1491 566 1522 mentio
578 1511 590 1528 ,
601 1503 604 1506 >
616 1489 709 1522 fuisse
721 1489 754 1520 in
769 1488 838 1530 ipso
850 1488 1038 1522 Dominicae
1054 1489 1169 1522 Resur-

285 1539 442 1573 reElionis
463 1537 546 1572 festo
562 1538 796 1571 'consecratam
824 1537 910 1570 dixit
938 1537 994 1570 ille
1018 1539 1171 1579 antiquus

285 1585 491 1633 quicumque
506 1586 667 1630 Scriptor.
697 1586 754 1620 Est
772 1587 887 1629 nempe
909 1586 1074 1628 antiquior
1089 1588 1171 1621 San-

285 1640 340 1672 ἃο
361 1635 512 1672 Gelasio.
541 1637 585 1671 Et
607 1645 687 1670 tunc
706 1636 825 1681 quovis
843 1635 886 1670 ‘ad
899 1636 1052 1680 Episcopi
1079 1636 1170 1670 bene-

284 1739 319 1773 &
330 1738 424 1772 Tacrae
436 1737 642 1772 Clericorum
664 1734 891 1771 ordinationes
912 1737 994 1770 olim
1011 1736 1097 1780 apud
1112 1748 1171 1770 nos

284 1788 424 1823 Latinos
448 1786 569 1822 fiebant
591 1788 625 1820 iu
650 1786 764 1830 quavis
794 1787 975 1821 Dominica
989 1810 1009 1819 ‚i
1025 1788 1069 1821 Et
1090 1785 1170 1820 hinc

285 1840 470 1874 etiamnum
493 1837 592 1872 hodie
614 1837 743 1878 Graeci,
769 1837 817 1870 uti
841 1836 955 1870 harum
982 1835 1171 1871 ordinatio·

287 1900 369 1924 num
383 1913 395 1933 ‚
421 1889 466 1929 ita
481 1887 570 1923 istius
581 1887 836 1929 consecrationis
849 1887 938 1926 nulla
958 1884 1170 1928 habt-netem-

284 1950 364 1991 pora
383 1967 390 1974 .

337 1992 541 2034 Rationem,
569 2003 640 2035 quae
662 1993 750 2027 suam
778 1992 920 2026 sororem
942 1989 1169 2026 Mareellinam

285 2041 321 2075 in
333 2041 520 2076 Dominico
540 2041 656 2077 Natali
681 2043 938 2077 consecrandam
961 2043 1054 2077 suafit
1068 2067 1079 2084 ,
1106 2042 1173 2076 edi·

286 2092 332 2125 cit
355 2092 489 2125 sanstus
509 2090 725 2124 Ambrofius-:
755 2094 826 2134 ,Quo
844 2094 949 2126 melitii·
972 2094 1020 2126 die
1043 2118 1054 2134 ‚
1079 2093 1171 2135 quam

287 2153 344 2183 quo
365 2145 453 2184 Virgo
471 2141 672 2182 posteritatem
692 2140 872 2184 acquifivlt?
898 2142 955 2176 Est
973 2143 1100 2186 optima
1125 2153 1170 2175 ra-

289 2192 339 2225 tio
351 2215 358 2222 .
386 2191 454 2224 Cur
468 2192 502 2223 in
514 2190 747 2236 Apostolorum
761 2191 931 2225 Natalitiis
941 2191 1002 2224 ista
1023 2192 1091 2225 fieri
1104 2193 1172 2224 san-

290 2242 373 2275 sserit
396 2241 529 2274 Sanftns
554 2240 722 2280 Gelafius,
749 2239 851 2284 aperit
873 2241 907 2274 in
931 2240 1048 2274 animae
1068 2240 1174 2274 Gem-

291 2303 345 2325 ma
357 2292 531 2324 Honorius
552 2289 880 2335 Augustodunenfis:
907 2293 1043 2330 Vlrgines
1064 2292 1174 2321 idebr'n

292 2341 483 2384 Apostolorum
505 2341 676 2373 Natalreiis‘
691 2339 854 2376 velantur,
882 2341 952 2378 quia
971 2344 1026 2376 per
1043 2335 1175 2378 Apostoli-

296 2403 340 2425 cos
364 2398 446 2425 viros
467 2417 478 2432 ,
504 2388 589 2433 quast
604 2391 661 2431 per
677 2385 898 2429 paranymphos
922 2384 1037 2428 sponsae
1059 2384 1177 2425 Christo

292 2441 519 2485 consecrantur.
546 2442 593 2472 Et
617 2443 689 2480 quia
714 2448 822 2470 morem
834 2440 1027 2480 Virginitatls
1044 2435 1177 2477 primum

289 2491 416 2533 'Apostoli
442 2489 574 2530 Ecclefiae
594 2484 783 2531 servandum
807 2487 1022 2525 tradiderunt,
1048 2496 1134 2527 quem
1157 2486 1177 2517 ἃ

288 2548 437 2585 'perpetua
459 2543 583 2582 Virgine
609 2541 710 2570 Marta
733 2544 904 2579 acceperunt
928 2561 936 2568 .
964 2535 1076 2569 ‘Etiam
1102 2535 1178 2569 aliis

293 2590 412 2625 diebus
434 2590 489 2623 sua
504 2600 572 2623 non
599 2587 685 2621 deest
699 2586 800 2621 ratio.
827 2585 1076 2620 Porro-sanstus
1091 2585 1178 2619 Am·

291 2638 417 2676 'brofius
429 2641 570 2673 sororem
584 2638 671 2671 suam
684 2636 915 2671 Mareellinam
930 2636 1074 2670 affirmat
1084 2634 1178 2669 fimul

293 2690 469 2734 professam
482 2714 493 2731 ‚
519 2689 735 2723 consecratam
747 2712 758 2729 ‚
782 2687 816 2721 ὅ(
829 2686 965 2720 vestium
993 2686 1178 2719 mutatione

295 2741 453 2785 signatam
467 2764 474 2771 .
500 2739 571 2786 Qi
583 2749 656 2772 mos
666 2749 708 2772 an
723 2748 803 2772 tunc
815 2737 955 2782 viguerit
977 2735 1012 2768 in
1027 2736 1178 2770 Romana

296 2790 460 2829 Ecclesia,
485 2800 553 2823 non
567 2787 683 2832 poffim
694 2788 866 2821 affirmare.
897 2788 931 2821 Si
947 2785 1109 2830 viguerit,
1134 2785 1179 2819 vi-

298 2842 373 2885 guit
393 2841 491 2883 usque
513 2838 553 2873 ad
565 2838 657 2882 supra
681 2838 847 2872 laudatum
860 2837 1037 2871 Decretum
1059 2835 1179 2880 Magni

299 2890 395 2932 Papa:
418 2889 557 2923 Leonis.
584 2887 686 2922 Poffit
707 2898 816 2922 tamen
840 2887 898 2920 ista
922 2886 1066 2920 simultas
1084 2885 1180 2919 fuisse

299 2948 410 2984 praeter
431 2948 552 2971 morem
572 2937 704 2977 ,indulta
721 2934 929 2972 ‘Marcellinae
948 2935 1124 2970 virtutibus
1144 2946 1180 2969 ac

299 2987 519 3024 illustrissimis
537 2986 695 3021 natalibus
717 3012 725 3020 .
752 2987 907 3021 Habebat
931 2987 1020 3020 enim
1043 2986 1181 3019 virtutes

302 3032 397 3075 omni
410 3036 605 3081 probatione
616 3036 748 3080 majores
759 3063 766 3070 .
794 3037 838 3071 Et
849 3046 916 3071 erat
938 3036 1007 3069 filia
1018 3034 1180 3068 Ambrofii

300 3088 486 3124 Galliarum
500 3086 656 3120 Praetorio
674 3086 838 3126 Praefesti,
864 3097 961 3131 quam
985 3084 1179 3129 dignitatern

297 3139 398 3174 ‘fuiffe
410 3137 606 3180 Imperium,
632 3136 685 3169 cui
700 3137 764 3171 sola
787 3136 895 3171 deerat
918 3146 1077 3179 purpura,
1103 3135 1181 3168 reste

305 3188 428 3232 scripsit
446 3186 634 3229 Eunapius.
663 3186 785 3221 Eorum
807 3185 900 3227 sane,
926 3186 1007 3219 dum
1030 3185 1181 3218 Romana

306 3237 504 3280 Respublica
516 3235 647 3276 floruit,
673 3235 829 3279 dignitati
846 3235 943 3270 nostri
959 3232 1059 3268 hodie
1073 3234 1182 3279 Reges

307 3297 378 3321 non
399 3287 471 3320 sunt
484 3286 565 3320 vela
578 3284 895 3330 longecomparandi
908 3310 915 3317 .
943 3283 1048 3318 Porro
1069 3283 1103 3317 in
1117 3285 1183 3329 ipsa

307 3335 407 3386 patris
417 3334 624 3376 pascuum,
649 3335 739 3381 cujus
750 3336 836 3371 sedes
857 3345 923 3372 erat
934 3332 1104 3378 Treviris,
1129 3346 1183 3369 na-

1252 157 1568 195 LIOR

1243 246 1297 273 tus
1317 235 1363 271 est
1388 238 1521 271 Sanctus
1543 235 1751 273 Ambtofius.
1776 238 1872 274 Hinc
1891 238 2025 284 quidam
2044 239 2130 275 reete

1243 286 1430 321 existimant
1442 288 1545 330 ipsum
1561 287 1654 322 fuisse
1664 288 1702 323 T
1703 290 1895 325 revirensem
1913 301 1956 324 ··ac
1968 290 2104 335 Belgam
2115 316 2124 323 .

1245 336 1356 372 Etiam
1370 339 1590 371 consecratam
1611 337 1786 383 Virginem
1797 340 2040 375 Demetriadem
2052 340 2126 374 suis-

1242 388 1275 421 se
1300 399 1340 421 ex
1365 388 1618 422 eminentiffima
1645 388 1842 424 Aniciorum
1865 390 1992 426 familia
2017 389 2126 426 scribit

1241 437 1375 472 Sanetus
1401 437 1625 483 Augustinus.
1654 438 1698 472 Et
1710 439 1853 485 Regiam
1874 439 2053 486 Virginem
2064 439 2125 475 Al·
2145 433 2199 471 Ep·
2218 445 2280 471 Ι79·

1241 487 1388 522 bofledin
1413 488 1578 522 fuiffease
1597 489 1816 524 consecratam
1828 486 1960 524 testatur
1981 490 2016 524 in
2030 491 2125 525 litte-

1240 538 1282 571 ris
1306 537 1348 572 ad
1371 537 1441 581 ejus
1467 539 1601 573 fratrem
1612 538 1826 587 Clodovaeum
1848 540 1978 584 Regem
1990 541 2123 575 Sanctus
2146 553 2230 594 Epist,
2244 563 2267 583 Ι,

1241 587 1416 632 Remigius
1440 613 1448 621 .
1476 587 1623 623 Plurima
1649 589 1722 623 sunt
1748 589 1929 624 istiusmodi
1955 590 2125 635 exempla.

1240 638 1408 672 Evincunt
1448 637 1534 673 hanc
1562 639 1841 675 consecrationem
1876 640 1970 675 fuisse
2004 640 2125 676 statum

1238 687 1416 722 eminentis
1431 688 1619 734 dignitatis.
1790 688 1792 693 ’

1288 738 1331 772 Et
1351 737 1431 772 hinc
1454 740 1547 772 sacrae
1569 739 1747 783 Virgines,
1773 739 1850 774 licet
1871 751 1976 784 neque
2001 741 2126 775 sacrum

1237 787 1403 822 Tribunal
1418 812 1429 828 ,
1453 799 1560 832 neque
1581 788 1788 824 clericorum
1813 790 1995 825 Sacrarium
2017 791 2128 824 ascen-

1235 837 1309 872 dere
1320 862 1331 878 ,
1345 850 1404 873 nec
1416 838 1595 883 gloriosam
1604 839 1674 872 illic
1687 840 1794 874 sedem
1806 837 1924 875 habere
1936 839 2103 884 potuerint
2117 862 2130 880 ,

1237 890 1271 923 in
1293 888 1427 931 publico
1451 898 1562 923 tamen
1583 889 1731 923 Eccleliae
1752 899 1917 924 conventu
1942 888 2132 924 habuerunt.

1238 938 1429 982 singularem
1440 939 1473 972 ὅ(
1485 937 1682 974 honoratum
1693 939 1803 974 locum
1817 965 1824 972 .
1851 940 1946 973 Hinc
1957 939 2048 973 enirn
2067 938 2131 972 Ec⁴

1236 988 1414 1023 clefiassicae
1427 988 1630 1032 Appariturae
1641 990 1791 1024 ordinem
1804 990 1966 1032 assignans
1985 988 2128 1032 Aposto-

1237 1039 1370 1074 licarum
1393 1039 1680 1074 Constitutionum
1707 1038 1840 1073 Author
1865 1038 1974 1074 scribit
1996 1051 2003 1071 :
2029 1042 2125 1082 Virgi-

1236 1100 1309 1131 nes,
1336 1090 1370 1123 (15
1382 1090 1502 1130 viduae,
1529 1090 1731 1130 &amesstent
1746 1095 1855 1132 primae
1867 1114 1878 1130 ,
1904 1098 1958 1122 aut
1975 1086 2102 1132 sedeant
2115 1112 2123 1120 .

1237 1138 1278 1173 Et
1300 1140 1453 1182 antiquus
1475 1139 1559 1182 apud
1583 1141 1736 1174 Sanetum
1758 1139 1967 1173 Ambrosium
1989 1136 2124 1172 Author

1236 1188 1345 1223 scribit
1366 1190 1406 1223 ad
1423 1189 1544 1232 lapsam
1555 1189 1753 1234 Virginem:
1779 1194 1890 1223 Nonne
1902 1190 1954 1222 vel
1973 1189 2055 1222 illum
2076 1189 2124 1221 lo—
2142 1211 2185 1241 Ca
2237 1213 2266 1239 6.

1233 1251 1296 1272 cum
1318 1239 1428 1272 tabulls
1445 1238 1622 1282 separatum
1634 1264 1645 1281 ,
1671 1244 1702 1281 ia
1716 1244 1780 1283 'quo
1802 1245 1834 1271 ln
1859 1238 1988 1279 Ecclesia
1999 1237 2122 1279 stabas,
2209 1231 2215 1239 ⁸

1234 1290 1384 1323 recordari
1394 1287 1532 1330 debuisti,
1559 1291 1605 1323 ad
1614 1301 1700 1332 quem
1710 1289 1851 1332 religiosae
1864 1297 2009 1322 matronae
2031 1290 2064 1322 Θ
2075 1300 2124 1320 no·

1233 1339 1308 1371 biles
1317 1343 1456 1371 certatim
1468 1338 1655 1377 currebanrs
1674 1348 1739 1372 tua,
1752 1338 1845 1380 oscula
1859 1347 1993 1379 petentes
2004 1363 2016 1378 ,
2041 1336 2128 1378 quast

1227 1382 1389 1429 sandiorzs'
1411 1387 1444 1419 Cb·
1466 1385 1808 1430 dxgnrorae'savroinde
1831 1387 1864 1420 δι
1878 1387 2037 1430 sacrarum
2051 1386 2133 1425 Vir-¹

1235 1436 1353 1481 ginum
1374 1437 1466 1469 locus
1488 1445 1556 1469 erat
1569 1435 1703 1479 dignior
1727 1436 1989 1470 locoillustrium
2001 1436 2123 1469 Matro-

2144 1016 2207 1046 Lib.
2236 1021 2263 1046 ιζ

2144 1065 2206 1094 cap.
2217 1066 2262 1092 57.

1238 1497 1349 1519 narum
1362 1510 1369 1517 .
1397 1486 1441 1519 Et
1454 1484 1578 1527 hincin
1593 1484 1664 1519 loca
1672 1485 1731 1519 ista
1743 1485 1914 1519 dividente
1928 1485 2049 1528 pariete
2059 1495 2126 1519 me-

1234 1545 1378 1570 moratus
1396 1533 1531 1568 Author
1552 1534 1643 1570 addit
1655 1535 1747 1569 fuisse
1765 1535 1916 1579 inscripta
1927 1535 1995 1570 haec
2014 1535 2126 1570 Sanffl

1235 1584 1327 1619 Pauli
1342 1584 1494 1629 Apostoli
1508 1585 1623 1619 verba:
1651 1583 1759 1628 Divisa
1771 1584 1937 1626 estmulier.
1965 1589 2013 1618 Et
2033 1589 2126 1628 Virgo

1232 1647 1300 1677 quae
1322 1647 1380 1671 non
1401 1634 1438 1675 est
1452 1643 1569 1676 nupta,
1593 1642 1703 1678 cogitat
1713 1647 1781 1677 quae
1793 1640 1912 1669 Domini
1935 1634 2007 1678 sunt
2019 1659 2031 1675 ,
2056 1647 2126 1678 quo·

1234 1686 1318 1718 modo
1338 1684 1377 1727 fit
1392 1683 1501 1728 sanbla
1523 1693 1639 1727 corpore
1649 1684 1817 1729 &spiritus
1845 1686 1927 1719 Haec
1949 1684 2123 1728 inscriptio

1237 1746 1303 1768 non
1316 1736 1399 1770 solas
1410 1736 1509 1769 sacras
1534 1735 1708 1781 Virgines,
1736 1736 1790 1771 sed
1804 1736 1992 1780 &ipsarum
2013 1735 2125 1769 locum

1236 1784 1452 1829 praedicabat,
1479 1786 1511 1819 δε
1535 1786 1713 1821 mandabat
1735 1786 1955 1822 venerandum
1981 1809 1989 1818 .
2014 1784 2126 1819 Fuisse

1235 1837 1325 1870 sacro
1337 1835 1512 1870 Tribunali
1526 1837 1755 1870 viciniffimum
1777 1835 1979 1871 demonstrat
1999 1839 2126 1879 patrata.

1204 1926 1214 1934 ι
1235 1885 1278 1922 ab
1300 1886 1423 1922 Ariana
1449 1886 1534 1931 apud
1556 1888 1776 1930 Syrmiensem
1808 1884 2056 1920 sanctimoniali
2087 1885 2125 1918 in

1235 1940 1389 1974 Sanstum
1414 1937 1621 1972 Ambrofium
1645 1935 1800 1972 audacia.
1827 1937 1910 1970 Haec
1935 1935 2127 1969 enimesuo

1236 1990 1311 2023 loco
1338 1988 1486 2033 proxime
1509 1988 1675 2023 adscendit
1686 1988 1721 2022 in
1733 1989 1857 2021 sacrum
1878 1984 2067 2025 Tribunal,
2091 1984 2126 2018 ὃς

1235 2051 1277 2074 ex
1294 2039 1367 2083 ipso
1390 2040 1530 2073 tentavit
1551 2036 1715 2083 optimum
1738 2038 1935 2081 Episcopum
1949 2033 2125 2069 traherein

1237 2100 1358 2134 partem
1379 2090 1575 2131 mulierum3
1602 2089 1799 2123 Arianarum
1821 2087 1994 2121 mulierum
2016 2094 2127 2128 ,quai

1237 2140 1342 2183 ipsum
1365 2139 1579 2173 trucidarent.
1608 2139 1727 2182 Ample
1740 2137 1850 2172 haecin
1869 2137 1937 2180 ejus
1951 2136 2018 2169 vita
2028 2135 2127 2169 refert

1236 2190 1370 2224 Saucius
1392 2188 1573 2232 rPresbyter
1607 2187 1766 2222 Paulinus
1786 2213 1794 2220 .
1834 2188 1957 2221 Eadem
1988 2183 2127 2218 audacia

1238 2238 1374 2275 evincit,
1398 2239 1557 2271 sacrarum
1583 2237 1764 2282 Virginum
1787 2237 2019 2272 authoritatem
2044 2234 2129 2268 fuis-

1239 2288 1272 2320 se
1298 2299 1367 2322 non
1405 2287 1588 2321 modicam.
1617 2287 1784 2331 Quocirca
1819 2288 1925 2320 noster
1951 2285 2129 2328 Septimius

1238 2345 1279 2368 ex
1300 2335 1398 2367 firmo
1420 2334 1635 2367 fundamento
1645 2335 1725 2368 dicit
1740 2339 1832 2369 sacrae
1846 2334 1996 2378 Virginis
2016 2331 2130 2368 adhz·

1239 2383 1332 2418 refim
1350 2392 1406 2416 aut
1428 2381 1564 2416 schisma
1587 2382 1710 2425 lapsum
1733 2384 1854 2426 semper
1874 2383 1966 2418 fuiss‘e
1983 2382 2127 2427 graviffi·

1240 2443 1332 2468 tnum
1342 2432 1379 2467 in
1393 2431 1532 2468 Ecclelia
1544 2431 1727 2468 scandalum
1742 2457 1750 2468 .

1555 2589 1586 2630 S
1586 2588 1600 2630 i
1638 2582 1801 2633 Dollor.

1292 2733 1464 2768 Generalia
1475 2733 1624 2778 gentium
1638 2732 1742 2768 studia
1754 2759 1765 2775 ,
1783 2732 1818 2768 ὅ(
1830 2733 1990 2770 solemnes
2000 2732 2035 2767 in
2051 2732 2126 2777 ipfis

1242 2783 1283 2818 ad
1303 2785 1521 2819 Doctoratum
1544 2786 1791 2827 promotiones,
1816 2786 1878 2819 effe
1901 2785 1936 2818 in
1959 2784 2053 2819 omni
2067 2781 2129 2817 hu-

1244 2845 1343 2869 mano
1354 2845 1471 2879 genere
1483 2833 1701 2877 antiquissima
1716 2856 1745 2874 ,ν
1753 2833 1850 2868 docet
1861 2834 2039 2869 Themana
2055 2831 2130 2868 Idu·

1244 2896 1398 2918 maeorum
1419 2883 1529 2918 schola
1541 2909 1552 2925 ,
1580 2884 1621 2918 de
1632 2895 1694 2927 qua
1706 2885 1839 2918 sanstus
1862 2883 2027 2928 Propheta
2045 2885 2129 2927 Jere-

1243 2936 1325 2968 mias
1339 2948 1351 2968 :
1379 2935 1530 2976 Nunquld
1550 2945 1606 2967 non
1617 2935 1697 2966 ultra
1707 2934 1746 2974 est
1764 2933 1959 2977 sapientiam
1969 2932 2127 2966 Theman?
2146 2926 2218 2965 C²P3
2237 2935 2284 2962 ⁴9·

1243 2986 1364 3018 Inutilis
1382 2983 1469 3025 falla
1480 2984 1518 3025 est
1535 2982 1686 3027 sapientia
1696 2995 1806 3018 eorum.
1833 2985 2028 3018 Vicinarum
2050 2993 2130 3026 gen·

1242 3035 1326 3068 tium
1350 3034 1489 3068 minima
1513 3043 1580 3068 erat
1591 3035 1731 3068 Idumaea
1744 3059 1756 3075 ,
1781 3031 1961 3069 &habebat
1981 3031 2127 3067 scholam

1243 3084 1482 3119 famofiffimam
1496 3108 1503 3115 .
1530 3084 1626 3119 Hinc
1645 3085 1737 3119 enim
1749 3082 1885 3126 Eliphaz
1905 3080 2129 3117 Themanioes

1244 3134 1277 3167 in
1298 3135 1450 3169 Sanctum
1473 3133 1670 3178 Prophetam
1694 3134 1755 3178 Job
1776 3133 1942 3175 disputare
1971 3133 2068 3165 ausus
2086 3130 2129 3165 de

1244 3183 1498 3228 profundiffimis
1520 3185 1683 3228 mysteriis
1695 3209 1706 3225 ,
1731 3182 1871 3216 creditur
1891 3181 1960 3215 illic
1978 3192 2048 3215 non
2060 3190 2129 3214 tan-

1242 3234 1313 3267 tum
1335 3235 1430 3270 fuisse
1457 3235 1550 3275 Rex,
1577 3236 1631 3270 sed
1652 3237 1686 3269 δι’.
1704 3233 1849 3266 Dostor.
1879 3231 2010 3266 Morem
2032 3229 2128 3264 istum

1244 3284 1337 3318 fuiffe
1360 3285 1460 3319 etiam
1471 3285 1557 3328 apud
1573 3284 1731 3319 Barbaros
1749 3281 1910 3325 gentiles,
1935 3280 2030 3324 poffit
2051 3279 2129 3314 luci-

1243 3333 1284 3368 de
1305 3332 1516 3370 demonstrari
1540 3359 1547 3367 .
1576 3333 1676 3379 Apud
1702 3332 1827 3377 Iudaeos
1847 3330 1942 3367 fuisse
1961 3329 2130 3373 receptiffi·

1962 3391 2056 3419 mum
2067 3403 2078 3422 ,
