2346 3724
37 590 110 628 Cap·
127 600 174 627 24.

56 974 118 1006 Lib.
147 985 174 1005 ι.

52 1023 173 1054 cap-u.

43 2499 120 2537 Cap·
132 2507 178 2536 23.

45 2540 120 2578 Cap.
132 2548 174 2574 ις.

63 2695 139 2730 Cap.
151 2703 176 2722 1.

62 2735 138 2773 Cap·
148 2744 177 2769 4.

661 111 1077 159 Carra·

193 200 371 245 Synodus‚
395 196 430 234 δέ
438 193 664 242 prosequitur:
691 196 793 230 sedem
819 195 1003 231 &thronum
1015 195 1069 237 fibi

190 250 348 294 sublimem
353 251 483 292 paravit
495 269 507 286 ,
531 256 651 289 eumque
662 254 720 280 non
731 257 765 280 ut
779 245 890 287 Christi
898 244 1072 289 diftipqum

195 302 300 343 decet,
322 298 421 343 seduc
440 297 549 330 mundi
564 298 719 339 Principes
728 296 847 340 solent,
867 295 1013 339 secretum
1037 308 1073 331 ac

193 349 370 394 separatum
394 347 518 389 instituit
530 371 541 387 ,
567 352 681 380 nomine
696 344 751 390 suo
773 348 964 388 appellavit,
990 351 1024 380 in
1043 359 1074 380 eo

191 399 301 444 sedens
314 398 420 440 femur
444 409 534 431 manu
553 398 685 439 percuffit
701 420 713 436 ,
741 395 894 440 ipsumque
914 396 1075 439 aliquando

195 449 322 483 calcibus
329 446 484 491 pulsavit.
514 447 634 482 Varios
646 446 849 482 Ducenarios
863 445 980 482 habuit
1008 447 1075 481 Ro·

195 509 294 534 mana
307 498 501 543 Respublica
513 521 524 538 ,
549 498 584 532 δε
596 497 638 532 de
653 497 804 541 quapiam
815 497 957 540 ipsorum
975 498 1077 541 specie

195 548 307 583 scribit
329 550 364 583 in
387 549 593 593 Imperatoris
619 545 753 582 Claudii
789 547 854 581 vita
881 547 1075 582 Svetonius:

195 600 354 633 Ducenarii
366 601 592 638 Procuratores,
617 597 723 640 quibus
743 601 837 630 etiam
857 597 1007 631 Claudius
1036 608 1076 629 or-

194 658 303 683 natum
312 647 500 692 Consularem
511 646 646 688 indulsit.
676 647 719 682 Et
732 644 817 681 hanc
842 647 979 691 speciem
994 647 1076 681 Pau-

193 698 246 734 lus
259 700 385 734 videtur
408 698 615 742 assumpsisse.
641 695 747 745 Qod
772 697 804 731 &
824 697 1073 732 Donatistarum

194 749 352 794 Episcopi
372 759 441 784 non
460 749 567 785 solum
587 748 606 781 a
627 748 686 781 suo
699 771 710 787 ,
737 745 791 781 sed
811 748 910 781 etiam
933 747 952 781 ὸ,
967 747 1077 781 nostro

194 800 320 843 populo
333 799 527 834 haberentur
550 799 586 832 in
609 796 785 832 reverentia
799 822 810 838 ‚
836 797 928 842 supra
947 798 1077 831 audivi-⁶

194 849 422 884 musasancto
434 847 640 894 Augustino.
669 846 773 894 Qod
793 846 842 880 illi
864 849 942 883 item
954 848 1076 882 summa

194 910 272 934 cum
286 910 406 944 pompa
427 899 469 933 ad
486 896 656 933 nobiscum
677 895 910 939 disputandum
935 898 1077 931 intrave-

193 950 262 984 rint
274 948 511 994 Carthaginem
522 971 533 987 ,
558 946 659 982 habes
669 946 703 981 in
716 945 894 981 Breviculo
911 946 1077 981 Collatio—

193 998 247 1033 nis
270 1025 277 1032 .
304 999 425 1042 Neque
446 997 571 1034 mireris
587 1022 595 1030 .
632 996 766 1030 Etenim
788 997 927 1029 Donato
953 1006 1076 1040 magno

193 1047 283 1082 nihil
295 1050 358 1083 suit
372 1049 431 1084 sub
440 1049 528 1083 coelo
551 1045 718 1090 superbius
733 1070 740 1076 .
765 1043 869 1091 Qod
882 1055 998 1079 omnes
1010 1056 1077 1080 non

194 1096 408 1132 solummodo
419 1097 601 1140 Episcopos
612 1118 624 1135 ,
651 1093 706 1128 sed
717 1093 750 1128 ὅτ.
762 1094 998 1129 sublimissimas
1011 1095 1076 1129 Ro·

193 1147 285 1182 mani
295 1146 428 1191 Imperii
442 1145 619 1180 potestates
642 1145 805 1187 sperneret
818 1156 832 1187 ;
858 1144 947 1189 quod
973 1144 1077 1189 appel-

192 1197 256 1231 lari
272 1196 371 1231 vellet
382 1207 450 1231 non
463 1196 617 1229 Donatus
629 1193 826 1238 Episcopus,
853 1194 906 1229 sed
925 1197 1078 1230 Donatus

193 1245 428 1292 Carthaginis;
454 1245 544 1291 quod
555 1255 611 1289 per
635 1254 757 1278 nomen
778 1245 871 1280 suum
893 1245 990 1288 jurari
1013 1255 1077 1289 per-

194 1297 361 1336 mitteret,
389 1296 519 1340 aliaque
540 1295 574 1329 id
584 1294 688 1339 genus
711 1293 850 1329 affirmat
862 1295 903 1329 de
915 1295 983 1338 ipso
997 1319 1008 1336 ,
1034 1305 1077 1329 at-

193 1358 260 1391 que
282 1345 481 1381 demonstrat
502 1346 635 1381 Sanetus
663 1346 806 1387 Optatus
842 1344 1078 1380 Milevitanus.

194 1396 298 1445 Qdd
308 1398 409 1431 etiarn
420 1393 717 1431 Novatianenfium
729 1393 883 1439 Episcopi
902 1395 936 1428 in
950 1396 1084 1441 religio·

194 1447 228 1481 sa
241 1447 344 1489 specie
355 1446 561 1490 procederent
576 1469 587 1486 ,
613 1444 754 1486 ideoque
766 1445 851 1488 apud
868 1445 1023 1489 populum
1035 1445 1080 1480 es-

193 1496 314 1531 sentin
330 1497 454 1531 summa
465 1494 644 1530 reverentia
658 1519 669 1535 ,
696 1492 829 1529 testatur
847 1494 980 1530 Sanctus
1001 1495 1081 1530 Gre·

192 1545 308 1590 gorius
328 1545 579 1581 Nazianzenus.
608 1542 711 1578 Porro
734 1542 926 1578 Lutheranae
950 1546 983 1580 ὅ(
1007 1545 1082 1580 Cal-

193 1595 334 1631 vinianae
353 1596 506 1631 factionis
528 1595 672 1630 Praefesti
701 1595 776 1627 sunt
795 1593 905 1638 paffim
929 1594 1081 1630 homines

191 1644 324 1689 plebei,
350 1646 432 1680 viles
446 1670 458 1687 ,
483 1644 583 1679 etiam
605 1644 688 1689 apud
701 1645 774 1678 suos
797 1644 921 1678 nullius
934 1656 1082 1680 reveren-

191 1696 250 1729 tiae
261 1707 273 1729 .-
300 1694 423 1730 Nullus
435 1696 520 1729 inter
534 1696 620 1739 ipsos
632 1693 753 1728 nobilis
769 1718 781 1734 ,
806 1694 910 1728 immo
923 1697 976 1730 vix
997 1697 1081 1730 ullus

192 1743 375 1789 ingenuus.
405 1744 620 1780 Velinfimus
634 1743 831 1779 nobilisisto
856 1745 965 1788 quinti
978 1746 1079 1779 Evan-

193 1793 275 1839 gelii
297 1794 477 1828 ministerio
489 1795 653 1828 existimat
668 1794 874 1828 nobilitatem
902 1795 990 1829 suam
1014 1796 1078 1838 pol-

190 1842 243 1877 lui
268 1843 420 1887 &perdi.
447 1843 834 1885 Hincilliseagnoscant
847 1854 916 1876 non
943 1845 1081 1886 politio-

191 1892 239 1928 ris
252 1893 390 1937 alicujus
400 1890 520 1927 haerefis
531 1893 593 1927 esse
606 1891 694 1926 filios
705 1915 716 1931 ,
744 1891 798 1926 sed
822 1891 1057 1929 Gnosticorum
1074 1919 1081 1926 .

262 2017 485 2083 Schismata
510 2016 613 2085 apud
639 2015 818 2064 haereticos
832 2015 920 2082 fere
944 2038 1011 2067 non

497 2091 595 2153 Junt
623 2123 636 2149 ‚
673 2092 765 2135 &c-

243 2240 371 2274 nostor
393 2236 536 2282 loquitur
571 2236 739 2281 praesertim
779 2236 819 2272 de
846 2236 1082 2277 Marcionitis,

194 2289 440 2326 Valentinianis
461 2314 470 2329 ,
496 2288 530 2321 δε
551 2288 623 2321 aliis
646 2288 815 2322 Gnosticis
840 2314 847 2321 .
876 2287 957 2320 Non
984 2298 1079 2332 negat

194 2339 281 2383 apud
293 2339 369 2372 illos
381 2341 442 2373 elie
454 2337 625 2372 schismata
639 2362 648 2377 ,
677 2338 731 2372 sed
749 2339 886 2372 affirmat
900 2349 966 2370 non
987 2349 1081 2381 appa·

194 2401 286 2424 rere.
315 2389 437 2423 Omnis
458 2387 515 2422 ista
539 2389 599 2422 faex
627 2388 693 2421 fuit
713 2388 810 2430 plena
833 2386 1078 2425 schismatibus,

195 2439 331 2474 lacerata
345 2440 379 2472 in
393 2441 562 2473 innumera
573 2438 687 2472 frusta.
717 2438 811 2471 Hinc
823 2439 949 2472 Dostor
971 2437 1080 2471 scribit

194 2490 229 2524 in
245 2488 328 2523 libro
339 2489 379 2523 de
393 2488 537 2523 Anima:
567 2491 709 2522 Examen
719 2489 890 2521 Valentini.
922 2488 964 2520 Et
989 2488 1023 2520 in
1045 2487 1080 2519 li-

195 2539 255 2573 bro
267 2539 310 2572 de
322 2539 430 2572 Carne
441 2537 563 2572 Christi
577 2551 588 2571 .·
615 2540 711 2571 Penes
723 2540 881 2580 quemdam
905 2537 941 2569 de
963 2543 1081 2570 natione

198 2591 351 2622 Valentini
361 2589 418 2632 legi
428 2613 435 2619 .
465 2588 594 2630 Nempe
607 2588 712 2622 multo
724 2589 786 2622 alia
800 2589 968 2633 dogmata,
982 2587 1078 2631 quam

195 2638 281 2682 apud
295 2639 400 2682 ipsum
415 2637 648 2672 Valentinum.
680 2639 721 2671 Et
734 2638 767 2671 in
783 2639 868 2672 libro
886 2647 1000 2671 contra
1016 2637 1080 2672 Va-

196 2689 422 2723 lentinianos:
449 2689 676 2726 Valentiniani,
699 2686 965 2730 frequentissimum
984 2687 1080 2728 plane

195 2739 344 2782 collegium
355 2743 434 2772 inter
445 2738 596 2771 haereticos
607 2761 614 2768 .
642 2740 729 2780 ,Quia
740 2737 900 2781 plurimum
919 2747 958 2768 ex
970 2736 1078 2778 aposta·

196 2794 238 2823 tis
253 2793 395 2822 veritatir
410 2812 417 2819 .
447 2788 603 2822 Etinfra:
630 2791 784 2820 Novimus
808 2788 917 2829 optime*
940 2792 1079 2829 originem

195 2849 307 2882 quoque
318 2836 468 2880 ipsorum,
493 2839 527 2870 (a
536 2835 646 2880 scimus
659 2848 709 2870 cur
731 2838 956 2871 Valentinianos
980 2838 1078 2878 appel-

196 2890 309 2929 lemus,
334 2889 402 2922 lice‘t
424 2899 483 2920 non
504 2887 555 2930 effe
578 2889 741 2921 videantur
760 2913 767 2920 .
795 2886 987 2931 Absccffirunt
999 2892 1077 2919 enim

196 2935 406 2979 &Conditorss
428 2935 486 2980 sed
500 2938 623 2970 minime
644 2943 721 2981 origo
731 2938 866 2971 deletur.
893 2942 939 2970 Et
953 2935 984 2977 si
997 2935 1079 2978 forte*

195 2998 350 3030 mutatur,
376 2987 490 3027 testatio
514 2987 553 3027 est
575 2986 641 3030 ipsa
662 2991 800 3020 mutatio.
827 2988 1005 3021 Valentinus
1023 2991 1078 3020 Co-

196 3038 306 3082 lobarJo
326 3044 410 3073 viam
421 3039 588 3071 delineavit
601 3062 608 3070 .
636 3040 720 3070 Eam
738 3037 885 3079 postmodo
900 3038 1078 3071 Ptolomaeus

198 3089 377 3129 instauravit
389 3112 400 3128 ,
426 3087 593 3123 nominibus
619 3089 654 3121 ὑ·
674 3094 804 3121 numeris
821 3091 948 3122 Deorum
971 3086 1078 3127 distin-

195 3137 256 3171 dis
269 3145 302 3172 in
310 3137 478 3182 personales
493 3136 677 3181 substantias
689 3162 699 3178 ,
721 3136 781 3180 sed
799 3148 890 3171 extra
909 3141 1002 3171 Deum
1028 3138 1076 3170 de·

197 3194 377 3222 terminatas
390 3212 400 3227 ‚
426 3200 500 3231 quas
513 3189 693 3222 Valentiam
702 3195 735 3221 tn
745 3186 814 3231 Ipsa
822 3190 841 3220 5
842 3201 942 3221 umma
956 3190 1075 3220 Divini-

199 3242 299 3277 κω,
323 3248 355 3271 ut
362 3236 483 3281 sensus,
509 3237 680 3279 &affetffus
694 3262 705 3279 ,
732 3240 869 3271 &motus
894 3234 1073 3280 incluserat.

200 3287 337 3319 Deduxit
363 3290 396 3320 <at
417 3289 571 3322 Heracleon
591 3290 663 3322 indi?
689 3294 829 3321 tramites
850 3286 991 3331 quosdam
1005 3311 1015 3326 ‚
1041 3289 1076 3321 <¹1

197 3337 352 3370 socundus
364 3359 375 3375 ,
400 3338 434 3370 Θ
445 3349 547 3382 magus
568 3342 687 3372 Marcus
699 3364 707 3372 .
737 3339 864 3372 Multum
882 3344 959 3371 circa
970 3344 1071 3381 imagi-

196 3396 253 3420 nes
265 3388 337 3429 legis
351 3384 518 3420 Theotimus
538 3396 674 3429 operatus
694 3388 751 3425 eli.
779 3393 827 3423 lta
848 3387 994 3432 nusquam
1004 3390 1075 3429 jam

297 3434 408 3476 Christ·
419 3438 495 3478 Lupi
505 3442 602 3480 Opera
609 3441 643 3473 T.
652 3442 702 3473 IX
703 3462 711 3471 .

1146 128 1165 160 1
1233 127 1255 158 s
1370 111 1553 159 XLII.
1852 127 1947 173 359

1137 198 1334 239 Valentinus,
1358 195 1419 241 sed
1438 204 1539 230 tamen
1560 197 1763 231 Valentiniani
1784 222 1795 240 ‚
1821 204 1871 242 qui
1888 208 1945 242 per
1954 203 2013 233 Vae-

1135 252 1280 284 lentinum
1293 272 1301 280 .
1325 248 1407 281 Solus
1435 248 1479 280 ad
1497 245 1668 280 hodiernum
1681 248 1841 283 Antiochiae
1854 253 2012 284 Axionicus

1139 303 1307 333 memoriam
1321 299 1471 332 Valentini
1483 301 1600 340 integra
1621 295 1747 335 custodia
1756 300 1922 341 regularum
1945 302 2011 341 ejus

1137 347 1322 392 consolatur.
1350 347 1523 382 Valentini
1551 345 1906 390 acPtolomaeidogma
1916 360 2012 392 expo.

1137 398 1332 435 nitinferius
1345 422 1356 438 ,
1380 397 1599 442 &adjungitz
1627 400 1686 431 Hoc
1698 394 1735 436 est
1747 396 1858 428 mulum
1878 399 1914 429 de
1939 397 2013 440 afino
2030 391 2160 430 Cim-19·

1132 455 1254 494 pingere
1267 472 1279 489 ,
1308 450 1343 482 i&
1372 448 1565 482 Ptolomaeum
1590 445 1751 489 describere
1775 445 1814 479 de
1839 447 2013 482 Valentino.

1139 499 1248 534 Etiam
1261 498 1433 534 Ptolomaei
1447 497 1682 531 Emendatores
1699 505 1882 536 memorat,
1908 496 1943 532 ὅ(
1963 496 2017 529 di-

1136 546 1342 584 citcausam:
1369 547 1558 586 Exstiterunt
1579 548 1616 581 de
1633 543 1851 590 scholaipfius,
1877 544 2019 590 discipuli
2037 545 2164 584 Cap.33.

1133 599 1226 643 supra
1237 598 1428 643 Magistrum.
1458 597 1548 631 Etin
1560 597 1627 630 alio
1639 597 1746 641 capite
1759 596 1883 640 pergit:
1914 600 2018 637 Accipe

1137 650 1199 683 alia
1221 655 1338 694 ingenia
1363 653 1501 681 Currucae
1527 650 1665 679 Enniani
1690 669 1701 685 ,
1726 645 1847 690 insignis
1870 647 1954 687 apud
1968 657 2018 678 eos·

1138 699 1289 744 magistri,
1315 703 1366 742 qui
1390 699 1423 734 (ς
1438 696 1604 738 Pontificali
1621 694 1679 738 sua
1692 695 1875 730 authoritate
1897 701 1929 728 in
1941 694 2017 728 hunc

1138 752 1255 783 modum
1279 746 1405 791 censuit.
1435 747 1581 781 Curruca
1601 746 1663 781 fuit
1675 746 1785 780 nescio
1799 745 1871 790 quis
1891 745 2019 789 impoli-

1139 809 1190 833 tus
1202 799 1408 843 Mimologus
1422 823 1432 839 ,
1458 797 1499 831 de
1508 808 1575 840 quo
1588 796 1774 839 luvenalis:
1801 799 1845 830 Tu
1866 795 1921 828 tibi
1943 805 2020 827 nunc
2041 815 2114 853 Saty,
2127 818 2155 845 6.

1138 854 1271 882 curruca
1279 851 1402 891 placer,
1425 848 1583 890 fletumque
1596 845 1710 880 labellis
1732 855 1883 888 extorques
1900 871 1907 877 .
1940 845 2020 888 Ejus

1139 899 1308 934 ridiculam
1335 899 1503 943 personam
1541 896 1663 940 primus
1703 894 1833 931 induxit
1871 895 2017 929 Ennius.

1141 949 1232 983 Hinc
1246 950 1356 984 nescio
1370 959 1466 993 quem
1481 946 1636 983 stolidum
1664 946 1697 983 &
1716 945 1888 989 superbum
1900 945 2021 980 Valeri·
2048 945 2057 950 “

1141 999 1272 1033 tinianae
1282 998 1433 1033 fastionis
1445 998 1622 1033 Doctorem
1635 996 1811 1040 Septimius
1832 1006 1886 1040 per
1908 995 2028 1030 sarcass.

1141 1060 1229 1082 mum
1261 1048 1400 1093 appellat
1422 1048 1602 1083 Currucam
1616 1045 1819 1082 Ennianum.
1855 1045 1904 1080 Ita
1929 1046 1962 1079 &
1984 1046 2021 1079 in

1142 1098 1281 1133 secundo
1303 1097 1451 1134 adversus
1475 1097 1647 1133 Ruffinum
1671 1094 1757 1133 libro
1780 1096 1899 1139 scripsit
1923 1118 1934 1133 ,
1958 1094 2023 1128 fre-³

1139 1159 1242 1192 quens
1262 1147 1463 1182 Tertulliani
1492 1147 1638 1180 imitator
1659 1170 1670 1185 ,
1697 1145 1830 1181 Sanetus
1855 1145 2024 1187 Hierony-

1141 1209 1227 1232 mus:
1260 1199 1377 1237 Didymi
1390 1202 1589 1238 interpretare
1605 1194 1734 1227 Scholion
1748 1217 1759 1233 ,
1785 1200 1817 1226 in
1829 1204 1883 1235 quo
1895 1195 1943 1227 ille
1965 1192 2024 1236 cas-

1138 1247 1170 1292 so
1181 1247 1277 1282 labore
1300 1254 1421 1281 conatur
1447 1246 1570 1279 allorum
1593 1244 1723 1278 laborem
1738 1242 1918 1285 defendere,
1943 1242 2028 1284 quod

1142 1303 1281 1343 origenes
1293 1295 1497 1340 benequidem
1512 1297 1644 1335 dixerit,
1666 1293 1724 1338 sed
1743 1305 1795 1327 nos
1808 1292 1955 1334 fimplices
1977 1292 2028 1325 bo-

1142 1354 1257 1388 mines,
1284 1352 1427 1381 Currucae
1451 1349 1592 1378 Enniani
1615 1366 1626 1382 ,
1652 1355 1704 1377 nec
1726 1344 1806 1375 illius
1823 1341 2027 1387 sapientiam,

1143 1408 1289 1433 metuam
1305 1422 1315 1438 ,
1341 1401 1391 1440 qui
1405 1401 1620 1438 interpretatus
1637 1405 1688 1432 es,
1714 1393 1872 1437 intelligere
1878 1392 2023 1434 poffimur.

1143 1448 1291 1493 Septimii
1309 1458 1427 1486 voces,
1456 1444 1643 1478 authoritate
1662 1441 1847 1484 Pontificali‚
1874 1442 2027 1475 videntur

1146 1500 1304 1539 innuere,
1330 1495 1421 1542 quod
1447 1493 1683 1531 Valentiniana
1707 1494 1805 1528 factio
1824 1490 1879 1526 fibi
1893 1492 2027 1527 finxerit

1147 1549 1311 1593 proprium
1350 1547 1541 1581 Romanum
1589 1544 1789 1589 Episcopum
1826 1567 1837 1583 ,
1872 1542 2028 1586 spet‘lrum

1145 1599 1261 1633 summi
1300 1597 1471 1632 Pontificis
1507 1622 1515 1628 .
1556 1595 1604 1630 Ita
1637 1594 1725 1629 enim
1751 1594 1934 1637 frequenter
1971 1591 2029 1624 fin-

1146 1659 1263 1684 xerunt
1289 1647 1416 1691 antiqui
1442 1645 1584 1682 haeretici
1622 1668 1633 1684 ,
1667 1655 1765 1687 atque
1801 1645 1848 1677 ita
1871 1643 2030 1676 Romanae

1147 1699 1296 1734 Ecclesrae
1336 1697 1517 1732 Primatum
1553 1694 1722 1739 insigniter
1763 1693 2000 1728 confirmarunt
2021 1715 2029 1723 .

1146 1750 1246 1784 Suum
1273 1758 1386 1783 contra
1424 1745 1682 1781 Valentinianos
1709 1742 1830 1777 librum
1858 1741 2034 1785 Septimius

1146 1800 1278 1833 tandem
1293 1796 1465 1831 concludit
1482 1808 1493 1827 :
1521 1795 1609 1825 Talia
1628 1793 1757 1833 mysteria
1782 1790 2034 1834 superfruc‘licant
2052 1808 2128 1846 Cap¹
2138 1815 2152 1844 3
2158 1818 2190 1844 9,

1145 1850 1229 1891 apud
1251 1849 1314 1880 illos
1339 1856 1376 1877 ex
1389 1848 1520 1877 materni
1538 1840 1661 1885 seminir
1687 1842 1910 1874 redundantia.
1940 1845 2034 1882 Atque

1146 1905 1190 1931 ita
1202 1897 1387 1939 inolescentes
1407 1893 1550 1927 doc‘lrinae
1564 1893 1868 1930 Valentinianorum,
1892 1895 1925 1923 in
1935 1889 2032 1931 filvas

1138 1952 1209 1986 jam
1232 1947 1423 1978 exoleverunt
1448 1941 1648 1981 Gnosticorum
1663 1964 1670 1971 .
1696 1940 1781 1987 Qae
1803 1941 1917 1973 omnia
1942 1939 2032 1972 istius

1147 1995 1295 2028 factionis
1321 1991 1491 2026 schismata
1521 2001 1557 2024 ac
1571 1991 1669 2024 frusta
1690 1991 1875 2028 adducunt,
1902 1990 2032 2032 &ipso-

1147 2056 1217 2078 rum
1243 2042 1369 2077 fabulas
1395 2050 1568 2084 exponunt
1593 2042 1725 2075 Sanetus
1739 2040 1877 2075 lrenaeus
1904 2051 1940 2073 ac
1954 2040 2031 2073 San-

1146 2097 1213 2128 stus
1226 2094 1382 2128 Clemens
1411 2089 1676 2125 Alexandrinus.
1704 2091 1777 2126 Nec
1798 2088 1900 2132 major
1922 2090 2031 2123 unitas

1146 2145 1306 2179 fuitinter
1318 2141 1554 2176 Marcionitas.
1584 2141 1715 2174 Etenim
1731 2140 1885 2173 Marcion
1911 2139 1929 2172 ὲ
1954 2141 2032 2173 Cer-

1146 2195 1252 2233 done,
1279 2193 1297 2226 Ξι
1311 2193 1485 2226 Marcione
1497 2191 1686 2226 defecerunt
1705 2190 1861 2225 Lucanus
1887 2190 1920 2224 δι
1933 2189 2033 2233 Apel-

1147 2245 1210 2283 les,
1235 2243 1336 2277 &alii
1351 2242 1473 2286 plures.
1502 2242 1545 2275 Et
1559 2240 1756 2276 cunstisein
1779 2242 1926 2284 suprema
1948 2239 2032 2283 capi·

1147 2306 1178 2328 ta
1202 2303 1389 2328 erexerunt.
1421 2292 1495 2326 Nec
1519 2292 1663 2325 mireris.
1692 2291 1826 2324 Etenim
1847 2301 1965 2324 omnes
1978 2290 2032 2323 de-

1147 2343 1304 2378 scendunt
1334 2354 1375 2376 ex
1397 2342 1534 2377 Simone
1555 2342 1662 2386 Mago
1683 2355 1689 2374 :
1718 2345 1843 2377 Omnes
1870 2352 1910 2374 ex
1939 2340 2032 2381 ipso,

1145 2394 1225 2428 dum
1241 2393 1375 2437 quisque
1387 2392 1476 2435 supra
1489 2391 1682 2436 magistrum
1697 2390 1768 2426 vult
1780 2401 1903 2425 tumere
1930 2401 1967 2423 ac
1988 2390 2032 2422 sa-

1147 2455 1243 2488 pere,
1270 2441 1386 2477 velate
1399 2453 1479 2476 terra
1505 2441 1601 2486 fungi
1615 2451 1806 2485 eruperunt.
1831 2439 1924 2475 Licet
1946 2439 2031 2473 Cad-

1145 2494 1214 2528 maei
1235 2493 1344 2526 fratres
1372 2494 1493 2533 essent,
1520 2504 1557 2526 ac
1580 2492 1643 2525 sese
1669 2492 1787 2525 mutuo
1807 2491 1856 2524 uti
1873 2500 1969 2523 canes
1995 2489 2029 2524 &

1143 2554 1266 2588 angues
1289 2541 1427 2577 odissent
1453 2554 1491 2575 ac
1516 2541 1701 2577 morderent
1727 2566 1738 2582 ,
1771 2551 1887 2574 omnes
1915 2549 2027 2573 tamen

1144 2604 1234 2628 erant
1246 2593 1382 2626 unicum
1399 2591 1573 2626 Valentini
1602 2602 1658 2625 aut
1670 2590 1852 2624 Marcionis
1864 2601 2000 2623 examen
2014 2602 2027 2622 .-

1146 2644 1300 2678 Amicum
1322 2642 1503 2686 collegium
1525 2641 1677 2675 adversus
1700 2642 1867 2675 veritatem
1889 2665 1894 2670 .
1923 2639 2025 2674 Erant

1143 2693 1311 2727 schismata
1344 2716 1355 2732 ,
1381 2692 1435 2726 sed
1460 2692 1516 2725 vix
1536 2691 1732 2734 apparebant
1750 2714 1759 2722 ,
1795 2690 1884 2734 Qia
1908 2688 2024 2729 nempe

1142 2744 1203 2777 suis
1227 2741 1417 2776 Praefidibus
1439 2741 1565 2773 nullam
1595 2749 1755 2772 noverant
1789 2737 1999 2771 reverentiam
2015 2760 2022 2768 .

1140 2794 1231 2827 Hinc
1256 2791 1424 2825 &nullam
1449 2791 1484 2823 in
1498 2788 1692 2822 damnandis
1716 2789 1922 2832 Dogmatum
1940 2797 2023 2828 quae—

1141 2842 1301 2878 stionibus
1326 2841 1536 2885 potestatem.
1566 2838 1658 2872 Licet
1682 2837 1855 2871 Ennianus
1876 2836 2022 2870 Curruca

1141 2891 1327 2927 Pontificali
1338 2890 1538 2924 authoritate
1549 2887 1688 2923 ediceret
1700 2910 1711 2926 ‚
1737 2888 1927 2930 spernebant
1946 2886 1999 2919 alii
2012 2908 2023 2925 ,

1141 2947 1172 2978 ὅ(
1185 2945 1214 2977 se
1227 2942 1402 2976 censebant
1414 2939 1620 2984 sapientiores
1633 2963 1640 2972 .
1671 2937 1772 2984 Qod
1780 2938 1886 2982 ipsum
1898 2937 2024 2970 malum

1140 2993 1233 3028 fuisse
1255 2992 1355 3026 etiarn
1377 2992 1412 3025 in
1427 2990 1638 3030 sabellianis,
1667 2988 1799 3022 Arianis
1814 3012 1824 3027 ,
1852 2986 2024 3035 Apollina-

1139 3044 1240 3083 ristis,
1267 3043 1385 3076 &aliis
1396 3041 1520 3075 cunctis
1540 3039 1696 3073 haereticis
1709 3062 1719 3077 ,
1748 3038 1842 3082 poffit
1864 3036 1958 3071 facile
1972 3035 2026 3069 de·

1140 3093 1310 3128 monstrari
1334 3117 1341 3125 .
1371 3091 1465 3124 Hinc
1489 3090 1575 3123 inter
1600 3087 1866 3131 Eutychianistas
1895 3087 2024 3120 fuerunt

1137 3144 1171 3178 &
1198 3141 1356 3186 Acephali
1379 3167 1385 3173 .
1414 3140 1537 3174 Eadem
1561 3139 1666 3173 forma
1688 3137 1787 3172 hodie
1811 3138 1912 3171 etiarn
1934 3137 2024 3180 viget

1137 3194 1222 3237 apud
1246 3192 1451 3226 Lutheranos
1475 3191 1510 3224 ἃ
1534 3188 1751 3224 Calvinistas.
1781 3187 1914 3221 Etenim
1935 3185 2026 3218 Puri·

1137 3246 1205 3278 tani
1230 3267 1240 3283 ,
1267 3241 1526 3285 independentes
1548 3263 1559 3279 ,
1585 3238 1774 3273 Arminiani
1798 3262 1809 3277 ,
1835 3238 2021 3271 Gummari-

1138 3296 1188 3327 flae
1199 3319 1209 3334 ,
1237 3294 1328 3326 Mem
1336 3290 1470 3325 nonistae
1482 3314 1492 3330 ,
1505 3290 1538 3324 ὅ(
1552 3289 1615 3323 alia
1629 3289 1660 3322 id
1673 3287 1776 3332 genus
1788 3288 1926 3330 plurima
1938 3285 2016 3320 Cai-

1138 3345 1208 3377 vini
1233 3345 1353 3382 frusta,
1381 3341 1454 3374 licet
1477 3340 1618 3373 invicem
1643 3339 1755 3382 peju3,
1784 3336 2010 3381 quamdiverli

1135 3394 1264 3439 generis
1278 3394 1347 3427 ferae
1362 3417 1370 3433 2
1398 3392 1461 3427 sese
1472 3389 1625 3429 oderint,
1652 3388 1723 3423 solo
1735 3387 1893 3422 Romanae
1907 3385 2016 3420 Eccle-

1568 3439 1608 3475 H
1635 3438 1657 3472 h
1707 3447 1731 3472 2.
1930 3435 1976 3469 ῆι
