2346 3724
94 2282 214 2324 Εραός.

81 3237 166 3279 Epist·
175 3244 219 3271 62.

757 166 802 211 C
874 176 991 208 Λα)
1065 178 1082 206 1

229 251 390 286 Primatus
409 246 487 283 cfl‘et
507 247 673 282 Divinum
708 248 898 283 Institutum
919 269 926 278 .
957 244 1088 293 Qarto
1103 269 1113 285 ,

230 298 318 345 qudd
332 296 428 342 hujus
441 297 635 332 Christianae
646 298 747 332 Petrae
759 299 873 333 veritas
885 307 937 340 per
947 296 1112 330 neminem

229 357 326 394 queat
337 348 498 383 obfuscari
513 373 524 388 ,
550 348 649 394 longe
663 348 772 383 minus
793 348 935 383 aboleri.
961 345 1092 391 Qinto
1105 369 1115 385 ,

229 397 317 442 quod
340 398 482 443 ejusdem
505 398 612 434 unitas
636 409 775 441 nequeat
800 396 894 441 prodi
913 407 970 430 aut
992 396 1116 429 deseri.

228 447 351 490 Sexto,
377 446 467 493 quod
489 446 629 484 haeretic'i
655 458 751 493 atque
778 447 973 482 schismatici
997 447 1114 479 multas

229 499 360 538 Petras,
390 500 423 533 &
445 499 621 533 multarum
645 494 857 534 Ecclefiarum
870 509 956 531 nova
978 495 1114 530 aedificia

228 549 409 584 moliantur
432 550 651 591 constituere,
676 560 772 594 atque
792 548 827 582 in
852 548 916 582 hoc
940 547 1116 581 molimine

229 600 268 634 fit
291 600 346 634 sita
378 600 524 643 nequitia
560 599 738 634 schismatis
754 623 762 631 .
793 599 886 649 Qia
914 609 1031 642 nempe
1063 606 1116 640 per

229 649 374 684 Schisma
386 649 489 684 homo
501 650 627 686 decedit
639 652 656 684 a
674 649 827 683 Romana
853 648 995 683 Ecclesia
1007 672 1018 688 ‚
1044 646 1116 680 uni-

230 712 267 735 ca
279 711 377 743 atque
392 699 557 734 immobili
571 700 665 735 Petra
680 724 691 740 ‚
717 701 808 743 supra
830 709 929 743 quam
947 698 1117 733 Dominus

229 750 407 785 collocavit
417 751 520 785 totius
533 762 611 785 verae
623 749 881 785 Christianitatis
893 748 1115 784 fundamenta.

230 800 390 835 Notanda
404 801 520 835 sunt&
532 801 682 845 adjuneta
696 800 813 834 verba=
840 804 928 833 Nam
946 804 998 842 qui
1019 797 1117 840 bapti-

230 859 340 884 zantur
354 875 366 892 ,
390 852 535 894 complent
541 849 602 892 fine
613 850 701 883 dubio
710 848 845 890 Ecclefiae
854 860 1024 883 numerum.
1052 849 1118 891 ,Qui

229 910 330 934 autem
360 900 523 943 Baptisma
543 911 639 933 eorum
657 899 765 940 probat
779 923 789 939 ,
815 900 853 933 de
878 901 1055 941 Baptizatis
1082 899 1117 933 ό*

230 947 385 991 Ecclefiaem
398 951 456 984 illic
470 950 522 993 effe
531 948 699 992 confirmat.
727 950 816 984 Cum
840 949 956 983 Sansto
978 947 1115 992 Cypria-

229 1010 276 1034 no
287 999 412 1035 censuit
425 999 588 1044 Baptisma
602 1010 670 1033 non
685 1000 771 1042 posse
793 999 855 1034 esse
866 999 998 1043 simplex
1011 1010 1049 1032 ac
1069 997 1118 1031 in-

230 1051 336 1085 forme
355 1073 366 1090 ,
393 1050 445 1084 sed
467 1060 567 1084 omne
589 1049 732 1083 validum
767 1051 830 1083 effe
859 1049 894 1083 ἀ
917 1050 1118 1088 formatum,

229 1100 371 1143 ideoque
382 1111 437 1143 per
449 1100 553 1143 ipsum
569 1100 690 1142 semper
702 1099 790 1133 nasci
802 1100 949 1143 integros
961 1096 1116 1132 Christia-

227 1160 311 1190 nos,
340 1149 414 1183 viva
434 1149 580 1184 membra
606 1150 775 1183 Ecclefiae.
802 1148 895 1183 Hinc
916 1149 1075 1183 conclusit
1100 1147 1118 1180 a

228 1197 417 1243 Stephano,
445 1200 500 1243 qui
517 1198 598 1234 istud
612 1199 753 1234 validum
763 1198 896 1234 volebat
906 1200 992 1242 apud
1014 1197 1119 1234 Schis-

225 1259 317 1284 mata
340 1250 374 1284 δε
397 1248 523 1283 haereses
539 1273 550 1290 ,
575 1250 675 1284 everti
702 1248 896 1284 Christianae
915 1249 1017 1284 Petrae
1037 1274 1047 1291 ‚
1081 1259 1119 1281 ac

229 1301 323 1343 supra
335 1300 434 1343 ipsam
447 1299 589 1334 fundatae
601 1299 720 1334 domus
731 1300 894 1334 unitatem
905 1325 913 1333 .
942 1301 985 1334 Et
997 1312 1036 1333 ex
1059 1298 1121 1332 suis

230 1350 399 1394 principiis
412 1347 494 1383 rene
505 1349 661 1383 conclusit
677 1374 684 1380 .
713 1350 846 1382 Etenim
859 1350 879 1382 si
892 1359 981 1383 extra
1007 1349 1123 1382 funda·

230 1411 297 1434 tarn
311 1399 329 1433 a
340 1398 474 1433 Christo
496 1398 647 1432 Domino
659 1398 796 1432 domum
808 1399 869 1433 sint
882 1399 1000 1442 integri
1021 1398 1122 1432 Chri-

230 1449 347 1489 niani,
375 1459 442 1481 non
459 1449 590 1490 possunt
609 1457 675 1481 non
687 1448 751 1480 esse
772 1448 877 1490 plures
900 1448 1054 1492 legitimae
1064 1447 1122 1482 do-

228 1507 303 1532 mus
314 1522 326 1538 ‚
353 1497 457 1539 plures
469 1496 731 1539 fundamentales
743 1495 843 1530 Petrae
855 1521 865 1536 ,
894 1497 998 1540 plures
1010 1497 1121 1531 adver·

229 1547 318 1582 sariae
341 1546 512 1589 Ecclefiae2
539 1546 622 1579 Haec
645 1546 758 1580 omnia
781 1545 888 1580 lucide
912 1545 1119 1580 concludunt

229 1606 386 1635 omnem,
413 1597 468 1638 qui
496 1596 657 1630 Romanae
680 1595 828 1630 Ecclefiae
850 1606 918 1630 uon
935 1596 1122 1630 communi·

228 1657 304 1687 cat,
331 1647 394 1681 effe
416 1644 509 1690 plene
520 1646 782 1687 schismaticum,
808 1646 996 1681 nullatenus
1008 1657 1120 1681 verum

230 1696 456 1733 Christianum
468 1722 476 1729 .
502 1696 582 1730 Non
597 1698 685 1731 enim
700 1698 817 1740 spectat
829 1698 868 1730 ad
883 1697 1041 1739 populum
1061 1697 1120 1730 uni

230 1745 398 1793 Episcopo
415 1769 427 1788 ,
453 1746 487 1781 &
508 1746 567 1781 uni
595 1747 782 1791 Episcopali
805 1746 977 1782 Cathedrae
999 1745 1122 1781 aduna·

230 1809 319 1834 tum.
1054 1823 1056 1826 ,

279 1847 386 1883 Porro
397 1846 616 1882 vFirmilianus
629 1848 731 1890 ipsum
746 1846 900 1882 sanetum
915 1847 1116 1882 Pontificem

228 1897 433 1944 Stephanum
446 1896 573 1942 arguit,
599 1896 686 1941 quod
709 1895 902 1932 Christianae
927 1898 1026 1934 Petrae
1049 1898 1120 1932 uni-

227 1959 328 1985 tatem
353 1946 502 1992 proderet
522 1956 619 1990 atque
640 1946 812 1982 desereret.
841 1949 998 1983 Peffime.
1030 1949 1120 1996 Qia
1144 1968 1146 1970 -

225 2001 293 2049 sitne
313 1997 548 2033 fundamento.
579 1997 679 2031 Recte
699 2007 808 2031 tamen
829 1999 983 2042 supponit
1006 1999 1040 2032 id
1065 2009 1119 2041 per

226 2050 426 2084 Pontificem
439 2048 526 2091 posse
536 2048 606 2081 fieri
615 2073 622 2080 .
650 2048 745 2081 Hinc
757 2049 792 2083 ὅ(
803 2048 836 2082 in
848 2048 984 2092 epistola
995 2049 1037 2083 ad
1051 2049 1120 2083 Ge·

227 2100 380 2133 nerosum
399 2098 532 2132 Sanetus
565 2095 773 2143 Augustinus
805 2109 974 2133 enumerat
1005 2109 1124 2134 omnes

229 2150 402 2183 Romanos
414 2146 596 2182 Pontifices
605 2149 623 2181 a
635 2150 754 2183 Sanc'to
765 2148 864 2184 Petro
872 2151 972 2194 usque
983 2150 1024 2184 ad
1039 2160 1123 2184 tunc
1146 2159 1147 2162 ’

227 2199 395 2233 sedentem
414 2197 618 2232 Anastasium
632 2223 642 2238 ‚
668 2201 807 2232 affirmat
828 2199 913 2233 inter
935 2201 1019 2242 ipsos
1045 2199 1115 2232 nul·
1144 2231 1147 2235 ,

227 2249 296 2284 lum
318 2246 411 2283 fuisse
433 2247 644 2281 Donatistam
663 2258 761 2289 atque
784 2250 1001 2290 prosequitur:
1029 2251 1066 2279 In
1081 2248 1115 2280 il-

228 2300 290 2333 Ium
301 2301 442 2331 ordinem
448 2295 660 2340 Epistoporum
670 2296 786 2338 etiamsi
793 2295 948 2340 quisquam
974 2298 1116 2329 Traditor

223 2357 281 2395 per
291 2350 345 2382 ma
362 2345 496 2388 tempora
513 2344 691 2388 subrepfiffir
704 2370 715 2385 ‚
742 2346 821 2378 ntbil
830 2348 1047 2387 praeiudicant
1057 2348 1117 2378 Ec-

224 2397 315 2439 clefiae
327 2421 337 2438 ,
364 2394 613 2430 &innocentibus
626 2393 805 2434 christianis
820 2418 831 2433 ,
856 2394 960 2437 quibus
974 2397 1116 2426 Dominus

221 2447 390 2490 providens
412 2450 459 2477 air
477 2445 516 2477 de
541 2441 713 2485 Praepofitis·
731 2445 823 2476 malis
839 2469 850 2484 ‚
875 2443 959 2491 Qae
979 2444 1119 2483 dicunt,

226 2497 346 2537 facite,
372 2505 443 2539 qua:
461 2503 571 2529 autem
596 2494 721 2528 faciunt
741 2519 751 2536 ‚
777 2494 883 2528 facete
908 2495 1013 2529 nolite
1035 2519 1046 2535 ‚
1072 2494 1121 2528 di-

224 2557 308 2583 cunt
326 2545 417 2580 enim
431 2567 443 2586 ,
468 2545 503 2579 &
515 2554 583 2578 non
599 2544 746 2579 faciunt.
774 2548 812 2577 Ut
823 2543 863 2587 fit
874 2554 956 2582 certa
969 2543 1039 2587 spes
1049 2544 1121 2587 fide-

225 2597 304 2630 lebas
329 2619 341 2636 ‚
365 2606 432 2639 quae
456 2606 514 2628 non
535 2600 569 2627 in
595 2593 713 2628 bomine
732 2619 742 2635 ‚
765 2592 823 2638 sed
843 2600 876 2628 ln
899 2599 963 2630 Deo
983 2596 1120 2628 collocata

227 2657 392 2688 numquam
414 2641 585 2687 tempestate
593 2643 730 2690 sacrilegi
741 2642 916 2688 Schismaris
938 2646 1097 2688 decipletur
1113 2670 1120 2679 .

228 2696 428 2730 Constanter
447 2696 591 2728 affirmat
620 2692 710 2729 inter
732 2695 904 2731 Romanos
939 2696 1120 2730 Pontifices

228 2745 358 2780 nullum
381 2754 526 2790 unquam
536 2744 631 2779 fuisse
640 2745 832 2780 traditorem
843 2771 850 2778 .
885 2745 927 2780 Et
941 2746 1025 2780 inter
1038 2747 1121 2790 ipsos

230 2804 383 2831 numerat
404 2795 556 2830 Sanctum
577 2793 809 2831 Marcellinum
828 2821 835 2827 .
864 2796 976 2843 Qare
995 2807 1120 2831 certum

230 2846 277 2882 est
290 2845 359 2888 ejus
379 2844 568 2888 praetensum
581 2844 640 2879 sub
660 2844 876 2881 Diocletiano
898 2857 1043 2890 tyranno
1056 2847 1120 2891 lap·

230 2897 302 2930 sum
324 2896 386 2929 esse
398 2894 602 2929 manifestam
626 2895 876 2930 Donatistarum
894 2896 1096 2932 calumniam
1113 2924 1120 2931 .

229 2943 385 2980 Pluribus
406 2940 440 2978 id
462 2944 519 2978 suo
541 2943 616 2979 loco
638 2944 855 2980 demonstravi
881 2970 888 2978 .
914 2945 1120 2992 Augustinus

230 3006 342 3030 tamen
354 2994 445 3030 addit
457 2994 556 3029 etiam
568 2993 729 3030 Romanis
740 2996 960 3031 Pontificibus
969 2997 1121 3032 traditio·-

230 3057 331 3085 nem,
355 3044 504 3087 adeoque
525 3045 560 3078 &
580 3046 727 3087 quemvis
749 3042 874 3091 lapsum
902 3046 965 3081 esse
992 3047 1121 3090 poffibi-

232 3096 319 3130 lem.
346 3094 482 3130 Erindc
493 3105 552 3128 nec
576 3094 760 3137 Romanae,
786 3108 846 3131 nec
866 3097 1036 3131 universali
1061 3098 1120 3132 Ec-

231 3146 334 3180 ciefiae
344 3145 431 3180 nasci
454 3143 670 3189 praejudicium
684 3169 692 3178 .
718 3145 899 3182 Rationem
923 3147 977 3181 dat
992 3149 1027 3180 in
1037 3148 1120 3183 litte·

234 3196 278 3230 ris
287 3196 328 3230 ad
341 3195 529 3230 Maximum
543 3193 731 3230 Antiochiae
741 3195 962 3231 patriarcham
976 3197 1120 3242 Magnus

236 3245 324 3290 Papa
337 3245 427 3280 Leo:
454 3246 545 3279 Aliud
557 3245 632 3289 sum
646 3251 750 3279 mrmae
762 3243 926 3289 Praesulum
938 3271 948 3288 ‚
975 3249 1061 3281 allud
1072 3250 1122 3289 ju·

236 3308 274 3330 ra
295 3297 432 3330 Sedtum.
463 3295 507 3331 Et
527 3294 605 3330 hinc
616 3305 732 3330 omnes
744 3292 873 3330 adducti
898 3296 1008 3332 Patres
1028 3298 1118 3333 Chri·

238 3345 345 3382 nianae
356 3345 491 3382 unitatis
503 3346 644 3381 radicem
657 3356 725 3381 non
737 3347 851 3381 tamin
865 3346 1022 3384 Romano
1044 3350 1120 3394 Epi-

1153 177 1178 206 τ
1249 175 1266 205 1
1337 174 1356 204 s
1461 160 1517 204 V.
1928 178 1995 216 92

1175 246 1273 288 scopo
1295 250 1448 286 ponunt,
1475 240 1574 285 quam
1597 240 1709 284 potius
1730 242 1763 276 in
1781 245 1849 288 ejus
1867 243 2066 288 Apostolica

1175 293 1340 329 Cathedra
1362 318 1372 334 ‚
1399 303 1497 337 atque
1517 291 1670 326 Romana
1696 291 1836 327 Ecclesia
1860 321 1868 329 .
1898 296 1944 329 Etr
1967 295 2067 331 trium

1176 344 1406 387 Capitulorum
1432 343 1612 386 pertinaces
1633 341 1820 376 defensores
1842 367 1852 382 ‚
1879 356 1946 377 non
1974 344 2067 389 quod

1178 395 1301 439 Pelagii
1325 392 1500 428 pontificis
1520 394 1656 428 recitare
1679 404 1801 426 nomen
1832 390 2069 437 detrectarent,

1177 444 1228 479 sed
1240 445 1351 487 potius
1375 444 1463 488 quod
1478 443 1639 478 Romanae
1654 441 1802 477 Ecclefiae
1823 446 2068 479 communicare

1179 495 1330 534 nollent,
1359 494 1490 529 fuerunt
1515 493 1732 528 schismatici.
1761 492 1863 539 Quod
1886 492 1976 526 enim
2002 492 2071 536 ipsa.

1175 545 1273 579 etiam
1297 545 1451 579 Romana
1473 544 1613 578 Ecclesia
1637 545 1694 578 suo
1718 543 1878 576 Pontifici
1900 541 2070 584 restiterit,

1176 608 1214 630 ac
1239 596 1268 630 se
1290 595 1332 629 ab
1352 594 1420 638 ejus
1440 594 1679 629 communione
1705 593 1853 638 legitime
1880 593 2045 633 retraxerit
2060 616 2073 633 ,

1176 644 1298 680 docent
1322 646 1412 689 plura
1425 644 1598 687 exempla.
1628 644 1670 678 Et
1680 645 1764 678 circa
1775 644 1918 688 grassans
1940 654 1982 677 ex
2004 642 2072 676 Pa-

1177 696 1412 740 pafioeleaione
1423 691 1559 729 schisma
1572 695 1706 729 sanctus
1720 693 1895 728 Anselmus
1907 694 1942 727 in
1955 692 2073 727 litteris

1177 746 1218 780 ad
1232 745 1416 781 Walterum
1439 744 1650 780 Cardinalem
1679 745 1879 788 Episcopum
1905 742 2074 777 Albanen-

1178 797 1242 831 sem
1263 797 1362 831 tradit
1386 797 1548 841 insignem
1572 795 1736 839 regulam.
1765 795 1884 830 Sancto
1908 793 2074 838 Gregorio

1179 847 1317 889 septimo
1331 858 1368 881 ac
1383 846 1512 882 Vietori
1526 847 1623 881 terrio
1635 856 1781 879 recenter
1795 856 1875 879 tunc
1886 844 2076 878 successerat

1182 895 1342 932 Urbanus
1364 897 1523 932 secundus
1537 921 1548 938 ‚
1572 897 1722 939 &ipsum
1746 893 1931 940 graviffime
1947 893 2077 928 infesta·

1181 947 1235 981 bat
1270 947 1408 982 schisma
1432 946 1585 982 Guiberti
1622 946 1825 981 Ravennatis
1848 971 1856 979 .
1885 944 2076 989 Anglicana

1183 997 1324 1031 Ecclesia
1360 996 1469 1031 adhuc
1504 995 1692 1041 ambigebat
1714 1021 1724 1037 ,
1752 995 1859 1031 neutri
1894 992 2075 1029 adhaerens.

1184 1048 1277 1081 Hinc
1302 1058 1357 1091 per
1377 1047 1422 1081 ita
1443 1047 1648 1091 ambigentes
1670 1047 1849 1090 Episcopos
1871 1046 1906 1080 in
1933 1045 2078 1079 Cantua-

1181 1097 1317 1131 riensem
1331 1097 1509 1131 primatem
1521 1098 1712 1130 consecrato
1727 1096 1889 1131 Anselmo
1913 1095 2080 1129 Walterus

1182 1147 1441 1191 improperabat,
1469 1146 1558 1191 quod
1587 1147 1663 1180 esset
1688 1147 1838 1180 initiatus
1862 1146 1880 1179 ὲ
1903 1144 2081 1178 schismati·

1182 1198 1249 1238 cis,
1278 1198 1418 1241 ideoque
1444 1195 1578 1231 haberet
1603 1206 1725 1240 caput,
1751 1207 1820 1230 non
1833 1197 2080 1234 consecratum,

1183 1249 1235 1282 sed
1260 1247 1467 1282 maledictum
1493 1247 1747 1281 &execratum.
1776 1246 1820 1280 Et
1844 1245 2023 1280 Anseltnus
2034 1255 2083 1278 re·

1186 1298 1291 1341 posuit
1310 1311 1317 1330 2
1345 1299 1432 1332 Certe*
1459 1296 1621 1340 nesciebam
1635 1321 1646 1338 ,
1670 1308 1722 1330 nec
1731 1294 1791 1339 scio
1802 1308 1847 1329 eos
1856 1293 2056 1339 schismaticos
2069 1317 2081 1334 ,
2103 1294 2161 1340 Lib.
2183 1304 2212 1331 3·

1182 1359 1235 1381 aut
1250 1348 1292 1389 fic
1314 1347 1428 1391 divisbs
1451 1347 1491 1380 ab
1515 1346 1642 1389 Ecclesia
1658 1345 1749 1389 fuiffe
1765 1370 1776 1386 ,
1803 1356 1837 1380 ut
1858 1348 1977 1383 dicunt.
2006 1342 2088 1385 Etfi
2102 1333 2238 1374 epist-36.

1183 1399 1294 1439 aliquis
1316 1409 1412 1431 eorum
1427 1421 1438 1437 ‚
1464 1403 1515 1439 qui
1541 1396 1592 1439 boc
1612 1398 1699 1429 vobis
1711 1397 1837 1435 dicunt,
1867 1406 1913 1428 me
1931 1394 2083 1438 praesente

1184 1447 1234 1480 hoc
1255 1449 1392 1487 diceret,
1419 1445 1639 1479 rationabiliter
1662 1445 1840 1485 ostenderem
1867 1457 1926 1478 non
1941 1444 1982 1486 sic
2006 1447 2077 1487 effe.

1185 1500 1234 1530 Illi
1242 1505 1321 1530 enlm
1332 1509 1392 1530 non
1401 1496 1599 1540 abnegabant
1613 1500 1797 1530 Canonicum
1819 1498 1988 1528 Romanum
2008 1498 2084 1528 Pon·

1185 1548 1292 1589 rtficem
1307 1571 1316 1586 ,
1343 1553 1515 1588 quicumque
1527 1545 1592 1587 effer
1602 1568 1612 1584 ,
1639 1556 1690 1577 nec
1703 1545 1855 1577 Urbanum
1868 1546 2017 1590 negabant
2030 1546 2082 1589 effe

1187 1596 1359 1638 Pontificem
1390 1620 1401 1635 ‚
1423 1593 1481 1637 sed
1505 1593 1685 1627 dubitabant
1709 1602 1835 1636 propter
1860 1595 1947 1627 illam
1975 1619 1986 1633 ,
2011 1607 2080 1637 quae

1184 1648 1295 1679 mundo
1318 1655 1393 1679 nata
1401 1645 1461 1685 est,
1486 1644 1702 1690 diffenfiwem,
1726 1645 1760 1678 Q&
1777 1653 1901 1687 propter
1917 1645 2086 1685 *dubitatio-

1186 1707 1252 1729 nem
1272 1698 1357 1729 illam
1383 1694 1532 1739 suscipere
1556 1694 1640 1737 quasi
1657 1703 1769 1729 certum
1794 1695 1988 1736 differebant.
2017 1699 2084 1730 Nec

1183 1747 1274 1780 ullum
1280 1748 1430 1785 judicium
1440 1756 1488 1779 eos
1498 1746 1538 1778 ab
1554 1745 1683 1786 Ecclefia
1702 1744 1919 1790 segregaverat
1931 1770 1942 1785 ,
1970 1746 2005 1779 et
2026 1757 2086 1778 om·

1186 1800 1255 1831 nim)
1266 1797 1467 1831 obedientiam
1484 1800 1628 1829 Romanae
1641 1798 1661 1828 5
1662 1797 1728 1829 edis
1741 1805 1841 1829 tenere
1848 1794 2085 1838 sefatebantur,

1183 1849 1216 1880 (5
1235 1845 1289 1890 sub
1312 1845 1484 1888 Profeffione
1507 1845 1682 1879 obedientia·
1703 1848 1835 1879 Romani
1860 1846 2016 1887 Pontificts
2037 1857 2084 1880 me

1185 1896 1387 1941 consecrarunt
1397 1921 1405 1930 .
1433 1900 1570 1938 Denique
1586 1898 1732 1928 Dominus
1745 1897 1833 1938 Papa
1838 1895 1953 1939 silebat
1964 1907 2009 1930 me
2031 1896 2085 1939 effe

1184 1948 1383 1991 consecratum
1397 1971 1407 1987 ‚
1432 1948 1466 1980 (5
1488 1948 1508 1979 ἃ
1526 1945 1631 1989 quibus
1644 1968 1655 1985 ,
1680 1946 1714 1980 ό*
1729 1954 1831 1980 tamen
1853 1946 1985 1981 Pallium
2009 1946 2084 1980 mibi

1184 2010 1242 2031 non
1262 2008 1295 2032 ur
1315 1996 1500 2042 fiblsmatico
1512 2021 1523 2037 ,
1544 1995 1600 2039 sed
1612 2003 1645 2030 ut
1662 2005 1777 2038 accepto
1787 1995 1864 2038 mifit
1875 2020 1887 2035 ,
1914 1995 1994 2037 &fic
2003 1996 2087 2037 quod

1186 2051 1223 2083 de
1232 2048 1404 2091 mefac‘lum
1413 2056 1478 2082 erat
1489 2047 1681 2089 confirmavit
1692 2071 1700 2079 .
1731 2043 1876 2078 Proinde
1886 2044 1920 2079 δε
1929 2044 1939 2078 i
1943 2046 1997 2088 pse
2011 2045 2084 2081 Ur-

1186 2099 1289 2134 banus
1308 2100 1437 2134 censuit
1460 2109 1539 2137 eos,
1566 2096 1622 2138 qui
1649 2096 1682 2128 in
1708 2093 1767 2129 tali
1785 2093 1891 2129 dubio
1910 2105 1978 2129 non
1993 2095 2083 2132 circa

1187 2151 1348 2184 Romanae
1362 2148 1510 2183 Ecclefiae
1533 2143 1760 2179 obedientiam
1772 2169 1784 2185 ‚
1811 2144 1866 2180 sed
1877 2145 1962 2180 circa
1976 2146 2082 2182 solam

1174 2199 1253 2231 ‘veri
1277 2197 1452 2231 Pontificis
1476 2196 1647 2239 personam
1658 2193 1881 2229 haesitaverant
1895 2219 1908 2236 ,
1933 2207 2000 2230 non
2017 2197 2082 2231 effe

1175 2246 1427 2281 schismaticos.
1457 2245 1499 2279 Et
1524 2242 1611 2279 idem
1622 2255 1756 2287 quoque
1780 2246 1873 2279 sensit
1891 2246 2082 2282 Cardinalis

1187 2298 1353 2331 Walterus
1377 2320 1385 2328 .
1418 2295 1459 2329 Ei
1479 2295 1569 2329 enim
1593 2294 1731 2329 relatum
1754 2294 1859 2330 fuerat
1877 2319 1889 2336 ‚
1914 2295 2004 2341 quod
2026 2296 2085 2331 isti

1189 2346 1366 2389 Episcopi,
1393 2345 1426 2378 &
1454 2344 1587 2387 quidem
1601 2346 1752 2386 praesente
1765 2344 1944 2385 Aufeiam,
1969 2347 2085 2391 negas-

1186 2396 1256 2429 sent
1268 2394 1449 2429 Urbanum
1460 2395 1523 2428 effe
1534 2393 1719 2438 legitimum
1744 2395 1866 2439 Papam
1878 2420 1889 2436 ,
1915 2405 2013 2441 atque
2034 2396 2083 2435 it&

1187 2444 1340 2479 Guiberti
1360 2444 1537 2479 factionem
1553 2444 1815 2488 comprobassent
1834 2471 1841 2479 .
1871 2447 1951 2480 Hoc
1962 2455 2083 2491 purgat

1187 2495 1384 2530 Anselmus.
1414 2494 1458 2529 Et
1481 2493 1568 2529 certe
1578 2495 1667 2537 quod
1681 2495 1738 2530 ista
1753 2494 1908 2530 haelitatio
1930 2496 1986 2531 fiat
1997 2498 2083 2533 citra

1184 2543 1321 2580 schisma
1340 2570 1352 2587 ‚
1379 2544 1534 2589 exemplo
1555 2545 1589 2579 &
1612 2544 1710 2579 verbo
1730 2546 1915 2580 docuerunt
1942 2547 2080 2582 Sanetus

1184 2596 1372 2640 Cyprianus
1389 2618 1400 2635 ,
1430 2596 1642 2630 Antonianus
1665 2618 1676 2635 ,
1701 2595 1823 2639 aliique
1849 2598 1956 2640 plures
1991 2596 2080 2631 Afri·

1183 2648 1256 2681 cani
1272 2645 1451 2689 Episcopi,
1476 2645 1534 2687 qui
1558 2644 1592 2679 in
1606 2646 1711 2689 primo
1723 2644 1978 2681 Novatianensis
1999 2658 2080 2681 con·

1185 2707 1232 2731 tra
1254 2698 1408 2732 &nestum
1429 2694 1624 2730 Cornelium
1651 2695 1842 2730 Schismatis
1861 2695 1999 2731 exordio
2019 2696 2080 2730 ali-

1183 2745 1339 2790 quamdiu
1353 2748 1397 2780 ita
1408 2746 1609 2789 cespitarunt
1624 2770 1631 2778 .
1662 2745 1705 2779 Et
1726 2746 1816 2791 plura
1829 2745 2079 2779 suntissiusmo-

1184 2798 1217 2831 di
1240 2796 1429 2832 authentica
1446 2794 1608 2837 exempla.
1635 2794 1805 2828 Evincunt
1829 2794 1892 2828 esse
1902 2803 2008 2828 certos
2025 2805 2078 2830 ca·

1185 2848 1235 2881 sus
1247 2871 1259 2888 ,
1285 2847 1340 2891 qui
1354 2846 1545 2890 permittant
1557 2844 1713 2878 Romano
1724 2843 1880 2878 Pontifici
1892 2843 1970 2879 citra
1979 2843 2077 2883 schiss

1185 2909 1237 2932 ma
1251 2907 1318 2931 non
1330 2894 1570 2930 communicari
1581 2917 1593 2934 ,
1619 2893 1673 2927 sed
1686 2893 1745 2927 soli
1758 2892 1826 2936 ejus
1838 2893 2011 2929 Cathedrae
2027 2905 2076 2931 at-

1184 2959 1247 2993 que
1262 2948 1421 2982 Romana:
1432 2944 1598 2979 Ecclesiae.
1625 2942 1751 2977 Verum
1764 2942 1814 2976 isti
1834 2945 1911 2979 sunt
1930 2945 2012 2984 rari,
2040 2945 2076 2981 dc

1183 2997 1264 3042 opus
1276 2995 1398 3032 habent
1407 2993 1571 3038 exquisito
1581 2991 1709 3037 judicio
1718 3016 1730 3032 ,
1752 2991 1856 3037 immo
1867 2994 1901 3029 ἀ
1912 2995 2075 3039 generalis

1184 3046 1313 3093 Synodi
1334 3044 1543 3081 auctoritate.
1571 3044 1619 3079 Ita
1645 3042 1815 3079 adversum
1838 3042 2010 3079 Photianz
2027 3046 2074 3079 fa-

1183 3099 1306 3134 &ionis
1330 3096 1472 3131 excessus
1483 3093 1591 3129 sanxit
1610 3094 1721 3129 ossava
1736 3094 1907 3137 synodus.
1934 3095 2073 3130 Horum

1183 3149 1336 3184 omnium
1358 3145 1507 3181 discussio
1518 3145 1563 3179 est
1578 3144 1678 3195 longa
1690 3168 1703 3186 ‚
1728 3156 1791 3180 nec
1802 3145 1922 3190 spectat
1937 3144 1980 3180 ad
1989 3153 2072 3187 pra-3

1185 3202 1309 3235 sentem
1328 3197 1516 3232 materiam.

1234 3248 1430 3284 Notandum
1444 3245 1488 3280 est
1501 3269 1512 3285 ,
1539 3242 1630 3290 quud
1653 3244 1744 3289 supra
1759 3244 1910 3281 laudatus
1921 3242 2069 3280 secunda

1185 3297 1445 3344 Carthaginensis
1464 3295 1590 3338 synodi
1603 3296 1736 3331 octavus
1752 3296 1872 3331 Canon
1897 3294 2069 3330 rebellium

1185 3350 1450 3392 Presbyterorum
1476 3345 1783 3391 Para-synagogam
1797 3344 1937 3391 appellet
1961 3342 2068 3388 Schifi

1949 3404 2018 3428 ma.
