2346 3724
371 109 469 170 386

276 196 446 241 Baptizare
459 203 528 228 non
543 192 631 236 posse
648 189 814 227 haereticos
825 190 1021 226 existimasse
1044 189 1172 224 videtur

326 250 471 290 Optatus
497 243 713 278 Milevitanus
745 253 823 291 335.
852 252 879 275 1.
907 241 990 275 Item
1022 241 1172 285 vulgares

324 295 564 340 Apostolorum
587 294 741 329 canones
761 316 772 332 ‚
802 291 935 325 Author
966 291 1169 335 Apostolica-

321 358 397 381 rum
437 345 725 381 Constitutionum
748 365 759 382 ,
785 341 818 375 δε
850 342 985 380 δαηᾶιιε
1011 342 1165 380 Basilius.

325 397 399 431 ibid.
415 396 523 431 Etiam
538 395 673 430 Sanetus
685 391 834 435 Cyrillus
844 391 1170 437 Hierosolymitanus

323 448 451 492 juvenis
464 472 475 488 ‚
501 446 552 479 sed
569 452 702 477 revocat
714 443 809 476 senex
827 467 834 474 .
1041 452 1118 491 335.
1137 451 1168 476 2.

274 498 438 543 Baptizari
451 493 622 540 quomodo
633 492 775 527 debeant
789 491 920 527 muti&
931 491 1018 527 surdi
1033 517 1040 524 .
1059 504 1132 541 159.
1141 501 1167 525 1.

274 548 434 594 Baptizati
458 544 618 591 singulare
638 554 715 578 cum
737 544 815 578 Deo
836 544 967 587 paetum
992 545 1110 579 ineunt
1129 543 1169 576 de

321 596 494 633 subeundo
518 595 676 638 martyrio
691 619 699 626 .
1031 591 1110 638 298.
1138 603 1167 627 2.

272 651 407 685 Sanetus
428 646 594 682 Barnabas
613 644 768 679 fundavit
794 643 976 678 Ecclesiam
998 644 1168 678 Mediola-

325 701 458 733 nensem
471 722 479 730 .
1034 705 1108 741 139-
1136 704 1167 728 2.

272 749 460 785 Bafileenfis
481 745 637 791 Synodus
660 756 728 779 non
741 754 871 779 tantum
895 744 1016 788 Spiritu
1029 745 1168 786 santio,

321 801 374 835 sed
398 801 497 832 etiam
521 807 576 842 per
600 796 778 831 humanam
802 794 993 829 industriam
1008 795 1168 839 acquifitae

319 849 520 883 eruditionis
534 849 627 882 dono
647 846 711 880 fuit
732 844 905 880 destituta.
936 845 1071 892 1665).
1098 846 1168 881 Bo-

320 898 437 933 hemos
449 923 460 940 ,
485 899 519 932 &
534 897 681 932 Huffitas
691 896 750 931 sub
762 895 852 930 salvo
875 896 1040 930 conductu
1054 896 1094 931 ad
1108 897 1168 932 dis-

317 949 503 994 putandum
515 947 645 993 pessime
658 946 833 981 invitavit.
861 945 932 979 ibid.
956 945 1083 982 Frustra
1094 947 1166 981 niti-

318 1011 372 1035 tur
385 1002 508 1036 fastum
523 1000 618 1034 suum
632 1009 688 1043 per
699 996 824 1032 fabulas
835 1007 972 1042 purgare
985 1022 993 1030 .
1094 997 1167 1031 ibid.

267 1050 412 1086 Bafilicae
435 1062 529 1086 novae
550 1061 621 1085 non
638 1047 798 1093 erigendae
811 1071 822 1087 ,
850 1047 908 1082 nisi
921 1047 1103 1092 Episcopus
1121 1048 1168 1083 lo·

315 1113 393 1136 cum
406 1102 551 1147 designet
564 1125 574 1141 ‚
601 1111 638 1134 ac
664 1098 853 1134 benedicat.
1059 1097 1114 1145 85.
1132 1108 1163 1134 2-

266 1150 422 1188 Basilides
432 1162 508 1187 cum
522 1151 674 1187 Martino
685 1148 836 1186 Luthero
849 1158 946 1195 negat
958 1147 1099 1185 liberum
1121 1160 1166 1183 ar-

317 1202 454 1238 bitrium
469 1228 476 1235 .
1066 1197 1119 1236 81-
1133 1211 1163 1236 2-

264 1252 543 1288 Basilidianorum
556 1261 677 1286 errores
690 1274 696 1281 .
1092 1250 1162 1283 ibid

264 1303 401 1339 Sanctus
424 1302 559 1337 Basilius
584 1303 625 1335 de
649 1300 820 1343 Baptismo
842 1299 922 1334 dato
942 1299 984 1334 ab
1007 1298 1165 1336 haereticis

315 1354 410 1387 sensit
436 1363 512 1386 cum
533 1350 726 1394 Cypriane,
753 1350 787 1385 &
804 1350 1019 1386 Fir-miliano.
1050 1348 1104 1398 84'.
1133 1362 1165 1387 2·

315 1403 580 1441 Novatianenses
601 1401 727 1435 censuit
753 1423 764 1440 ,
789 1410 861 1435 non
885 1398 1054 1436 haereticos
1072 1424 1084 1442 ,
1111 1401 1164 1435 sed

315 1454 490 1488 dumtaxat
513 1452 739 1487 schismaticos
751 1474 760 1482 .
1092 1451 1165 1485 ibid.

266 1504 400 1540 sanstus
413 1504 548 1539 Basilius
561 1528 572 1544 ,
599 1504 634 1537 ὅ(
647 1499 813 1536 Eustatius
825 1499 1021 1537 Sebastenfis
1031 1525 1042 1543 ,
1070 1502 1166 1545 primi

327 1555 360 1589 in
374 1554 488 1590 Ponto
501 1553 744 1589 Coenobiorum
755 1551 913 1586 authores
922 1577 930 1584 .
1054 1551 1132 1601 246.
1146 1564 1165 1587 ι.

264 1606 401 1641 Sanctus
416 1605 550 1640 Basilius
571 1604 633 1638 sibi
646 1602 888 1637 ministrantem
905 1601 1100 1637 Diaconum
1113 1603 1167 1637 de-

313 1656 431 1702 gradat
447 1681 459 1698 ,
485 1653 575 1700 quod
605 1652 747 1688 adstanti
767 1651 912 1687 foeminae
938 1653 1059 1687 fixisset
1089 1665 1167 1688 ocu·

314 1708 387 1741 lum
402 1732 410 1740 .
1113 1729 1118 1736 -
1138 1715 1166 1741 1.

266 1755 401 1791 Sanstus
424 1755 560 1791 Basilius
584 1754 765 1789 Valentem
789 1752 979 1799 Augustum
1002 1714 1166 1788 Agrium

316 1805 468 1840 admittit
491 1805 575 1837 intra
597 1805 683 1835 sacra
697 1804 768 1835 vela
781 1826 788 1833 .
818 1813 896 1848 339.
913 1815 940 1837 1.
968 1803 1103 1838 Faetum
1120 1804 1165 1838 est

314 1853 547 1891 admirandum
562 1850 671 1895 potius
684 1874 695 1889 ,
721 1850 819 1892 quam
841 1852 1040 1885 imitandum
1056 1876 1063 1884 .
1090 1853 1161 1886 ibid.

264 1904 424 1950 Beguinae
444 1902 486 1936 de
496 1902 632 1936 Summa
658 1897 847 1937 Trinitate‚
875 1908 913 1930 ac
926 1900 1052 1935 Divina
1067 1903 1168 1937 essen-

315 1956 364 1989 tia
376 1953 545 1997 disputant
558 1949 591 1984 &
609 1947 785 1992 praedicant
800 1971 807 1979 .
839 1945 916 1994 346.
934 1957 968 1982 1·
995 1947 1169 1982 Damnatae

315 2005 336 2040 a
360 2004 537 2038 Clemente
549 2000 669 2044 quinto
686 2022 695 2030 .
1046 1996 1122 2031 ibid.
1134 2009 1167 2034 2.

265 2054 452 2090 Benedidus
463 2078 471 2085 .
500 2050 641 2086 Titulus
653 2048 736 2083 olim
747 2046 831 2083 ade&
844 2046 995 2083 eminens
1007 2070 1019 2088 ‚
1044 2058 1080 2081 ut
1102 2048 1169 2083 Ro-

317 2116 437 2142 manus
457 2102 618 2137 Pontifex
643 2110 713 2134 non
737 2097 871 2132 haberet
895 2098 1149 2133 eminentiorem
1164 2123 1172 2131 .

317 2154 376 2203 48.
405 2168 433 2192 1.
462 2152 656 2188 Attributus
680 2148 903 2193 Martyribus.
928 2149 1006 2182 Ibid.
1032 2149 1117 2183 ltem
1137 2150 1170 2182 fi-

318 2205 447 2244 delibus
471 2202 662 2237 mulieribus
678 2224 685 2232 .
1036 2209 1118 2245 245.
1143 2210 1171 2235 1.

267 2255 488 2302 Berengarius
500 2254 535 2289 in
548 2253 630 2287 festo
643 2248 836 2296 Epiphaniae
847 2248 1020 2285 defunctus
1031 2275 1038 2282 .
1054 2259 1134 2297 249.
1149 2257 1169 2282 ι.

320 2308 393 2343 Sibi
419 2307 515 2341 timet
537 2313 668 2349 propter
682 2312 762 2342 eos,
788 2312 872 2344 quos
892 2310 966 2336 ante
979 2300 1171 2335 seduxerat.

324 2358 401 2392 ibid.

272 2399 413 2447 Sanctus
432 2403 616 2441 Bernardus
627 2402 811 2439 Gallicanae
834 2400 984 2437 Eccleliae
997 2399 1173 2443 Presbyter

324 2458 539 2495 exorcizavit.
792 2487 796 2490 ,
1044 2448 1125 2498 348.
1141 2462 1170 2487 2-

274 2510 428 2555 Bigamia
439 2506 610 2543 succeffiva
625 2516 693 2541 non
705 2503 881 2539 damnatur
911 2501 952 2536 ab
965 2501 1150 2546 Evangelio
1163 2524 1174 2541 ‚

325 2562 360 2594 δε
381 2570 492 2593 tamen
519 2569 561 2592 ex
585 2557 653 2600 ipsa
667 2567 735 2590 non
753 2554 841 2599 posse
852 2553 950 2588 creari
972 2552 1173 2596 Episcopum

324 2609 373 2644 ob
392 2607 555 2642 defeuum
579 2605 799 2644 Sacramenti‚
827 2605 882 2638 seu
894 2605 986 2638 sacrae
1007 2602 1175 2648 fignifica-

326 2660 458 2697 tionis,
485 2656 584 2691 docet
609 2654 816 2700 Augustinus
830 2677 838 2684 .
1065 2661 1121 2698 39,
1142 2661 1174 2688 2-

277 2707 445 2747 Bonifatii
470 2705 603 2739 secundi
627 2702 765 2747 epistola
785 2701 826 2734 ad
840 2700 1010 2737 Eulalium
1031 2700 1177 2735 Alexan—

329 2760 408 2794 driae
435 2753 686 2795 patriarcham,
712 2752 759 2787 est
786 2750 956 2787 manifeste
982 2751 1175 2787 straminea.

331 2808 388 2848 86.
415 2819 449 2846 2-

707 2852 741 2889 C

371 2959 478 3004 Ajana
493 2955 616 2991 haeresis
629 2979 638 2988 .
936 2963 1017 3001 277-
1034 2952 1099 2990 1.&
1112 2953 1176 2996 seq.

365 2998 367 3010 ζ
396 3008 516 3053 Cajani
528 3007 644 3051 Iudam
658 3003 848 3040 traditorem
859 3002 924 3038 esre
931 3003 1065 3038 affinem
1083 3004 1175 3038 suum

330 3062 478 3108 jaffirant
491 3083 499 3091 .
531 3068 608 3106 173.
619 3068 650 3094 2-
679 3054 914 3099 Conscriptum
935 3054 1073 3089 nomine
1087 3054 1177 3098 Judae

333 3109 558 3157 Evangelium
575 3106 807 3143 circumferunt
818 3131 826 3138 .
1101 3103 1176 3137 ibid.

282 3164 372 3200 Cain
386 3158 574 3196 Patriarcha
582 3158 840 3193 Gnosticorum.
1046 3163 1123 3192 100.
1147 3164 1177 3190 1-

285 3213 419 3248 Calvini
455 3220 578 3246 errores
614 3207 656 3243 de
694 3208 801 3242 Sansti
838 3206 928 3242 Petri
954 3204 1172 3249 Episcopatu.

338 3261 416 3300 288.
442 3273 474 3300 2·
497 3261 532 3296 δε
554 3262 620 3305 seq.
645 3258 724 3294 Sine
733 3257 814 3293 teste
832 3256 979 3302 loquitur
990 3267 1033 3290 ex
1047 3253 1177 3299 proprio

340 3311 491 3346 cerebro.
517 3320 599 3359 291.
624 3320 651 3346 ι.
676 3308 777 3344 Error
799 3307 841 3344 de
865 3306 1001 3343 veritate
1022 3304 1177 3340 Euchari-

341 3360 408 3396 stiae
421 3383 436 3393 -μ
451 3362 531 3407 298.
544 3371 575 3408 ι’.
585 3360 723 3399 Calvini
733 3357 913 3405 hypocrisis
927 3357 962 3393 &
976 3354 1120 3392 Ecclesia
1132 3366 1178 3390 re·

342 3410 484 3447 formata
494 3433 504 3443 .
1066 3404 1130 3444 66.
1147 3417 1177 3446 2·

1187 3075 1197 3472 l

877 103 1154 150 INDEX
1225 100 1556 160 Renum,

1232 188 1418 224 Calvinistae
1431 189 1568 224 Geufios
1581 189 1613 223 se
1636 188 1717 225 recte
1739 192 1904 235 appellant
1916 217 1924 226 .
2024 194 2079 243 78.
2093 209 2126 235 2.

1232 240 1389 274 Canones
1413 263 1423 280 ,
1445 242 1499 274 seu
1522 240 1658 285 Regulae
1681 252 1814 277 morum
1836 243 2087 289 distinguuntur
2107 248 2127 283 a

1282 290 1415 336 Regula
1439 289 1535 325 fidei.
1566 288 1643 338 368.
1658 303 1688 327 2.
1716 291 1799 325 Sunt
1823 294 1919 335 vitae‚
1945 296 1978 329 ὃς
1995 287 2126 333 morum

1280 341 1502 386 probabilium
1525 341 1698 384 disciplina
1713 366 1721 375 .
1748 341 1820 374 ibid.
1846 341 1883 375 In
1899 345 2043 388 synodis
2056 359 2126 382 „011

1282 392 1497 434 conduntur,
1524 392 1582 426 nisi
1604 393 1736 436 peractis
1759 391 2009 436 definitionibus
2024 398 2123 433 fidei.

1280 443 1352 477 ibid.
1377 443 1461 477 Sunt
1483 442 1701 487 Apostolica‚
1730 453 1786 477 aut
1809 442 1896 476 certe
1916 444 2126 490 Apossohco.

1281 503 1353 528 rum
1377 492 1512 528 Patrum
1535 494 1716 528 constituta
1742 518 1750 526 .
1776 493 1848 526 ibid.
1877 494 1961 529 Sunt
1984 487 2126 535 secundi

1280 543 1348 577 Dei
1359 544 1491 587 eloquia
1502 567 1509 576 .
2016 550 2056 595 36
2062 560 2091 598 9,
2102 563 2122 584 1·

1231 593 1411 633 Canonum
1433 593 1653 638 praevaricatio
1676 594 1721 629 est
1744 594 1849 639 lapsus
1876 593 2120 635 haereticorum.

1281 653 1350 691 351.
1379 657 1398 678 1.

1231 694 1410 780 Cangnum
1433 693 1703 730 Praevaricatores
1725 695 1766 731 de
1780 707 1876 740 prava
1889 696 1954 731 fide
1971 698 2122 741 suspecti.

1282 756 1301 793 3
1330 754 1359 789 9·
1390 756 1418 781 1.

1230 795 1349 830 Carnis
1363 795 1570 830 Resurrestio
1580 796 1663 830 olim
1677 796 1857 840 postremus
1871 797 1946 832 fidei
1959 796 2125 838 articulus.

1279 857 1333 894 93.
1361 856 1389 881 1.
1418 846 1559 883 Ecclesia
1586 846 1804 891 Aquilejenfis
1835 847 1966 884 addidit
1984 873 1992 882 .
2020 852 2126 891 Hujus

1277 902 1397 935 carni-5.
1806 937 1808 939 ι
2048 901 2125 937 ibid.

1229 947 1370 983 Castitas
1392 945 1655 983 patriarcharum
1677 948 1711 982 δε
1735 946 1978 992 Prophetarum
2009 949 2050 985 V.
2077 949 2124 984 T.

1279 1009 1349 1033 non
1367 997 1504 1031 inferior
1514 998 1663 1033 castitate
1674 999 1863 1039 Saustorum
1885 999 1930 1034 N.
1945 999 1989 1034 T.
2044 1011 2125 1046 31.1.

1228 1047 1532 1084 Catechumenatus
1567 1048 1613 1082 est
1651 1049 1840 1085 institutum
1867 1049 2126 1095 Apostolicum.

1278 1106 1347 1145 3¹7·
1363 1106 1395 1131 1.
2101 1111 2105 1119 =

1231 1146 1532 1184 catechumenatus
1548 1145 1797 1185 Valentinianis
1820 1148 2061 1185 extendebatur
2081 1135 2126 1184 ad

1279 1208 1370 1233 totos
1381 1197 1528 1242 quinque
1543 1207 1648 1234 anuos
1660 1220 1668 1229 .
1998 1198 2077 1246 336.
2094 1209 2124 1235 1.

1230 1247 1511 1289 Catechumenia,
1538 1247 1592 1286 seu
1614 1244 1791 1286 Auditoria
1812 1247 1896 1282 olim
1918 1248 2054 1284 fuerunt
2067 1247 2128 1283 du-

1279 1299 1379 1346 plicia
1392 1323 1399 1330 .
1994 1309 2072 1346 322.
2091 1308 2126 1333 2..

1230 1348 1472 1387 Catechumeni
1496 1347 1538 1386 ad
1567 1347 1748 1386 Ecclefiam
1765 1372 1777 1389 ‚
1807 1348 1858 1382 vel
1891 1348 2127 1393 Baptisterium

1281 1412 1350 1436 non
1371 1398 1568 1434 'admittendi
1589 1423 1598 1432 .
1628 1408 1707 1447 320.
1730 1409 1763 1435 2.
1791 1399 1941 1444 Ipsorum
1976 1399 2070 1438 locus
2090 1399 2129 1435 in

1282 1450 1426 1489 Basilica:
1439 1448 1602 1487 vestibulo
1615 1474 1622 1482 .
2052 1448 2129 1483 ibid.

1231 1499 1470 1536 Catechumeni
1491 1498 1532 1534 ad
1551 1499 1719 1544 publicum
1743 1498 1812 1534 Dei
1838 1498 1972 1537 verbum
1998 1498 2130 1539 admiffi

1280 1554 1367 1588 intra
1388 1551 1587 1586 Ecclefiam.
1617 1561 1717 1600 34¹·¹·
1743 1551 1865 1589 Forsan
1889 1550 1924 1586 id
1945 1550 2068 1585 fastum
2090 1550 2130 1597 iga

1276 1603 1420 1648 gratiam
1436 1601 1651 1636 Constantini
1664 1625 1672 1633 .
2049 1599 2129 1634 ibid.

1230 1651 1471 1688 Catechumeni
1483 1651 1675 1691 arcebantur
1684 1651 1704 1686 a
1715 1649 1886 1695 spectanda
1908 1651 2132 1692 consecratio-

1280 1714 1321 1738 ne
1345 1702 1558 1737 Chrismatis.
1585 1711 1707 1750 325.1.
1733 1702 1817 1737 ltem
1827 1700 1870 1739 ab
1880 1700 1976 1736 omni
1997 1699 2132 1746 publica

1280 1753 1431 1790 oratione
1449 1777 1461 1795 ,
1486 1753 1521 1788 ἀ
1544 1751 1701 1793 Clericali
1733 1752 1995 1788 Consecratione
2015 1776 2024 1784 .
2053 1749 2127 1785 ibid.

1280 1805 1365 1839 Item
1381 1805 1399 1838 a
1413 1803 1610 1847 Baptisterio
1621 1827 1628 1835 .
2004 1799 2078 1834 ibid.
2095 1809 2129 1835 2.

1232 1853 1476 1890 Catechumeni
1503 1852 1725 1893 frequentibus
1752 1849 2039 1893 praedicationibus
2068 1849 2134 1892 im·

1282 1902 1407 1940 buendi
1420 1925 1430 1941 ,
1443 1901 1477 1934 &
1490 1898 1531 1934 ad
1543 1899 1743 1941 Martyrium
1755 1899 1951 1934 exhortandi
1964 1924 1971 1931 .
2000 1897 2082 1945 298.
2094 1908 2128 1934 2.

1231 1948 1475 1983 Catechumeni
1489 1955 1559 1979 non
1570 1946 1692 1981 debent
1710 1945 1881 1987 baptizatis
1901 1951 1964 1985 asse
1986 1949 2130 1985 familia.

1283 2008 1353 2032 res.
1836 1994 1916 2040 316-
1947 2006 1980 2032 2-
2000 1996 2040 2029 δε
2056 1992 2130 2042 seq.

1234 2043 1477 2088 Catechumeni
1488 2043 1572 2079 olim
1581 2042 1842 2079 discutiebantur
1853 2044 1958 2090 rigide*
1967 2068 1981 2087 ,
2005 2056 2044 2080 ac
2057 2057 2133 2091 pro-

1285 2097 1466 2135 babantur.
2014 2104 2085 2145 ²3¹·
2105 2108 2131 2139 r.

1238 2146 1501 2184 Catechumenis
1528 2144 1667 2190 plurima
1689 2143 1962 2188 occultabantur,
1988 2144 2132 2187 uttantd

1285 2197 1452 2234 ardentius
1463 2194 1656 2231 anhelarent
1668 2195 1709 2229 ad
1723 2195 1941 2239 Baptismum.
1997 2204 2076 2244 325.
2094 2206 2131 2238 ι.

1235 2247 1476 2286 Catechumeni
1499 2246 1660 2281 sacrificio
1689 2245 1796 2281 Miffae
1830 2257 1899 2281 non
1932 2246 2131 2283 intererant.

1288 2309 1370 2348 323.
1383 2311 1414 2338 2.
1442 2297 1475 2333 ὅ(
1490 2300 1551 2341 seq.

1238 2349 1479 2385 Catechumeni
1503 2358 1652 2392 tempore
1672 2346 1875 2382 Tertulliani
1900 2358 1968 2382 non
1980 2345 2133 2387 admitte-

1287 2401 1406 2435 bantur
1428 2398 1469 2433 ad
1494 2398 1695 2432 audiendum
1706 2398 1772 2432 Dei
1795 2397 1829 2432 in
1844 2397 1983 2433 Ecclesia
1995 2396 2132 2435 verbum

1285 2462 1363 2485 cum
1378 2449 1543 2484 fidelibus.
1572 2457 1639 2495 3²¹·
1655 2459 1683 2484 1.
1712 2447 1853 2483 Admiffi
1867 2459 1975 2484 tamen
1998 2449 2131 2486 fuemnt

1286 2501 1357 2546 post
1371 2499 1482 2534 datam
1495 2510 1548 2543 per
1556 2498 1812 2532 Constantinum
1828 2498 1978 2531 Ecclefiis
1990 2508 2102 2540 pacem
2121 2520 2131 2529 .

1286 2551 1361 2584 ibid.
1375 2550 1457 2585 Non
1465 2559 1575 2584 tamen
1589 2549 1623 2582 in
1639 2547 1796 2585 omnibus
1810 2547 1971 2581 locistid.
1982 2547 2064 2582 Non
2077 2557 2132 2582 au-

1286 2601 1438 2635 diverunt
1448 2599 1583 2633 verbum
1592 2598 1656 2632 Dei
1669 2598 1762 2640 simul
1774 2608 1850 2631 cum
1864 2597 2021 2633 fidelibus.
2023 2605 2131 2641 3224.

1237 2649 1565 2686 Catechumenorum
1593 2647 1701 2682 classes
1727 2648 1874 2690 quinque
1895 2659 1903 2679 :
1941 2645 2133 2688 Christiani,

1287 2701 1448 2735 audientes
1476 2723 1487 2739 ,
1513 2697 1657 2738 Subflratr
1680 2722 1691 2737 ,
1719 2701 1839 2731 Initiari
1859 2719 1871 2736 ,
1896 2701 2105 2740 competentes
2121 2719 2134 2729 .

1286 2761 1354 2798 34¹.
1372 2764 1402 2788 2.
1430 2750 1488 2793 qui
1516 2749 1615 2782 Eleffl
1637 2758 1817 2790 vocantur,
1843 2759 1912 2782 non
1923 2747 2132 2783 constituunt

1287 2802 1415 2835 classem
1433 2799 1636 2833 distinciam.
2016 2806 2096 2846 342.
2108 2806 2133 2830 ι.

1238 2850 1561 2888 catechumenorum
1581 2846 1701 2894 gradus
1727 2846 1843 2883 diverfi
1865 2870 1875 2880 .
1902 2858 1970 2898 3¹7·
1991 2857 2072 2885 i.,2.
2097 2844 2134 2882 δε

1287 2904 1349 2947 seq.
1378 2911 1446 2950 341.
1464 2912 1492 2938 1.
1516 2900 1549 2934 δε
1570 2900 1632 2944 seq.

1238 2952 1404 2988 Cathedra
1417 2950 1615 2995 Apostolica
1629 2960 1696 2984 non
1708 2948 1754 2984 est
1766 2948 1826 2983 nisi
1842 2972 1853 2990 ‚
1879 2958 1980 2994 quam
1993 2946 2136 2997 insedit»,

1288 3005 1323 3039 ἀ
1344 3001 1495 3042 fundavit
1506 3001 1640 3036 sanstus
1653 2999 1788 3035 Petrus.
1819 3009 1893 3048 343.
1907 3011 1932 3033 1.
1958 2998 2041 3036 Sunt
2054 3006 2134 3036 tres.

1289 3054 1445 3089 Romana
1455 3075 1468 3094 ‚
1483 3050 1710 3088 Alexandrina
1722 3074 1734 3091 ,
1758 3051 1796 3088 ἀ
1806 3050 2035 3086 Antiochena.
2057 3044 2129 3081 ibid-

1239 3103 1395 3138 catholica
1423 3127 1430 3135 .
1468 3101 1550 3137 Vox
1574 3101 1621 3136 est
1649 3100 1812 3136 haereticis
1835 3101 1961 3146 semper
1998 3096 2132 3138 odies·-

1239 3165 1369 3240 Ceriiiis
1376 3162 1600 3239 'freffiiiiliauo
1620 3202 1711 3238 idem
1732 3200 1779 3237 est
1791 3225 1804 3244 ‚
1828 3201 1920 3247 quod
1936 3179 2126 3239 effum-

2010 3303 2089 3342 303·
2100 3302 2128 3339 ἔ·

1239 3255 1413 3341 Cer²it602ne2s
1421 3304 1616 3341 Homer-iani
1626 3328 1638 3345 ‚
1664 3303 1699 3338 &
1709 3301 1891 3349 virgiliani
1901 3322 1908 3331 -

1240 3356 1412 3391 Centones
1431 3355 1470 3391 P.
1495 3354 1585 3392 Petri
1608 3353 1779 3391 Vinckelii
1798 3361 1841 3387 ex
1862 3344 2001 3383 vestibus
2014 3343 2112 3388 Virgi

1288 3405 1399 3442 lianis.
2003 3404 2080 3443 304.
2098 3404 2128 3430 1.

1943 3445 2081 3487 Qexdon
