2346 3724
290 244 394 292 Qod
430 237 538 290 ipssim'
559 235 792 276 affirmant&
814 241 872 276 alii
908 240 1017 285 paffim
1048 242 1179 276 Patres.

294 293 383 327 Nam
410 290 535 326 &hinc
544 292 755 336 professarum
777 292 944 335 utriusque
967 292 1057 326 sexus
1071 292 1182 337 Virgi-

290 355 372 378 num
393 344 514 378 sacram
529 341 650 376 vestem
675 341 856 376 Orientalis
879 342 1019 380 Ecclesia
1040 343 1180 387 postmo-

291 393 371 428 dum
386 392 560 436 appellavit
576 392 743 436 Angelicum
752 390 902 427 habitum.

337 441 441 493 Quod
466 439 875 487 Magnus'Constantinus
901 442 1002 476 sacras
1024 441 1180 487 Virgines

287 492 385 528 fuerit
406 492 531 526 summe
556 492 747 532 veneratus,
771 491 907 526 testatur
931 492 1030 526 etiam
1052 493 1085 525 in
1112 492 1178 534 ejus

113 550 143 583 1..
154 561 180 590 4.
191 554 272 587 0123·
286 544 354 578 vita
370 542 529 579 Eusebius
544 541 754 576 Caeihraeenfis
769 555 780 575 :
806 541 1018 583 Constantinus
1038 547 1178 574 maximis

283 605 334 630 eos
350 592 503 626 bonoribus
512 590 742 635 prosequebatur
754 617 763 632 ‚
790 600 844 634 qut
856 599 955 626 vitam
963 591 1052 636 suam
1063 592 1176 631 Coelesti

284 641 484 686 Philofhpbiae
512 642 689 686 dedicassem
711 665 718 673 .
744 639 1048 686 sanc‘iiffimumsergo
1067 650 1174 684 perpe·

287 702 409 727 tuarum
433 697 590 736 Virginum
614 701 718 725 caetum
729 691 888 732 constanter
898 692 1028 732 colebat,
1054 693 1134 735 quod
1142 698 1175 726 in

283 754 385 778 earum
395 742 546 777 mentibus
559 744 654 775 Deum
666 739 760 784 ipsum
772 765 783 782 ,
808 748 855 775 cui
862 741 896 785 se
909 741 1152 786 consecraverant
1165 767 1176 782 ,

284 792 455 827 inhabitare
474 793 624 826 crederet.
653 790 817 826 Diabolus
837 817 849 834 ,
876 791 954 826 licet
978 803 1110 827 carnem
1138 804 1174 827 ae

281 842 351 887 ejus
373 842 547 877 libidinem
569 853 637 876 non
660 840 779 876 habeat
799 864 812 881 ,
837 841 933 876 nullo
957 852 1071 877 tamen
1093 842 1174 877 vitio

281 889 388 937 magis
400 891 594 933 detestatur,
620 892 717 936 quam
740 889 877 926 humani
898 892 1042 936 corporis
1062 904 1169 926 corru-

280 941 468 989 ptionibus.
496 941 616 976 Nostra
632 941 758 987 quippe
778 952 915 984 corpora
942 953 980 976 ac
1005 942 1172 986 praesertim

280 991 402 1036 inipsis
416 991 726 1028 habitantesanimae
736 992 810 1025 sunt
834 991 966 1026 Divinae
988 990 1172 1036 Maiestatis

280 1041 467 1077 habitacula
494 1053 532 1076 aa
560 1041 681 1086 templa
694 1066 706 1083 ,
724 1049 802 1085 qum
819 1041 1035 1086 nullo-quim
1047 1042 1109 1076 isto
1122 1042 1172 1076 vi-

279 1092 331 1127 tio
342 1092 448 1136 magis
463 1091 681 1137 polluuntur,
706 1091 939 1136 profanantur,
966 1104 1005 1128 ae
1025 1102 1173 1128 evertun-

278 1152 352 1177 tur.
379 1142 474 1176 Hinc
489 1142 545 1177 ille
557 1153 612 1187 per
625 1142 779 1189 Paganos
789 1140 1002 1188 Imperatores
1023 1143 1172 1189 promqu

278 1192 372 1237 gavit
387 1191 570 1228 duriffimas
581 1189 668 1239 leges
682 1194 715 1228 in
730 1193 862 1239 quosvis
873 1190 1022 1228 coelibes.
1050 1194 1105 1229 De
1121 1192 1171 1227 his

276 1242 389 1277 scribit
410 1243 446 1277 in
471 1242 574 1278 Libro
597 1243 638 1278 de
661 1243 783 1279 Viduis
803 1239 938 1279 sanaus'
957 1244 1170 1280 Ambrosius:

275 1293 362 1326 vnde
387 1294 477 1331 <viiii
489 1316 501 1337 2
526 1300 578 1337 qui
591 1297 718 1329 Deorum
725 1291 849 1338 suorum*
872 1295 1023 1329 adulteria
1049 1297 1084 1329 (²5
1102 1297 1168 1336 pro·

276 1342 335 1375 bra
355 1340 542 1392 venerantur
559 1350 581 1390 ‘‚
608 1345 770 1379 celibatu:
806 1347 842 1379 6·
862 1346 1027 1379 Viduitatt's
1041 1342 1170 1382 statuere

272 1398 414 1434 paenas'3'
433 1402 468 1426 ut
478 1395 580 1427 aemuli
593 1400 752 1428 criminum
766 1395 948 1428 mulcvarent
965 1394 1066 1434 studia
1076 1395 1180 1429 vimi-⁴

273 1447 340 1474 tum
352 1466 359 1474 .
385 1443 485 1483 specie
505 1444 626 1485 quidem
647 1449 709 1486 qua
730 1440 1170 1486 summitatem-quererent,

271 1489 431 1534 fidstudio
443 1486 499 1536 que
511 1487 690 1534 Propositum
701 1488 844 1534 castitatis
859 1493 1011 1527 abolerent
1029 1517 1037 1524 .
1063 1491 1178 1539 Qud·

272 1541 372 1576 hasce
408 1542 498 1586 ieges
533 1542 568 1575 in
594 1542 765 1576 Sacra'rum*
782 1540 962 1576 nostrarum
988 1542 1168 1586 Virginum

252 1590 256 1594 ’
274 1588 414 1636 gratiam
444 1587 684 1639 Constantinus
713 1589 965 1626 circumduxerit
987 1616 998 1631 ,
1030 1590 1168 1625 ‘testatur

114 1629 191 1672 ω·
211 1631 256 1660 ²⁶·
275 1641 363 1676 idem
379 1641 538 1676 Eusebius
551 1667 559 1674 .
586 1641 740 1684 Ejusdem
754 1642 874 1676 mentis
901 1652 938 1675 ac
951 1641 1080 1684 pietatis
1094 1641 1168 1674 fuis-

274 1692 309 1726 ἡ
320 1691 470 1726 διηᾶειηι
483 1691 696 1726 Constantini
714 1701 850 1726 matrem
869 1691 1034 1725 Helenam
1052 1690 1168 1725 [scribit

90 1747 258 1787 Luc-13,
276 1736 460 1788 Socrate&
473 1744 597 1788 'Helena
619 1746 756 1786 Virgines
772 1764 784 1781 ,
807 1753 874 1784 quae
896 1740 1101 1783 Ecclefiasticae
1123 1747 1169 1774 vif

274 1793 370 1827 vendi
382 1793 490 1836 regutae
497 1790 532 1838 si·
540 1790 781 1838 consecraverant
794 1817 806 1833 ‚
831 1793 876 1824 ad
890 1793 994 1834 epulas
1004 1790 1168 1830 invitabat,

277 1840 344 1886 ipsa
364 1841 425 1875 iilis
449 1841 638 1882 ministrabat
658 1864 671 1883 ,
703 1840 822 1885 obsonia
851 1839 960 1884 mensae
981 1840 1148 1884 apponebat
1160 1866 1167 1874 .

279 1891 498 1929 Devotiffima
511 1892 666 1937 Princeps
676 1891 722 1928 ita
733 1892 802 1937 egit
813 1903 854 1926 ex
866 1888 1000 1936 antiqua
1013 1890 1168 1926 Christia-

275 1941 511 1989 nitatisregula
523 1966 536 1984 ,
561 1942 706 1988 quamin
721 1942 805 1976 libro
825 1942 867 1977 de
886 1941 1035 1975 velandis
1059 1939 1168 1986 Virgi-

116 2017 163 2052 α
212 2026 225 2049 ¹
274 1993 375 2028 nibus
387 1992 499 2028 laudat
509 1992 618 2028 noster
629 1991 824 2037 Septimius:
852 1996 1048 2025 Fraternitas
1071 1994 1167 2035 Virgi-

161 2025 194 2058 P⁴
231 2024 259 2056 ᾧ
274 2041 433 2085 nessae-113
439 2040 581 2084 ,ΜΞ-φη.
609 2041 716 2078 Addit
729 2042 820 2087 quod
833 2047 912 2075 omni
923 2041 1028 2076 honore
1053 2043 1088 2075 ό·
1099 2040 1167 2073 cba-

274 2097 381 2128 ritatis
403 2096 572 2134 operatione
591 2093 739 2125 cumulare
767 2093 786 2125 ci
802 2092 960 2134 fratribus
974 2116 986 2133 ‚
1011 2089 1165 2126 omnium

275 2141 384 2179 oculis
403 2141 535 2176 -attendi
552 2166 564 2182 ‚
590 2140 739 2175 omnium
775 2138 890 2185 digitis
925 2140 1165 2182 demonstrari,

276 2189 379 2228 amari
393 2191 534 2226 nimium
547 2215 557 2232 ‚
584 2200 622 2225 ac
634 2191 787 2225 omnium
798 2191 1005 2233 amplexibus
1029 2191 1064 2225 ἀ
1073 2192 1167 2224 oseu-

277 2244 319 2280 lis
342 2242 447 2284 excipi
459 2240 710 2280 consueverint,
735 2241 769 2274 &
788 2239 878 2283 quod
892 2237 1017 2273 {horum
1040 2238 1166 2273 ambitu

277 2291 526 2335 circumscriptae
537 2290 684 2333 quaedam
703 2300 774 2323 nou
788 2300 829 2324 ex
851 2289 1013 2332 religione
1026 2310 1036 2325 ‚
1062 2287 1116 2322 sed
1126 2298 1167 2322 ex

277 2343 488 2377 emulatione
499 2342 695 2383 susciperent
715 2337 800 2371 istud
814 2336 1018 2379 Propositum
1033 2358 1046 2375 ,
1070 2343 1167 2379 atque

275 2393 327 2434 ita
336 2391 394 2426 sub
406 2393 468 2426 isto
482 2392 561 2425 fuco
573 2390 718 2424 colerent
728 2386 839 2420 Deum
850 2394 996 2420 ventrem
1006 2410 1013 2417 .

328 2442 434 2477 Addit
443 2441 579 2476 Sanctus
601 2435 815 2476 Athanasius,
843 2433 933 2479 quod
953 2435 1052 2468 etiam
1077 2432 1167 2467 Geu-

274 2491 353 2528 t'iles
379 2489 463 2524 istud
490 2490 561 2524 vitae
582 2499 686 2533 genus
707 2487 876 2520 censerent
900 2483 973 2518 vete
985 2483 1167 2524 Divinum,

277 2542 421 2591 ideoque
447 2540 481 2573 δι’
501 2537 626 2572 summe
638 2534 884 2571 venerarentur.
913 2535 1024 2569 Etiam
1047 2532 1165 2577 Judaei.

277 2592 370 2627 Nam
381 2587 472 2636 quod
486 2586 586 2623 Philo
597 2587 720 2631 Judaeus
730 2611 741 2628 ,
768 2595 865 2629 quem
879 2595 948 2618 non
970 2584 1061 2618 fuifle
1074 2581 1167 2616 Chri-

280 2641 423 2679 stianum
446 2639 588 2675 affirmat
608 2637 643 2671 in
656 2635 830 2671 illustrium
850 2635 993 2668 virorum
1016 2632 1167 2677 catalogo

276 2693 412 2727 Sanctus
428 2691 663 2732 Hieronymus
683 2712 696 2728 ,
733 2686 855 2719 nostras
886 2684 988 2718 sacras
1012 2682 1168 2727 Virgines

276 2741 405 2776 summe
416 2738 656 2785 predicant-it,
682 2734 826 2772 offendit
839 2746 881 2769 ex
891 2734 960 2777 ejus
979 2732 1082 2767 verbis
1094 2743 1168 2776 prae-

104 2782 137 2816 ¹⁴¹
146 2788 206 2813 “e·
219 2783 261 2811 ¹⁶·
278 2792 363 2827 fatus
375 2791 534 2826 Eusebius
544 2816 552 2824 .
617 2789 678 2824 uin
705 2787 740 2821 &
751 2786 809 2829 ipfi
819 2783 1011 2818 Christianae
1022 2782 1168 2827 Religio·

279 2843 331 2876 nis
353 2842 447 2885 jurati
469 2840 601 2882 hostes,
655 2836 823 2885 aganique
842 2834 881 2868 *&
895 2833 1026 2868 Barbari
1049 2833 1167 2867 Turcae

280 2891 417 2925 eandem
427 2891 581 2926 virtutem
593 2892 627 2926 in
641 2886 740 2925 nobis
751 2886 952 2921 admirantur
976 2885 1009 2918 &
1028 2882 1142 2917 colunt
1159 2907 1165 2915 .

280 2940 583 2976 sanctimonialium
604 2937 809 2974 Monasteria
820 2937 894 2969 suut
911 2934 996 2978 apud
1010 2933 1088 2968 istos
1107 2934 1167 2967 im-

281 2989 503 3034 pudiciffimos
521 3014 532 3029 ‚
558 3001 626 3023 non
646 2990 756 3024 minus
776 2986 877 3032 quam
901 2984 987 3028 apud
1010 2995 1072 3017 nos
1092 3007 1104 3025 ,
1130 2983 1165 3016 in

283 3038 437 3074 omnibus
456 3038 647 3073 securissima
668 3064 675 3071 .
713 3039 837 3074 Nescio
869 3045 970 3080 quem
995 3033 1166 3073 Turcam3

284 3085 374 3134 quod
385 3088 493 3124 ebrius
504 3087 732 3123 inistiusmodi
744 3085 904 3123 Coenobii
926 3092 1054 3128 portam
1078 3082 1167 3117 fecis-

285 3141 332 3174 set
342 3138 516 3173 violentias
528 3161 540 3179 ,
564 3137 656 3172 fuisse
673 3138 766 3172 asnis
777 3139 972 3172 damnatum
998 3132 1106 3167 scribit
1131 3133 1166 3166 in

285 3186 467 3224 orientalis
499 3198 537 3222 ac
554 3187 786 3222 'Occidentalis
813 3185 966 3221 Ecclesia
986 3182 1167 3217 concordia

112 3239 146 3275 3.-
161 3248 189 3276 4·
208 3233 272 3269 08·
289 3237 360 3271 Leo
373 3237 533 3272 Allatius.
560 3235 665 3271 Addit
676 3232 943 3272 sanctimoniales
957 3258 968 3273 ,
994 3233 1074 3267 dum
1096 3233 1167 3266 suas

292 3295 431 3321 texturas
440 3286 562 3322 Turcis
580 3286 749 3328 vendunt,
772 3287 871 3322 etiarn
892 3283 977 3328 apud
994 3282 1167 3317 militarem

291 3336 508 3386 petulantiam
516 3337 577 3374 effe
594 3337 768 3376 insumma
787 3334 982 3374 reverentia·
1011 3332 1168 3379 Virgina-

827 157 1371 206 'Senott

1439 170 1472 202 0
1542 161 1635 203 ΝΤ·

1244 239 1284 275 lis
1305 239 1476 285 integritas
1496 238 1583 284 apud
1595 236 1746 275 Gentiles
1758 238 1933 275 Romanos
1943 239 2006 274 fuit
2014 240 2101 275 tanti
2113 256 2126 281 -,

1243 301 1280 325 ut
1300 290 1448 334 capitalis
1468 291 1568 325 etiam
1579 289 1725 325 criminis
1742 301 1830 325 ream
1842 289 2037 335 Virginem,
2065 290 2125 323 nisi

1242 340 1328 385 prius
1340 340 1514 384 stupratam
1526 363 1537 380 ,
1565 350 1670 374 tortor
1679 349 1811 386 tangere
1822 350 1890 374 non
1903 340 2005 383 poss‘et
2017 365 2030 381 ‚
2055 341 2128 374 lon-

1241 391 1284 436 ge
1294 390 1403 426 minus
1412 390 1560 425 occidere
1573 414 1580 421 .
1608 388 1711 424 Salaei
1739 389 1872 425 cuidam
1884 390 2002 433 Juveni
2023 390 2126 425 trade

1242 441 1336 475 batur
1347 439 1436 485 prius
1459 439 1629 483 stupranda
1641 464 1649 471 .
1674 439 1777 474 Hunc
1797 440 1890 474 fuisse
1908 441 2032 475 avitum
2055 441 2125 476 Ro-
2141 433 2238 466 L·3·c·
2251 432 2301 459 ‘5¹‘

1242 502 1345 525 manae
1378 490 1583 539 Reipublicae
1610 499 1733 524 morem
1753 490 1911 525 testantur
1947 491 2124 526 Svetonius
2137 511 2169 541 L·
2193 511 2240 546 56·

1240 540 1479 585 Tranquillus,
1507 538 1578 574 Dio
1599 539 1744 580 Caffius,
1769 539 1805 574 ὄε
1825 539 2003 575 Cornelius
2021 542 2125 576 Taci-

1240 600 1293 625 tus
1321 615 1328 622 .
1365 590 1477 638 Qam
1500 589 1608 636 legem
1634 591 1799 625 servarunt
1819 591 1921 624 etiarn
1940 589 1976 624 in
1997 590 2124 626 nostras

1240 640 1399 686 Virgines
1411 665 1419 674 .
1444 639 1538 675 Hinc
1547 640 1655 684 plures
1668 665 1679 681 ,
1705 650 1879 684 antequam
1891 640 2058 684 Mat-tyrio
2068 638 2138 677 σφ’

1238 701 1395 726 sonarent
1414 714 1425 732 ,
1462 700 1616 725 curarunt
1650 691 1686 724 dc
1713 698 1880 725 tentarunt
1913 690 2124 735 stuprandas.

1238 740 1364 775 Verum
1376 740 1538 786 Angeliea
1549 738 1696 774 custodia
1719 740 1802 783 ipsas
1824 740 1937 783 paffim
1954 742 2100 786 protexit
2111 766 2121 774 .

1239 790 1378 836 lnfignia
1404 789 1552 834 exempla
1577 788 1735 824 habemus
1756 788 1791 821 in
1825 789 1941 824 Sancta
1963 791 2123 836 Agnete,

1236 841 1347 876 Sancta
1369 841 1520 884 Serapia,
1546 851 1585 874 ac
1605 838 1720 874 Sancta
1740 837 1865 874 Lucia.
1893 839 1937 874 Et
1962 839 2022 875 ista
2044 841 2125 875 San-

1236 892 1362 925 &orum
1371 889 1578 936 Angelorum
1590 887 1750 933 protec‘tio
1768 887 1929 934 compulit
1939 889 2123 934 Tyrannos

1236 941 1254 974 ὲ
1266 943 1320 975 sua
1334 942 1406 986 lege
1429 942 1462 975 ὄε
1474 939 1637 986 flagitiosa
1651 940 1771 983 pietate
1787 939 1966 974 discedere.
1994 940 2045 974 Ex
2066 951 2121 975 eo-

1234 991 1309 1025 dem
1332 991 1499 1034 virginalis
1522 989 1718 1034 integritatis
1738 1000 1850 1024 amore
1875 991 1951 1023 suas
1972 989 2122 1024 Vestales

1235 1040 1417 1076 habuerunt
1429 1042 1463 1074 in
1478 1039 1678 1075 authoritate
1701 1051 1739 1073 ac
1752 1040 1931 1074 reverentia
1944 1064 1952 1071 .
1978 1039 2016 1072 ln
2029 1049 2120 1074 tanta

1234 1091 1412 1126 reverentia
1425 1116 1436 1132 ‚
1462 1100 1500 1125 ut
1520 1101 1632 1125 earum
1656 1090 1794 1124 violatio
1813 1090 1967 1124 meruerit
1979 1089 2121 1133 capitale

1236 1142 1315 1175 vivae
1328 1140 1518 1175 defoffionis
1528 1139 1724 1185 supplicium
1734 1164 1745 1180 ,
1771 1139 1806 1174 &
1819 1137 1913 1183 hujus
1933 1139 2119 1183 exequendi

1233 1190 1328 1226 locus
1347 1191 1499 1235 singulari
1522 1190 1636 1235 elogio
1648 1190 1816 1224 diceretur
1836 1201 1968 1232 campus
1987 1190 2120 1224 scelerae

1233 1251 1286 1275 tus
1303 1266 1310 1274 .
1351 1239 1477 1275 Verum
1506 1240 1567 1275 ista
1588 1239 1774 1285 Virginitas
1810 1240 1873 1274 fuit
1909 1238 2119 1282 temporalis.
2158 1284 2162 1286 ἡ
2229 1271 2231 1274 ,
2267 1271 2270 1275 ,
2287 1254 2296 1268 r

1233 1290 1335 1338 Qod
1361 1290 1431 1334 post
1453 1290 1586 1325 emerita
1608 1291 1766 1324 castitatis
1788 1289 1946 1332 stipendia
1968 1288 2120 1324 habuerit

1233 1339 1379 1374 nubendi
1402 1339 1569 1374 licentiam
1604 1341 1638 1374 δε
1657 1340 1932 1378 consuetudinem
1950 1363 1962 1379 ,
1987 1340 2120 1373 testatur

1232 1390 1267 1422 in
1279 1389 1385 1432 primo
1396 1389 1436 1422 de
1446 1387 1646 1431 Virginibus
1658 1386 1746 1421 libro
1760 1387 1895 1421 Sanetus
1908 1387 2101 1422 Ambrosius
2109 1407 2121 1421 t

1231 1438 1324 1473 Hinc
1346 1437 1470 1473 nostras
1484 1436 1666 1479 Virgines,
1690 1447 1761 1479 quae
1782 1447 1968 1479 perpetuam
1987 1437 2124 1481 integri»
2176 1460 2180 1462 -
2228 1443 2236 1453 '

1229 1496 1331 1523 tatem
1359 1497 1440 1521 voto
1463 1486 1631 1520 firmarent
1657 1494 1754 1528 atque
1765 1486 1949 1526 servarent,
1972 1487 2121 1529 quicum7

1227 1547 1292 1580 que
1314 1536 1464 1571 Gentiles
1489 1537 1625 1570 fuerunt
1660 1536 1697 1570 &
1718 1535 1868 1570 admirati
1894 1546 1933 1570 ac
1955 1537 2120 1580 venerati»t

1233 1586 1378 1622 Eandem
1389 1599 1431 1620 ex
1444 1596 1525 1620 voto
1535 1584 1783 1630 perpetuitatem
1803 1585 1936 1630 Magno
1958 1585 2120 1620 Constan-

1229 1638 1303 1672 tino
1324 1637 1416 1672 fuisse
1439 1636 1659 1673 venerationis
1677 1636 1808 1672 causatu
1820 1636 1906 1671 dixit
1921 1635 2032 1672 statim
2054 1636 2122 1671 Eut-

1231 1687 1355 1722 sebius.
1819 1715 1822 1717 ,
2071 1717 2073 1719 ,

1281 1738 1325 1773 Et
1345 1736 1425 1773 hinc
1447 1739 1591 1785 Magnus
1616 1738 1815 1776 Athanasius
1841 1752 1909 1775 non
1928 1740 2121 1785 quamcum's

1228 1800 1293 1833 que
1316 1814 1327 1829 ‚
1357 1790 1410 1823 sed
1434 1791 1539 1824 solam
1563 1802 1751 1835 perpetuam
1772 1791 2012 1837 Virginitatem
2029 1790 2123 1832 dixit:

1228 1839 1360 1884 reperiri
1381 1840 1465 1883 apud
1485 1841 1572 1874 solos
1587 1841 1793 1878 Christianos
1806 1867 1813 1874 .
1840 1843 2062 1890 Qud-ipsum
2083 1841 2122 1874 in

1230 1889 1327 1924 variis
1337 1889 1416 1924 locis
1429 1890 1527 1925 tradit
1543 1891 1676 1925 Sanetus
1689 1893 1832 1935 Joannes
1845 1891 2100 1935 Chrysostomus
2110 1913 2124 1923 .

1230 1940 1269 1973 ln
1301 1941 1426 1974 famosa
1448 1939 1618 1974 adversum
1641 1942 1807 1987 Agapetas
1831 1941 1998 1975 homilia:
2038 1944 2126 1974 Inter

1230 1995 1349 2025 Graecos
1373 1990 1615 2032 quidamslicet
1629 1998 1744 2033 pauci,
1768 1998 1815 2026 ira
1837 1989 2041 2034 philosophati·
2046 1989 2122 2032 fue*

1228 2049 1313 2080 runt,
1323 2048 1357 2072 ut
1370 2048 1457 2081 opum
1466 2041 1562 2082 ,effi-nt
1570 2050 1783 2084 contemptores
1797 2066 1809 2081 ‚
1833 2043 1867 2076 Θ
1879 2046 1958 2075 iram
1971 2041 2125 2083 τίεσκεν,

1230 2094 1428 2134 Virginitatis
1438 2087 1540 2123 autem
1556 2090 1611 2131 flos
1626 2092 1707 2125 nullo
1718 2094 1802 2125 modo
1811 2093 1895 2134 apud
1914 2093 1980 2125 illos
1998 2090 2125 2131 floruit,

1229 2145 1261 2173 in
1283 2150 1345 2182 qua
1368 2138 1486 2183 semper
1514 2140 1599 2173 nobis
1620 2143 1809 2185 concesserunt
1833 2148 1963 2185 primam
1983 2142 2123 2184 dignito-

1228 2198 1309 2230 tem,
1335 2191 1462 2233 ingenue
1475 2188 1544 2231 faffi
1569 2202 1631 2224 rem
1653 2192 1703 2235 effe
1724 2190 1815 2236 [upra
1828 2201 1993 2229 naturam,
2014 2191 2127 2224 &nott

1229 2239 1409 2271 humanam.
1437 2243 1483 2272 Et
1507 2248 1662 2282 eapropter
1682 2242 1816 2275 omnibus
1833 2241 1980 2285 gentibus
1997 2239 2121 2281 fuimus

1223 2286 1349 2330 summae
1361 2289 1573 2321 admirationi.
1601 2289 1644 2323 Et
1657 2290 1690 2323 in
1703 2291 1856 2325 Homilia
1874 2291 1916 2325 de
1931 2290 2057 2334 jejunio
2082 2289 2123 2324 δε

1230 2337 1445 2376 temperantia
1466 2348 1475 2365 =
1502 2336 1662 2375 Ejusmodi
1685 2339 1724 2377 esi
1746 2343 1917 2383 Virginitas
1940 2364 1951 2380 ,
1976 2348 2125 2382 tantoque-

1228 2384 1300 2425 opus
1312 2380 1400 2416 babet
1409 2381 1530 2421 labore,
1554 2393 1588 2415 ut
1608 2395 1674 2417 cum
1695 2388 1711 2417 e
1733 2389 1801 2419 coelo
1812 2388 1944 2425 cbristus
1966 2400 2004 2419 ex
2027 2389 2118 2421 hamt·

1229 2431 1316 2465 nibus
1340 2433 1462 2476 Angelos
1477 2431 1618 2474 sadatur
1638 2436 1759 2476 venisset
1783 2459 1795 2475 ,
1830 2444 1864 2468 ut
1886 2433 1936 2468 bic
1952 2434 2121 2478 supernam

1227 2489 1386 2517 civitatem
1395 2483 1552 2524 plantaret
1563 2506 1574 2522 ,
1599 2494 1637 2516 ne
1646 2492 1717 2517 tunc
1728 2486 1848 2526 quidem
1869 2496 1935 2518 eam
1954 2491 2120 2528 praecipere

1222 2531 1261 2575 fit
1285 2531 1375 2575 ausus
1388 2556 1399 2571 ,
1423 2540 1476 2564 aut
1498 2538 1574 2565 inter
1596 2533 1675 2576 leges
1687 2533 1800 2576 referre
1818 2559 1825 2567 .
1848 2538 1893 2567 Et
1918 2545 2040 2569 mortem
2049 2543 2119 2579 qui-

1229 2584 1297 2616 dem
1310 2607 1321 2623 ,
1346 2593 1404 2624 qua
1422 2581 1501 2615 nibil
1519 2581 1556 2621 est
1576 2588 1707 2627 gravius
1720 2607 1731 2624 ,
1752 2593 1810 2626 pro
1829 2583 2026 2627 suppetere,
2052 2598 2116 2620 cru-

1227 2643 1287 2666 cem
1309 2643 1421 2675 quoque
1443 2631 1577 2665 continuo
1593 2632 1679 2674 ferre
1692 2659 1703 2675 ‚
1728 2635 1763 2668 Θ
1782 2639 1913 2668 inimicis
1934 2635 2117 2678 benefacne

1221 2683 1301 2724 juffit
1316 2706 1327 2722 ‚
1353 2686 1563 2726 Virginitatem
1586 2691 1684 2717 autem
1703 2676 1831 2726 seruare
1854 2697 2045 2729 nequaquam
2053 2687 2116 2730 lege

1223 2731 1359 2775 sancivit
1379 2755 1391 2773 ,
1433 2730 1489 2775 sed
1508 2737 1540 2765 in
1561 2732 1656 2766 libera
1672 2735 1846 2769 Auditorum
1867 2735 2023 2770 voluntate
2045 2738 2117 2770 rel!-

1227 2789 1292 2825 quit
1304 2807 1311 2815 .
1338 2784 1506 2816 Enimvero
1528 2793 1640 2825 magna
1659 2783 1696 2823 est
1720 2783 1810 2825 hujus
1827 2792 1871 2820 rei
1891 2787 2028 2830 dIgnitas
2040 2811 2051 2826 ‚
2078 2787 2115 2821 θ

1227 2833 1387 2866 admodum
1412 2832 1535 2866 occultus
1559 2838 1689 2867 virtutis
1715 2845 1783 2878 ager
1803 2859 1812 2867 .
1836 2839 1931 2879 Atque
1951 2836 2003 2870 boc
2022 2841 2118 2870 etiam

1227 2884 1270 2915 illi
1291 2881 1477 2924 manifestum
1495 2877 1619 2924 faciunt
1643 2907 1654 2923 ,
1694 2890 1746 2927 qui
1770 2890 1803 2918 in
1828 2891 1923 2920 veteri
1947 2886 2114 2927 testamento

1226 2934 1320 2966 multa
1331 2932 1463 2976 alioquin
1473 2935 1620 2974 praeclara
1625 2934 1770 2978 gesserunt
1784 2960 1791 2968 .
1820 2939 1950 2978 Magnus
1963 2940 2045 2968 enim
2062 2934 2123 2968 illev

1227 2980 1354 3024 Moyses,
1379 2990 1467 3024 caput
1493 2983 1571 3016 illud
1591 2984 1805 3026 Prophetarum
1828 3010 1840 3026 ‚
1858 2985 2025 3027 familiaris
2049 2986 2115 3017 Deo-

1226 3037 1354 3066 aemt'cus-
1381 3030 1552 3077 Propheta.
1561 3032 1689 3076 Moyfis
1699 3035 1852 3069 miracula
1877 3035 1913 3068 δε
1932 3032 2112 3068 certamina.

1226 3083 1363 3126 exponit
1389 3094 1427 3117 ac
1439 3083 1568 3118 extollit
1581 3108 1592 3124 ,
1618 3094 1715 3126 atque
1727 3083 1928 3128 prosequitur
1948 3096 1960 3118 .-
1989 3084 2039 3116 Ad
2048 3082 2112 3117 baee

1227 3134 1296 3167 vero
1320 3136 1512 3177 VirginItatis
1528 3138 1701 3169 'certamina
1723 3146 1760 3169 ne
1773 3134 1863 3168 oculos
1882 3134 2110 3175 quideminten-

1227 3185 1297 3218 dere
1314 3188 1437 3226 potuit,
1460 3182 1517 3226 sed
1548 3187 1676 3228 conjugio
1701 3194 1736 3216 ac
1752 3185 1819 3224 eju:
1841 3182 1978 3224 praefidio
2001 3181 2107 3215 habuit

1226 3235 1319 3275 opus,
1344 3243 1395 3267 nec
1414 3233 1504 3276 austes
1524 3234 1562 3274 est
1582 3241 1615 3267 in
1628 3237 1819 3278 Virginitatis
1826 3234 1952 3275 pelagus
1961 3229 1992 3274 fi.-
2008 3232 2082 3266 dare
2093 3256 2106 3272 ,

1226 3281 1354 3326 ejusdem
1369 3282 1476 3324 fluctus
1497 3291 1646 3318 reveritus
1668 3308 1675 3315 .
1702 3285 1747 3315 Et
1773 3281 1956 3315 Patriarcba
1982 3282 2032 3315 ille
2051 3281 2109 3323 filii

1204 3340 1206 3342 ·
1228 3334 1367 3371 Sacerdos
1378 3334 1593 3376 crudeltffimum
1603 3334 1730 3368 illumin
1741 3339 1881 3383 naturam
1901 3330 2038 3373 affictum
2054 3329 2107 3373 [ιν

1950 3389 2058 3426 perure
