2346 3724
79 263 151 300 Cap.
171 270 195 297 5.

66 857 141 896 Cap.
155 865 200 887 υ.

58 1050 132 1088 Cap.
153 1058 197 1086 ις.

62 2336 201 2371 Polam.

62 2639 125 2672 1²01.
135 2644 202 2675 761n

671 137 711 181 C
782 150 810 179 Λ
882 149 902 178 1¹
973 148 987 177 1
1061 148 1083 177 'r
1154 146 1170 179 1
1241 146 1259 175 s
1365 130 1589 176 XXII.
1870 145 1961 179 211

1163 213 1329 252 &lucidas
1341 214 1487 249 Ecclesiae
1506 212 1674 248 columnas
1697 215 1938 252 sceleratissimis
1950 217 2036 252 calu-

1161 267 1258 300 mniis
1281 264 1500 302 incrustarunt
1522 289 1529 296 .
1558 261 1681 296 Eadem
1701 263 1742 296 de
1762 268 1854 300 causa
1878 265 2031 303 Basilides

1160 315 1333 351 Glauciam
1346 338 1357 355 ‚
1369 315 1454 350 Petri
1466 315 1672 357 interpretem
1683 336 1694 353 ,
1708 311 1906 348 Valentinus
1916 315 2032 352 Theo,

1159 366 1297 406 dudem,
1325 365 1421 399 Pauli
1444 364 1658 404 familiarem,
1683 361 1743 398 fibi
1763 361 1849 397 dixit
1869 373 1923 396 aut
1934 366 2031 401 finxit

1157 417 1252 452 fuine
1273 415 1493 461 Magistrum,
1521 424 1559 448 ut
1583 424 1636 457 per
1656 411 1741 455 ipsos
1750 411 1912 446 ostentare
1930 413 2034 447 &cir-

1158 468 1317 503 cumferre
1328 466 1453 510 possent
1465 464 1665 509 Apostolicae
1674 460 1826 497 doetrinae
1841 462 2035 506 consangui-

1159 517 1295 553 nitatem
1320 540 1328 548 .
1352 515 1426 551 Has
1456 526 1573 551 omnes
1593 524 1698 559 nugas
1723 506 1857 547 Sanstus
1878 511 2034 545 Clemens

1158 566 1270 611 dejicit
1284 565 1395 610 paucis
1408 565 1538 602 verbis,-
1566 568 1639 599 Fuit
1666 575 1727 598 una
1748 567 1878 596 omnium
1890 559 2034 604 Apostolo-

1158 629 1245 657 rum,
1265 615 1338 661 sicut
1357 615 1490 650 doctrina
1514 638 1525 656 ‚
1552 620 1598 650 ita
1619 619 1711 649 etiam
1727 613 1872 647 traditio.
1899 613 2036 646 Sanstus

1159 667 1300 709 Ioannes
1316 665 1571 711 Chrysostomus
1593 664 1627 698 in
1650 663 1795 698 homiliis
1813 662 1854 696 ad
1877 661 2035 705 populum

1158 715 1409 753 Antiochenum
1421 716 1592 760 insigniter
1605 713 1670 750 haec
1681 713 1841 749 elucidat:
1872 714 1949 745 Cum
1959 715 2038 747 Pau·
2056 718 2192 750 Hom.42.

1158 767 1219 799 lum
1230 767 1293 800 dico
1308 791 1319 807 ‚
1345 777 1400 803 non
1411 765 1488 800 bunc
1497 764 1591 808 solum
1602 765 1735 808 intelligo
1745 788 1758 804 ,
1777 761 1802 806 s
1797 765 1835 796 ed
1846 763 1880 795 o·
1892 765 2015 795 Petrum
2025 786 2037 803 ‚

1158 818 1191 850 (a
1198 818 1227 859 J
1229 815 1370 857 acobum,
1394 817 1428 850 Θ·
1445 817 1602 859 joannem
1621 839 1632 855 ‚
1660 824 1751 857 atque
1772 824 1886 848 omnem
1908 810 2039 855 ipsorum

1157 866 1276 902 chorum
1288 891 1295 898 .
1322 866 1581 911 ‚Quemadmodum
1591 870 1671 898 enim
1682 870 1716 898 in
1726 867 1787 905 lyra
1798 887 1808 902 ,
1832 864 1897 897 cum
1909 861 2039 906 diversae

1152 915 1214 960 fine
1226 916 1344 950 chordae
1356 942 1367 958 ,
1394 928 1471 952 unus
1481 925 1583 951 tamen
1593 922 1744 951 concentu:
1756 912 1799 957 est
1813 926 1822 956 3
1844 912 1885 954 fic
1903 918 1995 946 etiam
2005 918 2040 947 m

1136 964 1139 967 ’
1162 965 1354 1012 Apostolorum
1375 967 1479 1004 choro,
1504 970 1644 1009 quamvis
1653 964 1717 1006 sint
1736 961 1866 1007 diversa.»
1883 962 2038 1007 personae,

1158 1027 1218 1051 una
1242 1026 1342 1051 tamen
1363 1017 1498 1050 doerina
1524 1014 1568 1059 est
1592 1041 1600 1048 .
1628 1015 1880 1059 ‚Quandoquidem
1901 1015 1942 1047 (9-
1962 1023 2040 1049 unus

1158 1066 1272 1108 artifex
1293 1066 1335 1110 est
1359 1069 1487 1109 Spiritus
1510 1066 1636 1101 santius
1656 1090 1666 1106 ,
1691 1071 1743 1108 qui
1773 1062 1902 1106 ipsorum
1924 1070 2041 1097 animos

1157 1126 1256 1150 movet
1267 1141 1275 1149 .
1304 1117 1347 1149 Et
1359 1116 1466 1151 firmat
1478 1127 1518 1150 ex
1530 1115 1630 1158 priori
1651 1116 1692 1150 ad
1704 1112 1900 1149 Corinthios
1921 1113 2041 1156 episto·

1159 1166 1209 1198 la:
1236 1168 1307 1201 Sive
1316 1171 1407 1210 igitur
1428 1167 1492 1205 illi,
1511 1163 1575 1206 five
1596 1176 1666 1208 ego,
1686 1162 1726 1206 fic
1744 1164 1948 1205 praedicamus
1961 1187 1968 1193 .
1996 1162 2042 1198 Et
2061 1175 2189 1212 C2p‘15,

1158 1214 1236 1250 hinc
1263 1216 1395 1251 Sanctus
1418 1217 1555 1250 lrenaeus
1574 1213 1656 1248 reike
1677 1213 1814 1246 affirmat
1834 1219 1970 1245 omnem
1983 1212 2044 1245 sub

1158 1266 1243 1302 coelo
1250 1277 1291 1301 ex
1300 1265 1510 1301 diverfiffimis
1522 1263 1676 1310 gentibus
1691 1261 1864 1297 Ecclesiam
1876 1261 1940 1295 esse
1951 1262 2040 1305 quasi

1158 1326 1258 1350 unam
1269 1316 1407 1352 domum
1419 1326 1516 1359 atque
1528 1314 1687 1353 familiam
1701 1338 1711 1353 ,
1737 1313 1879 1355 ideoque
1902 1323 1971 1346 uno
1982 1322 2042 1346 ore

1159 1366 1397 1409 &unalingua
1409 1365 1532 1406 ubique
1552 1365 1666 1406 loqui.
1694 1363 1785 1408 Qa
1808 1361 1925 1404 nempe
1951 1362 2043 1404 Apo—

1160 1413 1381 1449 stolieandem
1403 1413 1544 1457 ejusdem
1565 1412 1731 1458 dogmatis
1751 1412 1901 1456 linguam
1918 1410 2042 1458 ubique

1161 1464 1310 1513 gentium
1321 1463 1523 1501 tradiderunt
1535 1489 1544 1500 .

218 233 322 256 naeus:
350 217 650 260 Vaniffimisopbistae
678 220 797 260 dicunt,
823 224 961 260 quoniam
983 216 1103 260 Apostoli

215 283 280 305 cum
307 268 442 313 hypocrifi
456 269 592 311 fecerunt
619 269 782 303 doc¹7rinam
799 267 955 315 secundum
973 269 1101 301 audien—

221 327 297 355 tium
308 324 509 363 capacitatem
525 343 536 359 ‚
562 318 792 362 &responsiones
800 318 959 365 secundum
979 322 1102 352 interro·

216 376 362 417 gentium
385 367 565 413 suspiciones
579 394 590 409 ‚
617 376 699 403 caecis
721 381 797 405 caeca
815 369 1038 412 confabulantes
1056 367 1100 411 Je-

221 420 351 455 cundum
384 425 546 454 caecitatem
575 418 703 463 ipsorum
727 444 738 461 ‚
764 418 970 464 languentibus
1000 427 1099 452 autem

218 470 381 514 sii-undum
395 471 546 515 languores
562 469 688 513 ipsorum
701 495 711 511 ,
722 471 756 504 ὁ*
766 469 934 503 errantibus
940 466 1100 514 secimdum

215 530 340 554 errorem
367 518 512 563 ipfhrum,
541 519 760 561 &putantibus
782 523 974 563 Demiurgum
999 519 1049 563 effe
1053 516 1099 563 so-

216 572 278 604 lum
292 571 410 610 Deum,
437 568 512 603 hunc
532 570 733 614 annuntictffe.
762 573 816 603 His
840 572 927 608 verb,
952 574 1003 611 qui
1019 575 1098 605 inno-

217 618 387 653 minabilem
400 622 520 653 Patrem
546 626 683 663 capiunt,
707 627 764 662 per
782 620 943 663 parabolas
965 621 1099 662 &aenig-

216 678 303 703 mata
314 671 513 703 inenarrabile
516 670 613 713 feciffe
625 670 784 711 mysterium
798 693 809 710 ,
835 675 880 703 uti
892 681 948 703 non
957 670 1096 712 quemad·

216 721 335 753 modum
355 720 445 753 habet
467 719 533 764 ipsa
555 725 671 753 veritas
696 745 706 760 ‚
728 718 785 762 sed
808 721 886 754 &in
912 718 1048 762 thocrifi
1064 719 1098 753 s&

216 770 464 812 quemadmodum
489 770 624 814 capiebat
648 767 859 815 unusquisque,
886 774 1045 804 Dominum
1061 770 1096 803 δ’

219 819 360 861 Apostolos
386 821 502 864 edidisse
526 819 739 865 magisterium,
768 820 810 852 Et
833 820 972 855 iterum:
998 824 1096 861 Impu-

218 872 322 904 dentes
347 871 468 913 quidam
479 881 574 905 eorum
599 871 722 909 dicunt,
747 870 831 911 apud
844 872 975 918 Judaeos
990 877 1094 912 praeco·

218 928 325 954 nantes
338 920 459 962 Apostoli
482 930 539 953 non
559 927 698 961 poterant
719 920 843 952 alterum
860 926 903 952 eis
928 924 1024 955 Deum
1042 929 1095 951 an-

217 975 357 1003 nuntiare
376 978 488 1012 praeter
508 980 592 1012 eum,
619 974 671 1010 qui
694 971 820 1003 creditus
826 969 935 1010 fuerat
956 969 994 1001 ab
1007 967 1074 1011 ipfis
1089 992 1096 1004 ,

218 1019 261 1053 Et
283 1020 409 1053 rursum
434 1033 445 1053 .-
471 1017 642 1061 Testisscatio
663 1021 752 1054 Lucae
780 1030 875 1059 vera,
903 1021 937 1053 (a
959 1018 1096 1053 dodrina

219 1069 411 1110 Apostolorum
439 1067 595 1111 manifi’sta
617 1066 676 1108 est,
702 1070 735 1101 δ’
750 1068 863 1109 firma,
891 1067 1011 1104 &nibil
1027 1067 1093 1112 sub·

213 1117 338 1150 trahens
350 1141 362 1159 ,
389 1128 481 1159 neque
493 1119 555 1149 alia
566 1117 684 1160 quidem
707 1120 740 1152 in
749 1116 919 1160 abscondito
932 1142 943 1158 ,
969 1120 1032 1152 alia
1044 1130 1095 1152 ve-

216 1170 249 1201 νό
260 1173 294 1200 in
305 1166 457 1209 manifesto
467 1167 628 1200 docentium
643 1191 650 1199 .
679 1174 740 1203 Hoc
750 1168 828 1201 enim
837 1167 969 1208 filiorum
982 1170 1016 1204 er
1026 1177 1094 1213 pra·

215 1219 255 1251 v?
266 1215 463 1260 seducentium
476 1241 486 1257 ,
512 1218 545 1250 ὁ·
558 1220 779 1259 Hypocritarum
797 1217 835 1258 est
845 1220 982 1253 molimen
994 1243 1004 1259 ‚
1031 1230 1096 1261 que-

215 1268 404 1301 madmodum
419 1266 542 1310 faciunt
562 1266 616 1306 bi,
643 1271 694 1312 qui
716 1269 735 1301 ἂ
749 1269 908 1303 Valentino
915 1267 1002 1311 sunt.
1033 1269 1096 1306 Va·

212 1314 392 1351 lentiniani
416 1318 506 1351 enim
530 1328 571 1350 ex
582 1327 691 1350 mente
710 1317 750 1352 ad
762 1318 858 1358 suos,
882 1326 997 1354 contra
1009 1329 1096 1352 men·

216 1377 284 1401 tem
296 1365 512 1410 loquebantur
530 1365 571 1398 ad
586 1365 732 1401 Ecclefiae
756 1368 933 1410 populum.
961 1368 1098 1403 Scelera-

216 1417 350 1450 tiffimas
364 1416 489 1451 fabulas
502 1416 636 1449 sanetus
649 1416 787 1450 lrenaeus
811 1417 1005 1460 amplissime
1016 1419 1098 1452 refu·

216 1474 284 1498 tat.
314 1465 358 1498 Et
381 1464 463 1498 teile
477 1489 484 1496 .
511 1463 636 1496 Nostro
658 1465 757 1498 etiam
780 1465 994 1501 Tertulliano
1016 1467 1098 1503 reste

215 1514 338 1558 placuit
360 1512 425 1547 hoc
451 1513 602 1546 adversus
622 1515 753 1548 cunstas
773 1513 987 1558 blasphemias
1009 1528 1099 1550 com·

214 1564 388 1607 pendium:
416 1562 533 1595 Eadem
548 1567 659 1606 agitati
689 1564 838 1597 dementia
850 1583 861 1596 .-
884 1564 1012 1600 Revera
1034 1566 1098 1601 fuit

215 1612 385 1649 helleboro
396 1612 539 1647 curanda
550 1612 715 1647 dementia
729 1638 737 1645 .
765 1615 851 1662 Qis
862 1615 951 1649 enim
965 1616 1098 1660 integrat

215 1665 338 1698 mentis
349 1663 478 1696 credere
498 1663 600 1705 potest
622 1664 792 1700 mendaces
816 1665 993 1708 discipulos
1004 1666 1098 1700 fuisse

215 1714 234 1746 ‘a
246 1711 381 1748 Christo
404 1711 555 1747 Domino
577 1713 688 1748 minos
705 1713 895 1749 nationibus
907 1716 924 1747 ?
949 1714 1097 1757 Christum

219 1761 596 1805 reprebenfionisubjiciunt
609 1787 620 1804 ,
645 1768 695 1808 qui
701 1766 813 1806 parum
828 1763 975 1807 fimplices
986 1764 1098 1808 Aposto-

218 1815 262 1847 los
274 1811 404 1856 miserit.
431 1811 563 1846 Garrire
574 1815 662 1855 quod
684 1815 796 1857 &ipse
809 1814 975 1849 Dominus
997 1826 1053 1858 per
1063 1816 1098 1848 fi-

218 1864 435 1898 mulationem
468 1861 618 1897 docuerit
643 1886 655 1903 ,
688 1862 734 1897 est
772 1865 912 1899 nefanda
950 1863 1098 1911 blasphe—

218 1923 304 1948 mia.

268 1963 321 1997 Ex
335 1962 403 1997 istis
412 1961 618 1997 dementibus
629 1963 802 1998 calumniis
822 1965 944 2009 prodiit
963 1966 997 2000 &
1009 1966 1073 1999 alia
1087 1989 1098 2005 ,

218 2014 363 2058 garriens
389 2011 571 2056 Apostolos
591 2012 647 2046 fibi
670 2012 811 2047 invicem
835 2015 870 2047 in
891 2015 1098 2058 praedicando

218 2068 287 2095 non
307 2061 482 2095 cohaefiffe.
509 2060 695 2095 Praedicaffe
715 2065 896 2097 contraria.
926 2065 1019 2098 Hinc
1041 2063 1097 2097 alii

217 2112 322 2145 alium
354 2109 552 2153 Apostolum
577 2109 637 2144 sibi
668 2113 857 2155 assumpsere
877 2114 1093 2159 Magistrum.

218 2160 322 2209 Qod
341 2160 442 2203 aliqui
464 2161 569 2194 solum
591 2160 730 2195 Paulum
756 2164 977 2206 assumpserint
998 2187 1009 2204 ‚
1033 2165 1098 2207 jam

218 2210 403 2246 audivimus
416 2210 433 2243 ὲ
444 2210 562 2244 Sancto
578 2211 697 2245 lrenaeo
708 2237 715 2244 .
745 2211 788 2246 Et
799 2212 839 2246 de
851 2213 986 2247 Basilide
1000 2238 1011 2254 ,
1033 2213 1098 2247 Va-

216 2261 373 2301 lentino,
399 2272 438 2294 ac
465 2260 640 2293 Marcione
662 2260 773 2295 scribit
795 2263 828 2295 in
853 2264 993 2306 septimo
1015 2263 1100 2297 Stro-

219 2322 345 2346 matum
358 2310 442 2344 libro
455 2310 589 2344 Sanetus
601 2311 757 2345 Clemens
767 2309 1023 2347 Alexandrinus:
1034 2314 1101 2346 Glo-

219 2366 340 2395 riantur
360 2359 393 2403 se
405 2359 545 2392 Mattbiae
567 2366 728 2402 opinionem
748 2363 894 2395 adducere
906 2385 913 2393 .
941 2362 1100 2403 Scelerata

221 2412 276 2444 sua
287 2410 443 2454 dogmata
456 2420 498 2442 ex
514 2409 581 2452 ejus
594 2407 790 2452 apocryphis
811 2409 1041 2445 traditionibus
1054 2411 1102 2444 fir·

220 2459 373 2494 mabant.
401 2459 445 2493 Et
465 2458 544 2492 hinc
566 2458 654 2492 lucet
680 2459 776 2499 istas,
805 2458 878 2493 licet
896 2460 1035 2502 ipsarum
1046 2471 1101 2494 au-

221 2509 377 2545 thoritate
393 2508 573 2550 aliquando
594 2517 722 2549 utatur,
747 2508 940 2543 traditiones
968 2509 1103 2544 laudato

222 2557 545 2594 Clementiomnino
565 2558 779 2602 displicuisse.
808 2557 943 2594 Etenim
963 2560 1100 2604 &supra

222 2611 264 2644 de
276 2607 391 2643 iisdem
403 2608 488 2642 dixit
502 2620 510 2639 ι
538 2609 647 2643 Gloriae
659 2616 797 2643 tenentur
809 2608 946 2652 desiderio
957 2634 969 2649 ,
981 2616 1033 2652 qui
1045 2621 1082 2644 ea
1091 2634 1103 2651 ,

222 2670 290 2702 quae
300 2669 337 2691 ex
352 2656 409 2701 sua
420 2667 528 2691 natura
549 2664 726 2692 conveniunt
747 2657 930 2703 sermonibus
942 2661 1102 2695 Divinitas

223 2707 406 2753 inspiratis,
432 2708 546 2740 tradita
569 2709 589 2739 ἂ
608 2708 704 2742 beatis
728 2709 870 2751 apostolis
891 2721 926 2743 ac
949 2710 1102 2755 Magistri:

220 2758 278 2804 sua
295 2757 401 2801 sponte
417 2756 525 2799 fallaci
542 2755 701 2800 sapientia·
707 2757 893 2801 simulatione
915 2771 994 2794 corru

223 2818 279 2852 per
293 2808 372 2841 alias
399 2808 598 2848 traditiones,
624 2807 763 2842 humanis
783 2809 925 2843 doc‘irtnis
949 2805 1104 2853 refistentes

227 2863 356 2892 Divinae
373 2858 550 2897 traditioni,
573 2866 607 2891 ut
629 2857 758 2901 haerefim
775 2859 969 2900 constituant.
1000 2859 1102 2907 Quid

227 2907 396 2947 Ecclesia,
423 2916 460 2943 ut
479 2917 553 2941 vera
577 2908 637 2948 sit,
660 2909 775 2943 debeat
795 2921 851 2953 per
860 2908 1015 2944 doctrinae
1026 2922 1104 2944 cou-

228 2957 486 3002 sanguinitatem
498 2956 560 2990 esse
572 2956 783 3000 Apostolica,
806 2959 852 2993 est
873 2958 955 2994 adeo
971 2959 1103 2994 manife-

228 3007 337 3048 stum,
363 3007 397 3041 ἀ
426 3005 580 3040 omnibus
601 3006 797 3042 Christianis
822 3010 1010 3044 naturaliter
1033 3010 1104 3044 infi-

230 3067 336 3098 xum,
359 3065 397 3090 ut
421 3057 528 3090 nullus
552 3067 696 3100 unquam
717 3057 884 3094 haereticus
903 3059 937 3093 id
960 3060 1105 3103 praesum-

231 3107 328 3151 pserit
352 3106 491 3141 inficiari
512 3131 519 3137 .
545 3106 639 3140 Hinc
664 3107 819 3142 Basilides
837 3133 848 3149 ,
886 3108 1105 3151 Valentinus,

231 3155 385 3191 Marcion
400 3181 411 3198 ,
435 3156 468 3192 δ’(
483 3156 540 3191 alii
560 3156 651 3191 istius
670 3157 754 3191 faecis
771 3157 957 3199 fabulones,
986 3158 1105 3203 quoda

1194 1599 1350 1642 Petrum
1392 1589 1614 1656 aedficandae
1648 1592 1818 1659 Ecclafiae
1852 1600 2008 1641 Petram

1456 1662 1598 1711 diiium
1621 1698 1635 1727 ‚
1669 1667 1761 1713 &c-

1209 1814 1336 1848 Dostor
1346 1813 1516 1857 praesertim
1530 1812 1599 1858 agit
1617 1812 1653 1847 in
1680 1823 1737 1847 eos
1750 1836 1761 1853 ,
1788 1812 1845 1855 qui
1859 1812 2045 1856 garriebant

1160 1863 1264 1897 solum
1277 1863 1417 1898 Paulum
1432 1862 1629 1906 Apostolum
1644 1862 1768 1897 scivisse
1781 1861 1951 1907 Evangelii
1973 1874 2045 1897 om-

1162 1914 1235 1954 nia,
1264 1915 1298 1948 &
1323 1915 1407 1948 resta
1432 1913 1632 1957 praedicasse.
1660 1913 1703 1947 Et
1727 1912 1808 1947 dicit
1825 1912 1888 1947 esse
1910 1913 2045 1949 demens

1161 1975 1198 1997 ac
1217 1963 1438 2007 paradoxum,
1468 1974 1506 1998 ut
1529 1964 1683 1999 Sanstum
1711 1962 1846 1999 Petrum
1858 1961 1982 2007 aliquid
2003 1962 2047 1996 la-

1161 2014 1258 2047 tuerit
1274 2038 1281 2045 .
1309 2013 1354 2047 Et
1365 2013 1421 2048 dat
1434 2013 1513 2047 duas
1523 2013 1633 2048 causas
1647 2035 1654 2043 ·
1680 2011 1815 2055 Primo,
1841 2011 1931 2053 quod
1951 2012 2045 2054 super

1163 2063 1288 2106 ipsum,
1314 2063 1363 2096 uti
1378 2063 1470 2107 supra
1491 2063 1705 2097 firmissimam
1728 2061 1935 2107 Evangelicae
1949 2061 2046 2095 scien-

1163 2113 1216 2146 tiae
1239 2112 1370 2147 Petram
1385 2137 1395 2154 ,
1420 2114 1497 2148 esset
1519 2114 1538 2146 a
1562 2110 1695 2147 Christo
1716 2111 1869 2147 Domino
1887 2111 2046 2147 aedificm

1161 2163 1272 2196 omnis
1295 2162 1438 2197 Ecclesia
1452 2187 1460 2196 .
1487 2161 1642 2202 Deinde,
1667 2161 1759 2205 quod
1783 2162 1848 2204 ipse
1870 2161 1887 2195 ὲ
1909 2160 2046 2197 Christo

1163 2212 1314 2246 Domino
1324 2211 1494 2254 accepisset
1507 2212 1638 2256 plenam
1648 2212 1682 2247 δε
1693 2213 1727 2247 in
1739 2211 1829 2246 terris
1847 2211 1880 2247 &
1907 2211 1943 2255 in
1954 2211 2045 2247 coelis

1163 2261 1309 2295 solvendi
1319 2273 1358 2297 ac
1367 2260 1499 2306 ‘ligandi
1522 2259 1735 2305 potestatem,
1760 2262 1909 2307 adeoque
1927 2260 2048 2295 debue-

1162 2311 1203 2344 rit
1213 2311 1401 2354 effe-plenus
1411 2312 1504 2347 omni
1517 2311 1707 2347 Pontificali
1722 2312 1858 2345 scientia
1875 2336 1882 2345 ,
1910 2312 1963 2346 De
1974 2312 2047 2345 fun·

1161 2359 1237 2393 data
1250 2361 1506 2402 suprasanstum
1518 2361 1652 2395 Petrum
1682 2361 1820 2396 Ecclesia
1833 2361 1965 2396 sanetus
1978 2361 2048 2396 Au-

1161 2408 1356 2454 gustinusin
1371 2409 1477 2453 primo
1500 2409 1783 2446 Retrastationum
1803 2410 1886 2446 libro
1909 2411 2047 2445 affirmat

1161 2459 1244 2493 olim
1266 2458 1359 2494 fuisse
1375 2459 1454 2494 duas
1476 2459 1670 2495 sententias:
1698 2463 1777 2494 Dixi
1795 2466 1827 2493 in
1847 2462 1974 2504 quodam
1988 2462 2046 2495 loco

1158 2508 1340 2552 amolo
1350 2511 1439 2543 Petro
1458 2533 1469 2549 ,
1496 2511 1575 2552 quod
1585 2515 1618 2544 in
1628 2512 1678 2543 illo
1689 2535 1701 2551 ,
1728 2519 1874 2555 tanquam
1884 2518 1916 2545 in
1929 2513 2023 2547 Petra
2033 2534 2046 2552 ‚

1154 2559 1296 2602 fundata
1300 2558 1340 2601 fit
1349 2558 1493 2600 Ecclefiae.
1522 2563 1588 2604 ‚Qui
1606 2559 1713 2603 finsus
1737 2567 1829 2594 etiam
1840 2569 1978 2596 cantatur
1997 2571 2047 2596 ore

1162 2610 1320 2643 multorum
1349 2614 1382 2643 in
1401 2607 1530 2652 verfibus
1556 2612 1719 2653 ‚Beatiffimi
1741 2611 1878 2655 Ambrofii
1898 2636 1909 2651 ,
1934 2611 1986 2644 ubi
2009 2611 2048 2647 de
2070 2628 2072 2632 v

1156 2661 1234 2704 gallo
1240 2660 1402 2705 gallinaceo
1416 2664 1462 2693 ait
1476 2674 1487 2694 .·
1516 2666 1578 2698 Hoc
1590 2684 1601 2700 ,
1625 2664 1691 2703 ipsa
1707 2663 1801 2695 Petra
1814 2659 1947 2701 Ecclestae
1958 2683 1970 2699 ,
1996 2671 2049 2692 ca-

1163 2719 1248 2744 nente
1258 2735 1270 2751 ‚
1293 2711 1415 2753 culpam
1424 2712 1513 2744 diluit
1521 2734 1528 2742 .
1561 2712 1655 2753 ‚Quod
1665 2709 1726 2754 fiio
1736 2722 1782 2744 me
1789 2708 2044 2753 posteaesaepiffime

1156 2759 1194 2802 fic
1215 2758 1392 2803 exposuiffe‚
1417 2761 1497 2803 quod
1522 2762 1545 2792 ἃ
1564 2762 1686 2794 Domino
1708 2760 1823 2793 didam
1842 2758 1902 2796 est,
1926 2757 1988 2791 Tu
2010 2767 2045 2792 es
2061 2771 2137 2811 Cap,
2153 2781 2200 2805 21.

1164 2811 1299 2850 Petrus,
1325 2810 1360 2844 δε
1383 2811 1477 2854 super
1499 2807 1585 2843 banc
1610 2807 1740 2842 Petram
1749 2806 1918 2843 aedificabo
1933 2806 2046 2841 Eccle-

1162 2861 1236 2894 siam
1247 2870 1374 2901 meam‚
1397 2868 1432 2893 ut
1439 2858 1530 2902 super
1539 2857 1615 2891 bunc
1624 2859 1833 2901 intelligeretur
1844 2882 1854 2898 ,
1877 2868 1967 2900 quem
1977 2867 2045 2892 con-

1155 2910 1247 2955 feffus
1256 2909 1292 2952 est
1303 2913 1413 2944 Petrus
1422 2910 1542 2942 dicent:
1567 2908 1629 2942 Tu
1651 2919 1684 2942 es
1695 2906 1844 2942 Christus
1865 2907 1954 2944 filius
1976 2907 2044 2945 Dei

1163 2962 1227 2995 vivi
1239 2988 1246 2994 .
1274 2964 1314 2994 Ac
1321 2959 1348 3001 fi
1355 2962 1467 2994 Petrus
1476 2958 1517 2992 ab
1527 2957 1585 2992 hac
1597 2961 1692 2993 Petra
1704 2958 1871 3000 appellatus
1878 2956 2041 3003 personam

1162 3010 1293 3056 Ecclefiae
1299 3011 1443 3056 figuraret
1454 3033 1465 3050 ,
1490 3021 1559 3053 quae
1566 3007 1656 3053 super
1674 3007 1754 3043 banc
1766 3010 1888 3044 Petram
1909 3007 2042 3050 adifica-

1161 3072 1211 3096 tur
1225 3086 1236 3102 ,
1261 3062 1413 3104 &accepit
1421 3061 1524 3094 claves
1535 3064 1616 3103 regni
1628 3060 1760 3093 coelorum
1773 3083 1782 3094 .
1811 3063 1884 3093 Non
1894 3064 1975 3095 enim
1997 3059 2044 3093 dt·-

1159 3112 1238 3145 iium
1254 3110 1297 3156 est
1313 3112 1380 3151 illi,
1403 3109 1463 3143 Tu
1482 3120 1516 3143 es
1541 3109 1636 3144 Petra
1657 3133 1669 3151 ,
1687 3105 1746 3152 sed
1765 3108 1824 3144 Tu
1848 3121 1882 3144 es
1905 3108 2041 3145 Petrus.

1163 3166 1256 3197 Petra
1278 3169 1377 3196 autem
1394 3170 1459 3195 erat
1468 3157 1609 3202 Christus
1622 3184 1632 3200 ,
1658 3170 1745 3203 quem
1752 3160 1896 3204 confeffus
1915 3161 2014 3195 simon
2025 3183 2040 3202 ‚

234 3206 389 3251 legitimis
401 3206 638 3251 Apostolorum
648 3206 764 3241 litteris
774 3219 812 3242 ac
832 3209 948 3252 apertis
961 3209 1106 3254 praedica-
1156 3211 1228 3254 ficut
1238 3223 1304 3248 eum
1314 3221 1378 3246 tota
1398 3208 1522 3253 Ecclesia
1531 3209 1686 3253 confitetur
1695 3234 1706 3252 ,
1729 3211 1827 3245 didus
1837 3209 1884 3254 est
1908 3212 2038 3248 Petrus.

235 3256 381 3292 tionibus
401 3258 507 3302 palam
527 3257 693 3291 deviarent
714 3269 751 3291 ac
763 3256 982 3301 dissonarent,
1009 3260 1106 3295 finxe·
1167 3267 1281 3297 Harum
1290 3257 1725 3305 autemjirntentiarumquaefit
1733 3260 1914 3304 probabilior
1929 3260 2039 3311 „eliget

236 3314 312 3358 runt
323 3307 518 3343 fibisecretas
528 3318 642 3343 eorum
656 3307 896 3352 praedicationes
917 3310 1106 3354 &litteras,
1165 3313 1269 3348 LeHor
1283 3339 1291 3347 .
1322 3312 1418 3349 Prior
1427 3312 1519 3357 supra
1532 3311 1635 3356 ipsam
1656 3309 1746 3347 Petri
1766 3307 1962 3356 personam,
1987 3320 2044 3356 po·

1877 3359 1995 3396 sterio:
