2346 3724
106 1797 217 1837 Cap-3·

317 190 413 232 222)

249 278 326 306 nem
338 266 426 315 lapsu
437 263 472 300 in
484 264 611 304 verbise
636 267 717 311 ‚Quis
731 277 828 300 eorum
841 288 852 305 ,
876 263 990 308 utique
1002 275 1124 299 caetero·

249 328 324 356 tum
349 315 581 360 Apostolorum
594 339 606 357 ,
630 317 752 354 auderet
766 319 855 350 Petro
859 319 958 360 primo
978 315 1102 357 apostolo
1114 338 1124 354 ,

251 373 299 404 cui
307 368 409 404 claves
427 370 525 412 Regni
535 367 680 402 carlorum
700 371 841 401 Dominus
853 365 957 404 dedit,
981 364 1105 409 refistere
1115 387 1124 405 ‚

249 416 395 467 nfialius
406 418 481 453 talis
494 422 544 459 qui
553 441 564 462 ‚
582 417 692 460 fiducia
701 417 845 453 elcc‘lionis
853 413 915 460 [ιιι
921 408 1018 457 scih}
1025 414 1058 458 fe
1068 426 1124 448 non

251 473 417 509 imparem,
442 466 602 506 constanter
620 467 799 508 improbaret
810 489 822 507 ,
846 466 928 509 quiid
935 466 984 500 ille
988 464 1049 507 fine
1064 476 1114 498 con

242 515 307 565 filio
315 517 452 559 fecerat?
479 517 588 551 Etiam
606 517 743 552 affirmat
765 526 802 550 ae
819 515 1017 552 demonstrat
1037 515 1123 548 Petri

803 180 1140 229 Seno·

1198 191 1508 222 L'lou

1185 262 1351 306 versatione
1360 266 1380 296 ἃ
1395 265 1488 296 Paulo
1501 263 1719 298 denotabamur
1727 289 1740 308 ,
1762 267 1846 308 aqu?
1866 265 2035 302 denotaturo
2045 291 2059 308 ,

1189 313 1213 357 (i
1220 316 1292 357 quid
1312 315 1349 347 de
1369 318 1430 347 Deo
1447 318 1588 346 creatore
1611 321 1663 346 aut
1685 317 1749 353 ejus
1761 316 1876 357 Christo
1894 318 2053 362 errassent.

1188 369 1280 408 Igitur
1300 363 1504 408 distinguenda
1513 372 1597 397 erunt
1611 362 1725 407 fingula
1738 389 1745 397 .
1772 368 1804 399 si
1818 366 1957 409 Apostolos
1977 376 2059 410 prae-

1189 418 1382 449 varicationis
1393 412 1626 456 &simulationis
1632 413 1779 457 suspeblos
1802 418 1934 452 Marcion
1953 417 2059 452 baberi

1187 470 1318 508 queritur
1338 463 1427 508 usque
1446 466 1492 498 ad
1500 465 1664 508 Evangelii
1675 465 1921 506 depravationem
1932 492 1945 508 ‚
1972 468 2060 502 Chri-

1184 514 1259 554 stum
1273 517 1344 554 jam
1366 513 1503 558 accusat,
1528 512 1691 557 accusando
1710 525 1780 558 quos
1803 514 1936 556 cbristus
1956 519 2057 563 elegit.

250 562 376 625 lapsum
398 567 492 604 fuiffe
503 567 601 602 solius
620 566 894 606 conversationis,
921 577 989 600 non
1010 564 1126 610 praedi-
1188 567 1218 597 si
1230 566 1298 597 vero
1310 563 1428 606 Apostoli
1438 565 1556 607 quidem
1576 573 1725 608 integrum
1745 567 1946 609 Evangelium
1961 579 2060 602 contu-

249 617 404 665 canonis.
433 615 537 653 Porto
548 615 635 651 Petri
646 615 810 652 primatu:
818 615 904 659 apud
920 624 1036 649 omnes
1061 614 1124 647 fuit

248 668 373 711 semper
382 668 465 703 adeo
475 667 621 708 lucidus,
648 677 684 701 ut
695 665 849 710 antiquus
859 665 1031 710 gentilium
1043 662 1126 698 Scri·

247 727 323 763 ptor
344 715 495 765 Phlegon
517 716 649 751 Petrum
672 728 748 752 eum
769 715 903 756 Christo
918 712 1122 753 confuderit.

249 766 385 816 Utique
404 765 500 803 caul‘a
524 767 703 802 primatus.
733 767 782 801 lta
803 767 839 801 in
859 763 1001 800 secundo
1010 773 1122 800 contra

246 817 381 857 Celsum
391 817 478 858 libro
491 818 624 859 testatur
644 817 807 867 Origenes
816 840 824 852 0

315 971 424 1035 Non
435 973 528 1018 enim
542 989 591 1020 ex
605 968 669 1019 hoc
682 964 778 1017 alius
795 972 894 1015 Deus
911 1002 925 1029 ‚
962 969 1054 1016 (wc.

291 1119 341 1155 Hi
351 1120 424 1156 sunt
438 1128 500 1169 tres
513 1120 668 1166 palmares
680 1129 756 1153 cum
769 1114 978 1151 Marcionitis
999 1114 1035 1148 &
1054 1114 1123 1149 reli-

241 1171 316 1212 quis
338 1168 508 1206 Gnosticis
529 1169 752 1206 controversiae
782 1165 911 1200 articuli
932 1179 943 1198 .-
970 1165 1024 1199 De
1046 1166 1122 1200 Deo

239 1217 399 1255 Creatore
410 1245 421 1263 ,
446 1219 488 1254 de
502 1219 570 1264 ejus
586 1218 675 1255 Filio
698 1214 1039 1262 JESU-CHR18TO
1050 1239 1061 1255 ‚
1086 1226 1122 1248 nc

238 1268 282 1307 de
296 1270 403 1306 carnis
413 1268 644 1306 rerurrectione
659 1293 666 1302 .
693 1269 738 1303 Et
748 1266 924 1312 Septimius
943 1263 1026 1299 dicit
1035 1265 1103 1299 duo
1116 1288 1122 1294 .

239 1317 362 1357 Primo
372 1343 383 1361 ,
408 1317 497 1364 quod
523 1319 657 1353 Sanetus
667 1317 781 1352 Petrus
794 1328 862 1351 uon
874 1316 959 1350 cirea
976 1314 1122 1358 praedica-

236 1371 366 1407 tionem
392 1370 429 1403 sit
443 1368 546 1415 lapsus
559 1392 569 1408 ‚
595 1368 649 1402 sed
672 1367 843 1401 dumtaxat
852 1363 937 1398 circa
954 1364 1122 1397 conversa·

235 1421 364 1460 tionem
376 1442 383 1451 .
410 1417 563 1453 Secundo
573 1440 585 1458 ,
610 1414 702 1461 quod
711 1415 778 1458 ejus
790 1413 856 1454 hic,
867 1412 943 1447 licet
955 1412 1040 1447 cirea
1051 1422 1123 1454 prae·

234 1470 437 1505 dicationem
450 1467 557 1501 fuisset
566 1491 577 1507 ,
605 1463 710 1510 lapsus
720 1475 787 1499 non
799 1461 1021 1508 patrocinetur
1032 1462 1124 1496 Gno-

235 1520 326 1555 ssicis
344 1544 351 1552 .
377 1517 451 1553 Nec
472 1518 563 1551 enim
579 1517 665 1559 circa
688 1515 823 1550 istorum
844 1514 944 1547 trium
975 1511 1123 1546 articulo—

236 1565 311 1606 'rum
325 1564 468 1613 aliquem
492 1567 555 1601 fuit
566 1591 578 1607 ,
604 1566 657 1601 sed
678 1565 850 1600 dumtaxat
865 1563 950 1597 circa
962 1562 1123 1596 necestita-

235 1628 303 1655 tem
316 1618 489 1665 Legalium
503 1642 510 1650 .
539 1617 693 1651 Affirmat
706 1625 821 1649 omnes
833 1611 1012 1657 Apostolos
1034 1612 1119 1646 circa

234 1670 314 1705 istos
325 1679 390 1704 tres
405 1667 558 1703 articulos
571 1664 747 1701 firmiffime
756 1665 790 1699 &
803 1662 908 1708 palam
932 1661 1121 1697 concordas-

234 1722 266 1756 se
281 1747 288 1754 .
315 1719 477 1760 Lucidius
488 1718 521 1752 &
531 1716 669 1761 amplius
681 1715 750 1750 haec
763 1714 872 1749 scribit
895 1714 927 1747 in
940 1723 1058 1755 quarto
1078 1711 1121 1744 li-

234 1770 294 1808 bro
307 1766 678 1805 adversusMarcionem
691 1778 701 1798 .-
730 1763 857 1805 Pomifi
867 1759 1061 1804 reprehensus
1078 1760 1120 1804 est

237 1824 350 1856 Petrus
363 1844 374 1860 ,
400 1820 434 1855 (9*
450 1821 482 1863 J
484 1828 594 1851 oannes
617 1839 628 1856 ,
655 1817 689 1849 Θ
703 1818 734 1859 J
738 1814 842 1845 acubus
867 1835 877 1851 ,
905 1816 955 1854 qui
977 1810 1118 1851 existima·

160 1887 162 1889 ¹
235 1871 346 1908 bamur
359 1870 517 1909 columpne,
544 1863 703 1907 manifesta
727 1861 818 1906 causa
841 1860 895 1901 est.
923 1859 1118 1904 Personarum

235 1928 315 1958 enim
327 1917 456 1963 respec‘lu
468 1916 652 1951 videbantur
664 1917 786 1948 variare
797 1910 962 1946 convicium
971 1931 987 1942 .-
1008 1912 1054 1943 Et
1072 1918 1116 1943 ta·

236 1984 304 2009 meo
324 1981 389 2003 cum
409 1966 471 2011 ipse
492 1967 604 2000 Paulus
614 1964 750 1998 omnibus
773 1960 983 2007 omniafieretj,
1013 1969 1047 2008 ut
1058 1971 1117 1993 om-

237 2034 291 2057 nes
314 2022 499 2057 lucraretur,
521 2021 620 2058 potuit
638 2015 672 2048 6
695 2011 845 2048 Petrohoc
857 2016 891 2045 in
908 2009 1019 2052 confiiio
1028 2009 1117 2052 fuiffe

236 2067 355 2115 aliquid
376 2070 459 2102 aeiiter
481 2065 609 2110 agendi,
635 2066 726 2107 'quam
746 2063 874 2096 doceret.
902 2060 1031 2094 Proinde
1045 2059 1117 2100 fi&

235 2117 487 2166 Pseudo-Apostoli
520 2112 717 2158 irrepserant,
746 2112 847 2145 horum
857 2122 971 2155 quoque
989 2110 1116 2153 qualitas

238 2175 322 2210 edita
333 2170 372 2212 est
386 2193 397 2210 ‚
424 2165 672 2208 Circumcifionem
685 2164 928 2202 vindicantium,
952 2161 987 2195 Θ
999 2163 1032 2205 J
1034 2159 1116 2192 udai-

234 2236 283 2260 cos
309 2220 431 2264 Festos.
461 2219 540 2256 Adeb
562 2227 621 2251 non
643 2214 921 2261 depraedicatione,
941 2210 1045 2259 sedde
1055 2220 1117 2244 con-

277 2406 396 2414 -W———o

1187 615 1284 648 lerunt
1296 638 1307 654 ‚
1333 616 1370 646 de
1385 612 1450 656 fhla
1475 615 1627 648 convfflus
1648 616 1855 657 inaequalitate
1873 617 2039 660 reprehensi
2046 645 2059 660 ,

1191 663 1434 709 Pseudo-Apostoli
1445 673 1545 698 autem
1555 670 1715 699 veritatem
1735 676 1832 698 eorum
1856 670 2060 709 interpolave-

1187 720 1269 754 rint‚
1294 715 1329 748 ὁ·
1347 712 1494 756 indesunt
1504 714 1599 753 nostra
1608 714 1744 758 Digesta,
1771 717 1851 758 quod
1869 723 1926 750 erit
1941 729 2059 761 germa-

1187 776 1256 797 num
1268 764 1348 797 illud
1357 763 1541 806 apostolicum
1549 763 1773 806 instrumentum
1786 790 1798 807 ,
1822 769 1903 810 quod
1911 769 2062 804 adultero:

1183 815 1297 858 passum
1307 813 1364 853 est?
2000 848 2004 852 .

1238 863 1395 900 Palmatis
1410 888 1421 904 ‚
1446 874 1545 909 quem
1567 868 1704 912 utroque
1723 867 1757 901 in
1782 866 1859 902 loco
1885 868 2067 913 Septimius

1190 915 1379 959 impugnat,
1405 914 1588 950 Marcionis
1606 927 1692 952 error
1711 917 1757 952 est
1769 919 1880 962 paucis
1897 923 2069 963 exponen-¹*

1189 966 1263 999 dus.
1289 965 1412 999 Omnia
1425 977 1567 1008 quatuor
1577 978 1687 1010 praeter
1698 969 1791 1002 suum
1805 993 1815 1009 ,
1842 969 1932 1013 quod
1950 969 2072 1005 Sanffl’

1191 1016 1286 1050 Lucae
1295 1014 1424 1050 dicebat
1436 1039 1447 1055 ‚
1474 1017 1653 1061 Evangelia
1664 1018 1822 1063 garriebat
1834 1019 1891 1055 ille
1902 1020 2015 1055 vitiata
2026 1021 2067 1054 &⁴

1190 1066 1300 1100 falsata
1313 1090 1320 1097 .
1348 1065 1496 1112 Qaestio
1506 1077 1572 1101 erat
1582 1066 1623 1101 de
1634 1067 1814 1103 falsationis
1829 1069 1968 1105 authore
1979 1094 1986 1102 .
2016 1071 2062 1104 Et

1188 1115 1292 1159 ajebat
1308 1115 1364 1148 ille
1376 1116 1461 1159 ipsos
1476 1117 1538 1151 effe
1550 1116 1654 1151 varios
1665 1141 1672 1149 .
1702 1117 1831 1163 Nempe
1844 1130 1912 1154 nou
1933 1119 2065 1154 dumta-

1189 1176 1246 1200 xat
1266 1174 1398 1199 notatos
1418 1166 1600 1209 frequenter
1620 1168 1638 1201 a
1662 1166 1780 1202 Sancto
1802 1169 1908 1202 Paulo
1918 1169 2065 1204 Pseudo-

1190 1215 1390 1259 Apostolos,
1417 1215 1472 1249 sed
1493 1216 1528 1249 &
1547 1216 1635 1258 ipsos
1657 1216 1894 1262 Evangelistas.
1922 1219 2062 1254 Etenim

1187 1265 1284 1298 etiam
1297 1265 1461 1308 supremos
1471 1263 1706 1307 Apostolorum
1717 1265 1884 1311 Principes
1897 1278 1936 1301 ac
1946 1267 2068 1302 Eccle-

1187 1313 1236 1347 fiae
1245 1313 1436 1353 columnas,
1462 1313 1594 1347 Petrum
1607 1338 1617 1354 ‚
1645 1316 1826 1357 Ioannem,
1851 1328 1889 1351 ac
1900 1315 2065 1360 Iacobum

1186 1362 1291 1405 ajebat
1303 1362 1394 1396 fuisse
1405 1361 1668 1405 reprehensibiles
1679 1373 1723 1399 ac‘
1738 1364 1756 1399 ὲ
1776 1365 1882 1402 Paulo
1893 1365 2067 1411 reprehen-

1186 1413 1236 1446 sos
1245 1436 1256 1452 ,
1281 1411 1421 1456 ideoque
1430 1413 1515 1446 eiam
1527 1412 1677 1448 Marcum
1689 1415 1723 1449 &
1733 1414 1928 1451 Matthaeum
1940 1417 2067 1461 potuis-

1187 1464 1217 1495 se
1239 1462 1372 1496 deviare
1386 1487 1394 1494 .
1421 1462 1464 1495 Et
1485 1463 1660 1506 Septimius
1680 1475 1794 1509 purgat
1813 1467 1985 1510 praesertim
1995 1477 2070 1501 tres>

1184 1511 1343 1549 primates
1380 1510 1560 1561 Apostolos
1588 1538 1595 1546 .
1633 1513 1787 1550 Affirmat
1810 1527 1868 1551 eos
1893 1517 2060 1561 integrum

1184 1561 1402 1606 Evangelium
1412 1562 1585 1597 contuliffi:
1595 1587 1607 1604 ,
1634 1564 1668 1598 δε
1678 1564 1720 1600 de
1733 1566 1801 1601 sola
1811 1568 1912 1601 vistus
1924 1571 2064 1611 inaequa-

1182 1611 1273 1646 litate
1288 1612 1382 1646 fuifl'e
1403 1610 1629 1655 reprehensos,
1655 1613 1796 1659 ideoque
1818 1617 1965 1660 ipsorum
1994 1616 2065 1660 lap-

1183 1661 1251 1695 sum
1263 1685 1274 1701 ,
1300 1660 1322 1693 fi
1335 1668 1443 1695 tamen
1455 1660 1579 1704 lapsum
1590 1687 1603 1704 ‚
1627 1664 1720 1699 fuiffe
1731 1665 1830 1699 solius
1841 1665 2065 1700 conversatio·

1183 1711 1233 1745 nis
1246 1735 1252 1742 .
1279 1711 1406 1745 Omnes
1425 1710 1467 1745 de
1488 1711 1565 1747 Deo
1576 1713 1731 1749 Creatore
1740 1715 1773 1749 ἀ
1783 1715 1936 1750 Domino
1947 1714 2063 1758 JESU

1180 1759 1313 1795 Christo
1324 1761 1512 1795 convenisse
1523 1785 1534 1801 ,
1560 1763 1595 1796 ὅ(
1606 1774 1660 1806 per
1674 1764 1787 1810 omnia
1798 1765 1886 1800 idem
1900 1766 2071 1808 praedicas--

1178 1811 1210 1844 se
1220 1835 1228 1842 .
1257 1810 1349 1845 Hinc
1361 1809 1403 1845 ab
1415 1810 1472 1844 ista
1486 1811 1572 1845 circa
1583 1813 1703 1856 legales
1714 1811 1807 1849 cibos
1825 1813 2062 1859 disceptatione

1179 1870 1318 1903 nugaces
1342 1859 1526 1893 Marcionis
1551 1860 1676 1895 fabulas
1697 1863 1783 1896 nihil
1812 1865 1958 1908 adjuvari
1977 1891 1985 1899 .
2014 1866 2060 1901 Et

1179 1909 1310 1951 quidem
1322 1907 1499 1952 Septimius
1509 1920 1624 1945 contra
1635 1911 1844 1947 manifestum
1858 1915 1887 1946 A
1891 1915 2062 1959 postolicoe

1178 1959 1219 1993 ad
1239 1959 1375 1993 Galatas
1393 1958 1535 2002 epistolas
1547 1970 1741 1997 contextum
1751 1964 1889 1998 affirmat
1909 1964 1987 1999 eu'm
1997 1966 2060 2000 Pe-

1178 2019 1230 2042 tro
1240 2009 1346 2051 lapsos
1358 2008 1452 2041 fuisse
1464 2007 1563 2041 etiam
1574 2008 1732 2050 Ioannem
1742 2012 1776 2044 &
1788 2012 1948 2054 Iacobum
1959 2039 1967 2046 .
1995 2015 2061 2050 Vi-

1178 2058 1271 2092 detur
1280 2056 1523 2093 Marcioniticae
1532 2057 1707 2094 calumniae
1723 2059 1857 2105 vestigia
1868 2059 2034 2099 insecutus
2044 2087 2060 2106 ‚
2091 2074 2098 2078 ·

1179 2107 1318 2150 ideoque
1337 2105 1428 2142 hunc
1447 2117 1589 2141 errorem
1611 2109 1751 2144 retulisse
1770 2109 1964 2156 dumtaxat,
1987 2118 2062 2152 nora·

1180 2156 1324 2203 probasse
1335 2182 1343 2192 .
1359 2168 1361 2170 ·
1371 2157 1442 2193 Aut
1452 2155 1538 2192 certe
1550 2158 1613 2193 fuit
1623 2160 1782 2195 memoria
1804 2159 1911 2206 lapsus
1923 2174 1934 2197 .’

581 2464 1203 2587 CAPUT
1353 2499 1718 2589 XXIV.

240 2682 837 2809 'Reprehendebatnt
874 2683 1206 2795 Apostoli
1243 2715 1395 2792 quae
1451 2695 1535 2767 &³
1567 2685 1702 2796 ipfi
1735 2719 1816 2770 ex
1857 2680 2072 2800 causei

878 2803 1388 2883 committebant
1405 2866 1420 2879 .
2054 2879 2056 2883 Α

517 3131 883 3200 reprehenfionem
929 3126 987 3177 ad
1032 3129 1116 3176 hoc
1167 3125 1411 3176 obtendunt
1458 3164 1472 3188 ‚
1520 3144 1570 3177 ut
1617 3126 1847 3198 suspeetam
1898 3126 2068 3177 faciant

482 3000 557 3043 On
593 2992 703 3040 mihi
739 3004 829 3039 tam
867 2987 976 3036 bene
1012 2987 1075 3036 est
1096 3024 1109 3048 ,
1145 2985 1282 3034 immo
1317 3003 1406 3035 non
1439 2986 1548 3034 mihi
1585 3002 1676 3036 tarn
1710 2988 1825 3038 male
1859 2989 1922 3038 est
1952 2994 1968 3050 ᾖ
2011 2978 2067 3038 iit·

245 2995 477 3225 N
518 3063 752 3130 Apostolos
786 3059 1062 3109 committam
1087 3093 1101 3105 .
1153 3055 1236 3105 Sed
1271 3058 1480 3123 quoniam
1515 3057 1808 3125 perversissimi
1842 3059 1909 3106 isti
1943 3058 2068 3107 illam

521 3201 759 3251 doctrinam
794 3200 1051 3269 superiorem
1078 3233 1090 3256 ‚
1126 3195 1396 3263 respondebo
1430 3197 1550 3265 quafi
1584 3217 1667 3266 pro
1702 3203 1832 3247 Petro
1861 3217 1872 3246 :
1924 3196 2068 3265 Ipsum

250 3278 433 3329 Paulum
468 3271 615 3323 dixiffe
653 3273 809 3322 factum
846 3269 887 3319 se
922 3266 1006 3318 effe
1041 3267 1244 3316 omnibus
1279 3270 1426 3317 omnia
1459 3305 1474 3328 ‚
1510 3269 1678 3334 Judaeis
1701 3265 1903 3333 Judaeum
1931 3303 1945 3328 ,
1980 3286 2069 3323 non

243 3344 405 3412 Judaeis
439 3362 528 3392 non
554 3342 755 3410 Judaeum
783 3378 798 3404 ,
831 3357 879 3390 ut
915 3354 1068 3390 omnes
1103 3337 1375 3406 lucrifaceret
1399 3374 1412 3386 .
1449 3336 1576 3391 Adeo
1609 3354 1690 3404 pro
1723 3336 1992 3407 temporibus
2026 3343 2071 3401 ὃς

1876 3407 2023 3455 personis
