2346 3724
124 1062 198 1101 Cap.
214 1064 242 1095 8.

119 1670 180 1703 Lib.
210 1675 235 1703 6.

117 1721 181 1750 cap.
214 1723 237 1743 1.

92 1980 94 1983 .
118 1943 180 1976 Lib.
209 1954 234 1978 7.

94 1986 181 2021 Ἔαρ,
209 1986 234 2014 8.

354 129 449 186 382

273 224 330 258 que
347 222 471 255 propter
494 214 663 249 adventum
694 212 816 256 Apostoli
851 216 934 248 Petri
957 236 968 251 ‚
993 214 1028 247 e·
1060 222 1161 247 tenera

274 263 508 302 christianorum
522 270 664 308 germina
686 288 696 304 ,
723 261 851 297 ‘uixdum
882 261 979 295 adhuc
995 266 1095 305 pauca
1118 265 1160 297 ad

271 313 386 359 sanc‘lae
400 313 474 355 fidei
489 314 682 356 profeffionem
701 317 906 354 erumpentia,
932 311 1011 345 banc
1029 319 1159 348 exorien-

273 372 335 399 tem
345 362 527 405 tyrannidem
539 366 573 398 (τ
583 363 753 406 consurgens
764 361 843 401 istud
860 363 949 396 civile
957 362 1064 396 bellum
1077 372 1160 407 neget

274 413 427 457 quisquam
450 415 612 448 Divinttics
621 412 672 454 effe
683 412 870 455 compressum
882 437 892 452 ,
917 419 970 455 qui
986 415 1157 454 praeterit-'s

269 465 448 506 temporibus
470 466 506 498 de
525 462 716 505 compreffione
737 463 871 498 civilium
897 461 1037 497 bellorum
1064 463 1158 508 simile

264 515 404 560 probarit
412 515 581 555 exemplum
596 536 603 544 .

320 563 430 600 Etiam
453 564 591 606 primam
613 563 648 596 in
671 574 734 598 nos
753 562 794 598 ab
805 563 1002 608 Imperatore
1021 566 1157 600 Nerone

268 625 395 651 motam
418 614 674 656 persecutionem
686 637 696 653 ‚
722 625 760 647 ac
772 613 840 657 ejus
853 625 992 650 mortem
1011 615 1157 649 subsecu-

267 674 301 701 ta
313 663 394 699 bella
406 664 518 699 civilia
537 663 674 705 exponit
688 663 775 699 idem
786 665 923 700 Orosius
933 690 944 707 ,
970 676 1067 708 atque
1087 665 1156 698 sub·

266 714 396 760 jungit:
425 717 496 751 Luit
516 717 611 747 Roma
631 714 763 747 caedibus
781 717 978 757 Principum,
1005 713 1156 757 excitatis-

264 776 323 807 que
329 765 466 798 civilibus
479 762 564 796 bellis
574 773 702 797 recentes
712 763 892 804 Christianae
904 767 1065 810 Religionis
1076 767 1154 803 inju-

264 820 351 855 rias,
377 817 411 848 Θ
426 814 512 857 figna
531 817 694 857 Legionum
716 815 789 854 illa,
815 826 883 857 quae
902 814 957 861 sub
978 818 1112 849 adventu
1123 819 1154 847 in

263 866 366 898 arbem
378 867 463 901 Petri
475 863 598 906 Apostoli
609 866 772 899 Divinitas
782 870 904 900 coercita
914 890 925 906 ,
950 867 1076 901 convelli
1092 867 1153 900 nul-

261 916 292 951 lo
301 915 384 949 modo
395 916 439 950 ad
447 915 640 949 excitandum
650 916 738 949 civile
750 915 858 950 bellum
879 918 1038 952 valuerant
1047 942 1059 958 ,
1076 918 1156 959 quod

257 973 315 1008 per
337 965 557 1000 scribonianum
564 965 735 1007 parabatur
748 990 759 1006 ,
787 969 878 1002 Petro
889 972 921 1000 in
935 967 1010 1003 Urbe
1029 967 1153 1009 interfe-

261 1015 306 1049 ἄο
327 1033 337 1056 ,
364 1017 399 1050 (9*
420 1015 600 1055 christianis
617 1024 780 1059 poenarum
805 1015 981 1060 diverfitate
1001 1019 1148 1056 laniatis,

259 1074 321 1101 toto
324 1065 357 1109 se
367 1066 433 1101 orbe
440 1065 613 1109 solverunt.
643 1066 766 1103 Divina
784 1067 977 1112 Benignitas
1000 1068 1152 1104 Gentiles

259 1116 434 1153 Romanos
460 1116 506 1152 ob
517 1116 648 1153 latentis
660 1117 693 1151 in
709 1115 806 1153 Urbe
819 1117 910 1154 Petri
920 1119 1034 1154 merita
1047 1117 1148 1152 hono·

259 1166 344 1202 ravit
354 1191 364 1207 ,
390 1168 423 1204 δε
435 1166 612 1202 custodivit
624 1167 820 1211 amplissimo
834 1170 996 1204 miraculo
1008 1192 1016 1201 .
1043 1169 1094 1204 Ita
1106 1168 1151 1202 ob

261 1217 394 1253 occulta
415 1217 556 1251 aliorum
581 1217 775 1253 sannorum
796 1219 910 1254 merita
933 1219 1027 1264 possit
1053 1219 1149 1264 egisse

258 1267 359 1304 etiam
375 1267 408 1302 in
422 1267 495 1302 aliis
505 1268 591 1311 apud
605 1268 756 1303 Gentiles
768 1269 947 1304 miraculis.
972 1269 1037 1304 Ista
1059 1269 1148 1304 beni·

257 1318 368 1362 gnitas
377 1316 410 1351 iu
425 1327 527 1350 omne
539 1315 720 1351 humanum
731 1328 834 1362 genus
845 1319 876 1353 se
889 1321 1012 1362 semper
1019 1320 1148 1358 effudit,

257 1367 347 1412 quod
362 1366 460 1410 quam
473 1366 617 1403 maxime
627 1367 726 1411 coepit
737 1368 802 1403 esse
822 1378 935 1404 verum
955 1368 1149 1404 Christianis

255 1415 479 1462 temporibus.
508 1417 642 1452 Etenim
655 1417 762 1452 clades
786 1418 1055 1460 &calamitates,
1082 1421 1148 1463 qui-

255 1466 316 1501 bus
338 1467 446 1503 statim
469 1465 510 1500 ab
524 1465 645 1502 Adami
659 1467 751 1513 lapsu
773 1465 958 1505 humanum
970 1481 1075 1515 genus
1086 1469 1148 1504 fuit

255 1518 379 1561 semper
400 1517 588 1552 obnoxium
612 1542 623 1560 ,
650 1528 728 1553 ante
749 1517 810 1554 ista
839 1529 986 1564 tempora
1018 1520 1148 1556 fuerunt

255 1566 357 1613 longe
376 1567 554 1603 acerbiores
576 1568 609 1604 ὃς
631 1568 757 1612 plures,
784 1569 819 1606 δε
839 1570 990 1606 laudatus
1011 1571 1147 1605 Orosius

252 1618 357 1654 edicit
375 1619 504 1654 causam
523 1632 534 1654 .·
561 1620 648 1662 ,Quia
671 1618 772 1654 adbuc
788 1626 843 1661 per
866 1619 1038 1663 universum
1058 1633 1148 1654 mun—-

256 1670 329 1703 dum
352 1670 436 1703 nulla
459 1677 526 1702 erat
547 1667 673 1710 Ecclesia
701 1691 713 1708 ,
739 1680 806 1711 quae
827 1675 997 1705 interventu
1012 1670 1149 1714 fidelium

253 1727 375 1761 precum
397 1724 523 1753 meritas
547 1719 653 1753 mundi
669 1727 776 1763 poenas
789 1745 800 1761 ,
819 1721 988 1767 justumque
1000 1724 1149 1763 judicium

256 1772 338 1809 Dei,
364 1778 488 1804 exorata
512 1767 599 1809 ipfius
614 1769 768 1802 clementia
799 1779 977 1812 temperaret
995 1798 1002 1805 .
1045 1772 1089 1808 Et
1109 1772 1149 1806 de

255 1818 364 1853 statim
389 1827 501 1861 praeter
523 1827 648 1859 morem
660 1818 832 1858 extinctis,
859 1820 935 1855 licet
957 1820 1148 1861 horrendis,

255 1868 327 1912 post
347 1867 495 1903 Neronis
518 1875 660 1899 mortem
683 1865 836 1900 civilibus
862 1868 955 1903 bellis
976 1870 1149 1915 adjungit.-

251 1923 335 1966 Jam
360 1922 441 1950 enim
461 1923 528 1948 erat
551 1917 654 1948 Romae
665 1938 676 1955 ,
702 1921 842 1956 quamvis
849 1916 1046 1958 persecutione
1057 1930 1146 1952 vexa-

257 1978 292 2003 ta
306 1992 318 2009 ,
343 1964 470 2007 Ecclefia
485 1989 496 2005 ,
521 1974 588 2007 quae
600 1967 631 2010 J
636 1964 716 1997 adici
734 1971 864 1998 omnium
885 1965 999 2006 Christo
1012 1975 1069 2008 pro
1089 1971 1147 1999 ini-

256 2025 340 2053 micis
362 2019 397 2053 Θ
417 2014 644 2059 persecutoribus
663 2010 845 2056 supplicaret
865 2041 872 2048 .
906 2016 970 2050 Hae
993 2017 1148 2061 supplica·

256 2070 363 2105 tiones
386 2066 507 2112 poffint
530 2066 630 2100 etiam
657 2064 847 2099 Gentilibus
881 2067 1062 2111 impetrasse
1085 2068 1149 2102 mi-

255 2119 365 2155 racula
379 2143 386 2151 .
413 2117 523 2160 Hujus
544 2115 783 2159 impetrationis
794 2115 930 2150 modum
953 2116 1148 2152 &ordinem

255 2172 291 2206 ἃ
304 2167 458 2204 Gentiles
484 2167 516 2200 &
529 2166 584 2209 ipsi
595 2165 694 2199 etiam
708 2167 930 2209 impetratores
948 2167 1059 2202 fideles
1079 2169 1149 2211 pos·

255 2222 316 2256 sint
343 2217 505 2264 ignorasse
519 2241 526 2248 .
554 2216 679 2250 Divina
699 2216 733 2248 in
747 2215 931 2253 humanum
951 2229 1056 2264 genus
1077 2229 1149 2264 pro-

255 2271 401 2309 videntia
412 2269 457 2304 est
468 2265 570 2313 longe
582 2265 783 2302 secretissima
796 2291 804 2300 .

292 2400 417 2468 Qafi
445 2418 507 2448 nec
532 2396 599 2446 hoc
618 2395 811 2468 firipturn
822 2399 896 2463 stt,
939 2415 1112 2448 venturos

551 2468 687 2519 multos
710 2506 724 2532 ‚
761 2475 854 2521 &ic-

306 2622 435 2656 Dostor
457 2619 711 2663 pergit‘firmare
732 2643 744 2659 ,
771 2619 863 2662 quod
898 2619 1150 2663 qualiacumque

259 2671 486 2709 haereticorum
499 2670 655 2703 miracula
668 2669 730 2702 fint
742 2669 839 2702 nobis
853 2680 919 2702 non
932 2669 1130 2702 attendenda
1140 2690 1151 2707 ‚

259 2722 313 2758 sed
327 2721 395 2755 sola
408 2718 636 2762 irrefragabilis
645 2742 656 2758 ,
682 2729 753 2761 quae
762 2718 873 2752 omnis
885 2717 980 2761 hujus
991 2718 1066 2752 libri
1078 2719 1149 2752 fun·

257 2772 450 2807 damentum
464 2768 509 2804 est
521 2792 532 2809 ,
559 2767 753 2811 praescriptio
766 2780 778 2801 .-
806 2769 973 2811 ‚Quidquid
980 2774 1013 2801 in
1025 2771 1151 2814 Dogma-

261 2833 292 2857 te
312 2822 350 2863 est
370 2821 532 2863 posterius,
556 2818 595 2859 est
617 2819 651 2852 &
662 2816 798 2862 falsum.
825 2819 969 2867 Qasvis
988 2819 1152 2858 doeirinas

262 2874 344 2907 seras
355 2872 494 2906 affirmat
504 2869 567 2904 esse
579 2871 754 2913 perversas.
782 2868 826 2903 Et
837 2880 992 2907 omnem,
1020 2869 1076 2911 qui
1100 2880 1149 2903 ne-

261 2923 366 2969 glecta
378 2920 438 2955 hac
451 2919 691 2964 praescriptione
701 2919 876 2954 attenderit
889 2919 929 2954 ad
944 2920 1001 2953 ista
1012 2920 1151 2954 miracu-

263 2975 319 3014 la,
345 2973 484 3008 affirmat
504 2970 758 3006 inexcusabilem
782 2994 793 3011 ‚
819 2980 857 3003 ac
878 2969 965 3014 apud
989 2969 1150 3003 Divinam

265 3023 426 3069 Justitiam
447 3018 625 3064 indignum
658 3020 751 3055 omni
787 3020 883 3054 venia
900 3020 981 3054 ,Et
1001 3020 1151 3065 adjungit

263 3076 415 3109 causam:
441 3070 538 3106 credo
557 3071 729 3115 allegabunt
747 3094 758 3111 ,
785 3070 864 3104 nibil
882 3082 1025 3113 umquam
1037 3070 1091 3111 fibi
1111 3071 1151 3104 ab

259 3127 314 3166 villo
326 3126 379 3168 vel
389 3123 428 3157 ab
438 3121 575 3166 Apostolis
585 3123 650 3163 ejus
662 3119 779 3164 deseris
798 3119 985 3163 &perversis
1006 3121 1150 3155 dodlrinis

258 3175 378 3218 futuris
386 3178 648 3217 praenuntiatum,
675 3173 709 3206 ὦ·
721 3172 758 3204 de
767 3172 911 3205 cavendis
932 3169 1152 3216 abominandis-

264 3236 318 3266 que
333 3232 518 3266 praeceptum
544 3247 551 3255 .
580 3220 744 3267 Agnoscam
767 3219 855 3265 suam
884 3221 985 3265 potius
1008 3223 1148 3262 culpam,

264 3275 357 3315 quam
379 3275 516 3314 illorum,
542 3278 594 3316 qui
617 3284 668 3306 nos
692 3275 778 3305 tanto
801 3281 870 3306 ante
894 3271 1147 3315 prastruxerunt.

263 3322 392 3358 Dostor
413 3324 550 3358 affirmat
566 3323 661 3357 istam
685 3322 959 3367 praescriptionem
982 3320 1078 3355 nobis
1088 3322 1149 3355 effe

266 3383 334 3406 non
354 3371 374 3405 a
394 3371 472 3405 solis
496 3373 667 3416 Apostolis
693 3373 846 3407 traditam
859 3396 869 3413 ‚
897 3371 951 3407 sed
971 3371 1005 3405 &
1025 3370 1148 3414 abipso

264 3422 418 3459 Domino
430 3433 442 3455 :
467 3420 547 3466 Ejus
558 3422 728 3459 adversum
748 3423 925 3459 nascituras
941 3421 1060 3467 quovis
1071 3431 1149 3456 tem·

879 126 1211 174 Seno

1281 129 1305 168 τ’,
1375 139 1392 170 1
1463 139 1498 170 ο
1562 139 1595 170 N

1228 223 1304 256 pore
1316 211 1446 248 haereses
1467 214 1685 248 neeeffitatem
1705 214 1769 249 esse
1789 214 1969 259 praedictam
1981 242 1992 260 ‚
2018 219 2113 256 usum

1227 269 1419 307 praeceptum
1439 274 1538 308 atque
1561 264 1780 298 inculcatum.
1807 266 1899 301 Hinc
1921 268 1962 302 ab
1979 269 2048 312 ejus
2060 277 2113 304 ne-

1225 314 1423 358 glestoribus
1447 326 1515 348 non
1540 315 1627 358 posse
1645 315 1785 348 accusari
1808 311 1970 352 Christum
1994 320 2114 354 Domi.-

1226 374 1308 397 num
1328 374 1384 399 aut
1397 365 1595 409 Apostolos,
1626 365 1680 399 sed
1701 361 1836 399 omnem
1848 367 1974 410 culpam
1991 371 2113 414 effeip-

1225 414 1332 448 sorum
1345 439 1352 447 .
1382 416 1491 449 Etiam
1505 415 1635 461 purgari
1648 427 1715 450 non
1731 415 1821 460 posse
1844 427 1899 459 per
1912 420 2111 460 qualiacum-

1224 475 1288 506 que
1300 465 1590 501 I-Iaeresiarcharum
1602 466 1759 500 miracula
1770 490 1778 499 .
1804 466 1887 500 Haec
1909 469 1999 503 verba
2011 495 2022 512 ,
2048 476 2111 504 11·ae-

1223 527 1279 557 que
1300 521 1423 549 veniam
1444 517 1632 550 merebuntur
1645 541 1655 557 ,
1684 517 1758 551 sunt
1781 515 1895 550 acerba
1915 517 1950 550 in
1974 517 2108 556 istorum

1223 565 1455 601 miraculorum
1475 567 1653 602 Senatores
1677 567 1804 601 ironia.
1832 567 1980 602 Eandem
2003 572 2108 605 conti-

1222 626 1299 650 nent
1313 617 1627 664 cunstatsequentia.
1655 616 1796 652 Rodunt
1810 616 2048 660 Marcionitas,
2074 622 2109 656 &

1220 677 1354 701 omnem
1379 666 1612 701 Gnosticorum
1638 667 1750 702 faecem
1771 692 1782 709 ,
1808 667 1866 712 qui
1906 668 2109 711 impudorate

1220 716 1421 752 blaterabant
1446 728 1514 751 non
1536 717 1746 752 solummodo
1769 729 1904 752 omnem
1933 720 2033 762 usque
2065 720 2109 754 ad.

1221 767 1289 802 suas
1303 765 1503 811 blasphemas
1514 768 1639 802 fabulas
1655 768 1832 802 Ecclesiam
1855 768 2023 803 credidisse
2043 779 2113 813 per-

1219 817 1326 862 peram
1341 842 1351 857 ‚
1381 817 1434 852 sed
1456 817 1490 852 &
1515 818 1619 861 ipsum
1632 816 1803 852 Christum
1815 818 2001 853 Dominum
2013 818 2109 856 devia

1219 879 1274 912 per
1294 867 1460 905 fallaciam
1483 878 1540 903 aut
1561 868 1756 910 imperitiam
1777 868 1957 913 pra-,dicasse
1970 894 1977 902 .
2005 868 2112 904 Blate-

1218 917 1332 953 rabant
1353 919 1384 952 se
1408 919 1442 953 ἀ
1455 917 1590 953 Christo
1602 918 1754 953 Domino
1765 944 1777 961 ,
1801 919 1836 954 ἀ
1848 919 1917 963 ipso
1927 919 2028 953 etiam
2040 919 2110 955 De·

1218 970 1350 1014 miurgo
1370 968 1581 1015 sapientiores
1601 994 1610 1003 .
1636 969 1686 1005 lta
1705 968 1753 1004 est
1787 970 1880 1014 supra
1902 969 2109 1006 demonstra-'-

1214 1029 1288 1057 ΚΒΜ
1300 1043 1308 1054 .

1251 1167 1326 1219 Sed
1336 1167 1433 1218 allus
1457 1186 1515 1218 me
1533 1175 1650 1218 Pater
1676 1169 1803 1218 melior
1837 1169 2071 1239 adoptavit.

1267 1318 1322 1352 Est
1336 1318 1455 1359 durus,
1482 1316 1536 1353 sed
1547 1329 1639 1353 verus
1652 1319 1823 1354 sarcasmus
1835 1318 1869 1353 in
1877 1318 2108 1359 Marcionitas,

1216 1369 1273 1412 qui
1285 1368 1453 1404 Christum
1466 1370 1653 1405 Dominum
1674 1379 1822 1415 cogunt,
1851 1379 1887 1403 ut
1906 1368 1963 1403 fibi
1986 1369 2043 1413 ipsi
2067 1370 2105 1403 in

1217 1421 1270 1453 sua
1281 1420 1514 1463 praedicatione
1526 1419 1781 1455 contradixerit.
1810 1418 1943 1454 Etenim
1967 1418 2024 1453 ille
2045 1429 2107 1462 pa-

1217 1469 1280 1503 lam
1304 1469 1487 1513 praedicavit
1509 1471 1542 1505 se
1561 1471 1625 1504 Dei
1639 1469 1806 1505 Creatoris
1818 1470 1964 1510 Filium,
1995 1476 2105 1504 veram

1214 1519 1273 1554 fibi
1286 1520 1451 1564 >adscripsit
1462 1531 1591 1555 carnem
1602 1544 1613 1561 ,
1637 1521 1720 1555 acin
1733 1521 1799 1564 ipsa
1813 1531 1921 1555 veram
1935 1528 2075 1554 mortem
2089 1541 2104 1560 ,

1216 1571 1361 1614 promisit
1375 1582 1485 1605 veram
1495 1571 1602 1606 carnis
1614 1572 1876 1606 resurrectionem
1887 1583 1899 1604 .·
1925 1570 1979 1604 llli
1991 1575 2105 1610 autem

1215 1621 1319 1664 ipsum
1341 1630 1468 1665 cogunt
1487 1619 1528 1655 ad
1553 1619 1672 1656 horum
1692 1622 1855 1656 omnium,
1877 1619 2103 1664 palinodiam·

1215 1671 1349 1714 Insuper
1371 1670 1477 1715 ipsum
1498 1682 1624 1716 cogunt
1647 1681 1684 1706 ut
1708 1671 1799 1705 istius
1819 1670 1966 1704 melioris
1976 1669 2043 1704 Dei
2065 1668 2107 1702 fit

1215 1732 1284 1755 non
1308 1722 1464 1756 naturalis
1486 1721 1574 1756 filius
1595 1746 1607 1762 ,
1633 1721 1686 1756 sed
1705 1721 1878 1756 dumtaxat
1900 1720 2076 1764 adoptivus
2094 1737 2106 1756 ο

1215 1770 1419 1816 Adoptionis
1442 1782 1591 1806 naturam
1613 1772 1778 1817 insigniter
1797 1782 1838 1805 ex
1849 1771 1970 1805 Sansto
1981 1769 2106 1813 Augu·-

1214 1821 1303 1855 stino
1326 1822 1466 1864 exponit
1486 1821 1606 1856 Beatus
1619 1822 1783 1857 Alcuinus
1793 1822 1931 1855 Flaccus
1944 1820 1979 1852 in
1992 1819 2104 1863 primp

1172 1871 1175 1873 ’
1214 1870 1300 1905 libro
1312 1881 1427 1905 contra
1440 1869 1641 1912 Elipandum
1663 1869 1981 1911 Archi-Episcopum
1996 1866 2103 1902 Tole-

1214 1922 1328 1959 tanum
1343 1932 1352 1950 ι
1379 1922 1496 1951 Beatus
1510 1918 1683 1959 Augustinus
1702 1923 1736 1949 in
1756 1916 1981 1958 disputatione,
2007 1927 2104 1959 quam

1215 1967 1321 1998 babuit
1331 1976 1395 1997 cum
1408 1965 1564 1996 Feliciano
1575 1966 1701 2006 quodam
1716 1967 1838 1997 Arianae
1858 1966 1957 1997 5180.
1968 1964 2105 2010 defenso·

1214 2025 1270 2056 re,
1295 2012 1493 2058 discr-evium
1502 2014 1629 2056 dicen13
1655 2015 1803 2047 Filiorum
1821 2014 1876 2047 dlii
1891 2011 1964 2055 sm
1988 2015 2107 2056 adopti-

1215 2071 1251 2099 vi
1264 2089 1275 2106 ‚
1303 2064 1457 2098 naturales
1470 2064 1539 2097 alii.-
1568 2069 1609 2098 Hi
1637 2069 1709 2106 quia
1724 2068 1842 2108 geniti,
1868 2062 1908 2096 ab
1927 2067 2014 2096 initio
2026 2061 2107 2106 seno·

1211 2124 1267 2158 per
1277 2114 1335 2158 filii
1349 2137 1359 2154 ,
1383 2125 1417 2147 ac
1425 2119 1542 2156 proprii
1559 2112 1649 2157 sunt.
1675 2114 1726 2147 Illi
1731 2115 1831 2155 primo
1850 2114 1962 2154 alieni,
1987 2112 2048 2157 post
2065 2111 2106 2156 fi·

1214 2166 1269 2199 lii:
1296 2166 1372 2198 Ciam
1389 2173 1446 2207 per
1463 2165 1654 2207 adoptionem
1677 2169 1710 2196 in
1713 2163 1871 2206 familiam
1886 2164 2036 2198 videntur
2045 2163 2106 2203 alo

1211 2214 1295 2261 scisci
1308 2241 1316 2248 .
1343 2216 1497 2250 Affirmat
1521 2213 1735 2258 adoptionem
1757 2214 1819 2248 effe
1838 2213 2016 2258 gratuitam
2037 2212 2106 2246 Ex·

1215 2268 1320 2302 tranei
1345 2266 1596 2310 assumptionem
1622 2266 1655 2298 in
1678 2264 1866 2310 digniorem
1876 2262 2034 2298 familiam
2059 2273 2103 2298 ac

1217 2317 1410 2352 filiationem
1425 2341 1432 2349 .
1458 2315 1554 2349 Hinc
1576 2314 1782 2359 adoptandus
1802 2313 1898 2348 debet
1915 2314 2104 2349 renuntiare

1216 2366 1378 2410 prioribus
1400 2366 1582 2402 natalibus.
1608 2366 1796 2408 Antiquum
1817 2364 1885 2408 ejus
1907 2365 2004 2397 ritum
2028 2373 2104 2408 pro-

1215 2418 1306 2452 ducit
1319 2418 1352 2451 in
1367 2428 1465 2461 opere
1474 2417 1515 2450 de
1527 2417 1616 2450 sacro
1636 2415 1724 2450 bello
1737 2413 1944 2449 Venerabilis
1961 2413 2103 2448 Guiber·

1215 2476 1266 2502 tus
1281 2491 1291 2507 ‚
1319 2466 1432 2501 Abbas
1454 2467 1575 2500 Sanstae
1597 2465 1711 2501 Mariae
1731 2464 1940 2499 Centulenfis
1960 2488 1972 2505 ,
1997 2472 2104 2509 agens

1216 2519 1256 2552 dc
1268 2517 1412 2553 Comitis
1425 2516 1770 2560 Balduiniadoptione
1793 2513 1946 2548 infinum
1973 2513 2007 2547 δε
2033 2516 2104 2548 suci

1217 2570 1372 2602 cessorem
1385 2567 1546 2610 Principis
1559 2566 1706 2613 Edesseni
1720 2578 1731 2600 .-
1752 2565 1958 2605 Adopraiionn
1967 2572 2104 2607 progen-

1216 2625 1257 2653 tis
1268 2615 1470 2660 consuetudine
1489 2618 1600 2651 dicitur
1612 2616 1701 2660 fuiffe
1719 2616 1790 2648 talis
1810 2615 1914 2646 modus
1927 2639 1934 2646 .
1961 2616 2048 2647 Intra
2066 2615 2103 2648 ii-

1215 2669 1301 2702 iseum
1327 2668 1486 2700 interulam
1508 2690 1520 2706 ,
1557 2677 1648 2709 quam
1673 2677 1725 2699 nos
1759 2675 1899 2699 vocamus
1929 2663 2103 2705 emiſsam,

1218 2722 1361 2760 Princeps
1384 2717 1573 2759 Bqlduinum
1593 2717 1705 2749 nudum
1718 2714 1840 2757 faciens
1863 2720 1979 2748 intrare
2005 2739 2017 2755 ,
2042 2713 2102 2755 fibi

1215 2769 1377 2811 adstrinxit
1407 2781 1419 2801 ‚-
1445 2770 1490 2800 Et
1511 2767 1577 2801 haee
1598 2772 1696 2799 omnia
1716 2764 1807 2810 osculo
1826 2764 1917 2799 libato
1936 2764 2098 2806 firmavit·

1215 2821 1298 2854 Idem
1323 2819 1472 2852 &muller
1481 2816 1661 2860 postmodum
1665 2814 1742 2858 fecit
1754 2840 1762 2848 .
1789 2817 1835 2849 sic
1854 2814 1894 2848 ab
1914 2823 2037 2857 utroque
2057 2812 2100 2855 est

1214 2875 1247 2903 in
1265 2868 1362 2913 filium
1382 2869 1563 2911 adoptatus.
1589 2864 1810 2910 Adoptandus
1831 2865 1874 2900 ita
1888 2864 2103 2908 profitebatue

1215 2921 1245 2955 se
1271 2918 1406 2963 pristino
1421 2918 1553 2964 generi,
1577 2928 1615 2951 ac
1637 2916 1704 2961 ejus
1723 2915 1880 2951 omnibus
1902 2926 1944 2950 ex
1967 2917 2103 2962 integro

1215 2970 1408 3003 valedicere.
1439 2968 1495 3003 Est
1514 2967 1669 3011 antiquus
1691 2977 1763 3000 mos
1784 2964 2104 3010 Romanilmperii.

1216 3021 1348 3055 Etenim
1362 3019 1477 3053 Edessa
1499 3019 1688 3062 usquetunc
1712 3017 1747 3053 &
1765 3017 1919 3052 Romana
1944 3016 1978 3051 &
2002 3014 2103 3050 Chri-v

1214 3071 1315 3105 stiana
1336 3070 1517 3111 manserat,
1545 3078 1723 3113 numquam
1749 3067 1877 3111 pervasa
1900 3064 2102 3112 aSaraceni·

1213 3132 1270 3156 aut
1294 3119 1418 3164 Turcis
1431 3145 1439 3154 .
1465 3120 1508 3154 Et
1529 3117 1594 3153 haec
1615 3118 1746 3153 forsitan
1769 3118 1814 3153 est
1824 3118 1992 3151 rationum
2009 3116 2095 3153 una,

1212 3171 1258 3206 ob
1270 3182 1350 3215 quas
1360 3170 1447 3204 avita
1458 3168 1629 3212 disciplina
1641 3167 1726 3211 juffit
1741 3164 1953 3212 Baposmales
1964 3166 2096 3200 Renun-

1213 3221 1412 3256 tiationesin
1426 3220 1566 3255 interula
1576 3219 1643 3254 fieri
1655 3244 1666 3260 ,
1695 3218 1859 3262 Baptisma
1873 3213 1984 3257 suscipi
2005 3212 2023 3246 ὲ
2038 3222 2097 3247 na-

1211 3271 1360 3306 turaliter
1371 3270 1481 3305 nudo.
1508 3269 1614 3318 Qod
1633 3268 1750 3313 nempe
1771 3268 1841 3304 illic
1864 3272 2022 3320 mutemus
2033 3258 2096 3318 P}-

1212 3332 1342 3362 rentes,
1368 3331 1406 3355 ac
1419 3332 1461 3355 ex
1474 3320 1579 3356 servili
1605 3320 1640 3355 ἀ
1660 3319 1813 3354 damnata
1826 3314 1944 3350 Adam!
1967 3310 2095 3347 fam¹l¹2

1211 3383 1250 3406 ac
1276 3370 1438 3405 filiatione
1457 3371 1651 3415 adoptemur
1672 3370 1708 3403 in
1730 3363 1851 3422 Chgsti
1875 3362 2018 3396 Domini
2051 3371 2096 3395 ae

1211 3421 1279 3460 Dei
1302 3421 1411 3457 Patris
1442 3421 1589 3462 liberant
1613 3427 1710 3461 atque
1731 3415 1892 3451 Divinam
1914 3437 1924 3448 .
1958 3410 2096 3498 Etfilnim

1962 3472 1997 3508 ip
2031 3477 2043 3486 .

2123 2410 2183 2442 Lib.
2197 2420 2224 2442 t.

2120 2450 2144 2482 =f.
2150 2454 2220 2490 49⁶·
