2346 3724
734 122 1056 168 Cari

197 211 398 254 quodcumque
417 206 547 242 buma'tio
559 207 664 250 furore
686 209 879 250 instituitur,
905 216 939 241 ut
963 210 1082 239 Divina

171 258 343 305 dispofitio
352 259 498 293 violetur.
527 259 565 292 ln
578 258 696 292 litteris
706 260 747 294 ad
760 259 990 294 Antonianum
1004 255 1079 299 Epi-

83 295 112 328 Ρ·
131 297 178 325 5²¹⁸
170 310 356 354 ⁸:s00pum
382 307 534 348 acbristo
555 320 616 341 una
625 307 663 347 est
673 309 800 353 Ecclefia
815 318 872 351 per
889 316 983 341 totum
1000 316 1083 339 mun-

198 362 272 395 dum
290 365 324 392 ln
346 359 444 391 multa
466 358 598 392 membra
624 358 763 402 divisa,
790 365 861 393 item
883 355 1082 399 Episcopatus

196 420 296 448 unus,
323 408 533 451 Epiftoporum
549 410 707 445 multorum
728 411 859 442 concordi
883 406 1085 447 numerositate

197 457 325 501 dffisus
344 480 352 491 .
375 459 422 492 Et.
447 457 482 491 in
511 458 626 493 litteris
652 460 692 494 ad
714 461 865 494 Sanstum
889 457 1084 491 Cornelium

196 509 418 544 Pontificem:
446 511 531 541 Petri
554 509 729 550 cathedra,
755 519 845 552 atque
858 507 983 549 Ecclesia
1000 512 1086 548 prin-

199 557 326 600 cipalis,
355 559 436 592 unde
447 565 548 592 unitas
558 554 766 593 sacerdotalis?
775 568 883 593 exorta
895 557 932 598 est
946 583 953 590 .
981 558 1018 591 ln
1034 558 1087 591 lit-

196 609 277 643 teris
297 607 338 643 ad
353 608 495 652 januarii
518 620 574 652 per
597 609 792 643 Numidiam
816 609 970 643 Primatis
981 609 1086 651 Syno-

198 657 302 692 dume
327 662 394 691 Una
414 658 453 698 est
463 658 589 699 Ecclefia
613 658 758 699 &Christo
780 663 909 693 Domino
927 657 1018 702 super
1029 663 1085 693 Pe-

199 717 281 741 trum
290 713 402 752 origine
411 713 541 742 unitatis
563 713 722 744 &ratione
728 709 868 751 fundata
881 734 889 741 .
916 709 954 744 In
969 711 1086 744 litteris

198 756 241 793 ad
252 757 420 805 Qintum
433 770 441 790 :
470 761 581 793 Petrus
592 783 604 800 ,
625 758 717 802 super
727 771 813 802 quem
826 763 972 794 Dominus
993 761 1085 804 aedifi'-

198 814 285 841 cavit
308 808 466 850 Ecclesiam
486 807 575 851 suam
592 834 600 841 .
627 809 665 843 In
687 809 804 843 litteris
827 810 867 844 ad
890 810 1083 853 Jubajanum

200 858 402 901 Episcopum
417 873 428 892 .-
456 861 565 892 Petrus
579 857 670 900 super
689 870 777 900 quem
790 862 936 894 Dominus
957 860 1083 903 aedifica-

198 912 250 941 vit
270 907 450 948 Ecclesiam,
476 909 601 940 &unde
620 914 753 941 unitatis
775 915 915 953 originem
938 909 1085 951 instituit

197 955 366 991 Etinfra:
394 955 521 997 Ecclefiae
530 955 567 996 est
577 969 659 998 una,
685 958 819 1000 &super
832 972 947 1000 unum,
974 966 1028 1003 qui
1051 963 1086 995 Θ

197 1007 303 1042 claves
312 1013 425 1048 accepit
438 1032 448 1047 ,
474 1010 596 1040 Domini
617 1018 687 1041 voce
696 1008 855 1050 fundata.
886 1010 928 1044 Et
952 1011 986 1045 in
999 1010 1085 1045 libro

198 1057 242 1099 dc
252 1056 400 1092 Unitatc
422 1057 574 1090 Ecclefiae
594 1056 728 1092 adducit
741 1058 942 1104 Evangeiica
967 1060 1062 1095 verba
1075 1086 1086 1103 ‚

197 1105 319 1150 quibus
354 1105 524 1139 Dominus
548 1107 666 1141 Sancto
686 1106 786 1142 Petro
814 1109 958 1144 coelestes
978 1110 1086 1145 claves

196 1155 346 1200 promisit
368 1166 406 1189 ac
425 1154 541 1197 dedit,
564 1167 663 1201 atque
683 1156 908 1202 prosequitur:
935 1163 1030 1203 super
1044 1163 1086 1194 il·-

198 1207 263 1240 lum
282 1216 374 1238 unum
386 1209 532 1239 Dominus
550 1209 678 1250 aedificat
689 1208 845 1251 Ecclefiam
860 1208 949 1252 suam
962 1236 973 1252 ‚
997 1211 1087 1245 &illi

195 1253 369 1299 pascendas
379 1257 507 1289 mandat
528 1268 599 1290 oves
605 1256 682 1300 suas
695 1283 702 1291 .
730 1262 777 1292 Et
788 1267 932 1301 quamvis
944 1262 1086 1303 Apostolis

198 1305 334 1340 omnibus
353 1306 414 1347 post
426 1305 675 1348 ResurrecVionem
690 1307 778 1349 suam
789 1309 904 1343 tribuat
921 1319 1031 1352 parem
1037 1321 1089 1353 po

199 1354 358 1395 testatem,
386 1363 490 1388 tamen
509 1367 543 1390 ut
569 1362 719 1389 unitatem
744 1358 859 1400 manif
852 1358 970 1400 staret,
997 1372 1088 1393 unam

200 1403 395 1438 cathedram
405 1405 569 1445 constituit,
599 1407 634 1438 &
643 1412 772 1439 unitatis
787 1408 916 1450 ejusdem
927 1415 1088 1454 originem,

202 1453 243 1487 ab
258 1463 316 1486 nno
334 1454 542 1493 insanientem,
565 1451 626 1496 sua
648 1455 833 1489 authoritate
849 1457 1008 1501 disposuit.
1034 1463 1090 1493 Hoc

200 1511 296 1536 crant
313 1505 416 1544 utique
437 1507 538 1535 caeteri
551 1502 695 1544 Apostoli,
720 1507 802 1547 quod
804 1505 872 1546 fuit
883 1509 1012 1547 Petrus,
1034 1518 1090 1550 pa-

205 1557 238 1587 ri
247 1551 387 1595 consortio
393 1553 565 1593 praediti&
571 1551 690 1587 honoris
699 1554 734 1587 ἄν
739 1556 896 1596 potestatis
908 1581 918 1596 ‚
941 1557 1001 1600 sed
1007 1571 1091 1592 exor-

203 1603 293 1637 dium
302 1603 342 1635 ab
352 1609 469 1635 unitate
476 1601 669 1646 proficiscitur
681 1629 688 1637 .
704 1608 864 1640 Primatus-
875 1610 964 1641 Petro
975 1610 1067 1642 datur
1080 1633 1091 1649 ‚

203 1662 242 1686 ut
259 1651 447 1692 una-christi
468 1652 618 1694 Ecclefia,
643 1656 849 1690 &cathedra
874 1668 936 1690 una
958 1659 1092 1700 monstre-

202 1708 274 1735 tur.
301 1704 348 1734 Et
360 1702 494 1744 Pasiam
514 1701 587 1745 sunt
604 1715 726 1747 omnes,
750 1705 808 1749 sed
812 1719 892 1751 grex
912 1720 990 1742 unus
1004 1709 1092 1751 osten-

203 1752 311 1792 ditur,
335 1757 388 1794 qui
400 1752 439 1784 ab
452 1752 588 1795 apostolis
600 1755 738 1789 omnibus
758 1764 896 1791 unanimi
918 1758 1092 1803 consenfione

200 1799 349 1845 pascam»-
372 1827 379 1833 .
405 1804 490 1836 Hanc
510 1803 645 1844 Ecclefiae
666 1812 817 1840 unitatem
839 1815 891 1851 qui
910 1821 968 1843 non
989 1819 1093 1851 tenet,

205 1851 345 1895 teni-rese
365 1851 459 1894 fidem
476 1855 588 1887 credit?
620 1856 686 1897 ,Qui
697 1857 830 1898 Ecclesi‘ae
841 1865 982 1893 renititur
1001 1863 1036 1895 Θ
1046 1873 1091 1895 re-

184 1945 186 1950 .
200 1900 294 1943 filiu,
318 1907 370 1944 qui
392 1902 579 1936 cathedram
599 1905 705 1944 Petri,
727 1905 819 1949 super
841 1921 933 1952 quam
948 1910 1092 1952 fundata

204 1951 247 1992 ost
269 1951 428 1993 Scelesta,
456 1951 588 1995 deserit,
616 1960 649 1987 in
667 1957 796 1999 Ecclefia
819 1958 851 2002 se
872 1960 923 2003 esse
944 1962 1094 2004 confidit?

205 2000 362 2036 Ecclesia:
383 2003 546 2037 unitatem
569 2006 744 2039 confirmat
768 2008 876 2049 varic,
906 2011 1091 2045 &conciu-

207 2051 289 2085 dit.-
315 2053 422 2094 ,Quam
447 2057 594 2086 unitatem
608 2054 738 2095 firmiter
756 2066 856 2093 tenere
879 2062 914 2094 (τ
933 2063 1091 2096 vindicare

207 2101 350 2135 debemur
364 2125 374 2141 ,
398 2106 528 2136 maxime
540 2103 677 2146 Episcopi
696 2113 750 2149 qui
769 2114 803 2142 in
813 2109 940 2152 Ecclefia
954 2111 1095 2154 praefide·

209 2161 294 2190 mus,
324 2160 357 2183 ut
368 2151 580 2195 Episcopatum
599 2166 710 2197 quoque
720 2156 816 2200 ipfiim
837 2171 929 2193 unum
948 2171 1056 2204 atque
1046 2164 1092 2196 'n-

207 2199 341 2243 divisum
361 2202 538 2243 probemus.
568 2204 768 2246 Episcopatus
789 2219 867 2241 unus
888 2210 950 2250 est,
975 2213 1092 2251 cujusae

204 2248 325 2294 lingulis
338 2249 504 2294 insolidum
512 2261 587 2293 pars
599 2262 737 2287 tenetur.
764 2257 889 2298 Ecclefia
899 2269 1010 2301 quoque
1029 2272 1091 2293 una

207 2300 269 2340 est,
296 2309 364 2342 quae
386 2306 418 2332 in
441 2302 661 2335 multitudinem
681 2304 774 2337 latius
785 2312 963 2340 incremento
981 2308 1095 2349 foecun-

208 2350 319 2382 ditatt's
330 2352 523 2384 extenditur.
551 2353 704 2393 ,Quomodo
721 2353 793 2395 solit
804 2357 890 2387 multi
910 2358 1018 2397 radii,
1038 2356 1098 2400 sed

209 2399 311 2431 lumen
332 2408 424 2431 unum
445 2410 453 2440 ;
481 2402 526 2430 Et
543 2403 623 2432 rami
643 2401 759 2434 arboris
786 2406 876 2437 multi
892 2404 982 2447 s‚ed
1005 2407 1095 2440 robur

206 2457 320 2487 unum,
346 2452 443 2480 tenaci
453 2450 553 2482 radice
560 2448 747 2490 fundatum
775 2457 822 2486 Et
832 2461 886 2498 qui
896 2457 934 2490 de
938 2456 1027 2498 fonte
1037 2469 1095 2490 uno

205 2504 271 2533 rivi
276 2498 403 2540 plurimi
416 2498 551 2538 defluunt
562 2522 573 2538 ,
591 2502 779 2544 numerositas
791 2505 859 2538 licet
869 2504 979 2549 diffusa
992 2510 1093 2541 videa·

206 2554 259 2581 tur
269 2548 453 2580 exundantis
465 2555 554 2590 copiae
565 2551 726 2594 largitate,
753 2560 854 2587 unitas
867 2564 970 2590 tamen
987 2556 1094 2600 serva-

207 2607 261 2632 tur
273 2602 305 2629 in
315 2603 444 2642 ortgine.
472 2601 575 2633 Avellc
586 2603 708 2635 radium
726 2602 797 2645 solis
815 2607 979 2648 acorpore‚
1005 2609 1094 2641 divi·-

203 2646 312 2690 fionem
321 2647 394 2680 lucis
406 2654 507 2681 unitas
518 2661 575 2682 non
585 2657 685 2693 capit.
709 2654 753 2686 Ab
764 2655 868 2689 arbore
880 2669 996 2691 ramum
1001 2658 1095 2700 fram

204 2708 264 2741 ge,
285 2696 408 2738 frat‘lus
415 2705 586 2742 germinare
610 2713 666 2734 non
677 2710 801 2745 poterit.
833 2711 857 2738 Α
864 2706 956 2748 fonte
966 2710 1095 2749 praecide

207 2753 330 2787 rivum,
353 2747 498 2791 praecisus
524 2749 652 2793 arescet.
678 2753 835 2790 Ostendit
860 2757 902 2791 fic
928 2758 1008 2792 item
1031 2760 1094 2793 effe

208 2797 245 2832 in
260 2796 425 2838 Ecclesia,
447 2799 502 2832 &
494 2811 528 2833 in
540 2800 754 2846 Episcopatu.
783 2806 965 2850 Episcopus
975 2820 1093 2854 coagu-

207 2847 257 2881 lat
276 2847 393 2881 &uait
417 2849 524 2883 varia.
553 2849 667 2885 Primo
690 2878 700 2894 ,
727 2858 840 2889 omnia
864 2857 1013 2891 Ecclefiae
1034 2861 1094 2893 suae

207 2896 384 2931 membra.
411 2897 544 2933 Deinde
562 2901 768 2945 semetipsum
802 2917 858 2949 per
880 2907 1093 2944 Catholicam

208 2947 483 2981 communionem
496 2949 731 2987 unitomnibus
751 2954 825 2989 aliis
840 2957 897 2991 sub
917 2959 1004 2992 coelo
1018 2960 1095 3004 Epi-

209 2997 338 3041 scopis,
363 3008 461 3039 atque
483 2997 527 3031 ita
542 3000 629 3034 suam
653 3001 828 3039 Ecclesiam
850 3008 1093 3044 omnibusisto-

209 3058 285 3082 tum
297 3045 468 3081 Ecclefiis.
496 3048 638 3090 Tertio,
657 3064 775 3088 omues
787 3056 940 3101 Episcopi
954 3070 1009 3102 per
1021 3071 1093 3094 ean-

208 3097 287 3132 dem
314 3098 586 3133 communionem
609 3112 647 3134 ac
670 3102 814 3139 debitam
839 3107 998 3142 primatui
1018 3110 1094 3144 obe-

209 3147 371 3182 dientiam
393 3149 458 3182 sese
470 3149 589 3183 uniunt
601 3150 758 3187 Romano
774 3155 962 3201 Episcopo,
988 3158 1006 3191 a
1027 3170 1093 3204 quo

208 3196 334 3232 habent
347 3196 558 3242 Episcopatus
578 3201 759 3245 originem,
790 3205 822 3239 ἀ
834 3208 999 3242 traducem
1015 3233 1026 3249 ‚
1049 3221 1094 3244 at-

210 3257 274 3291 que
292 3248 337 3281 ita
351 3259 428 3282 cum
446 3249 507 3282 ilio
517 3252 700 3285 conficiunt
718 3264 821 3287 unum
836 3256 978 3301 Episcop
980 3270 1093 3302 atum,

210 3306 309 3334 uuam
323 3294 547 3339 Cathedram,
573 3311 672 3335 unam
685 3302 874 3340 Ecclesiam.
905 3308 947 3341 Ei
971 3311 1094 3345 uniun-

310 3347 418 3388 Christ.
431 3352 507 3393 Lupi
517 3354 656 3392 OperaT.
666 3355 723 3386 IX.

55 520 112 560 EP-
130 530 175 558 55-

55 676 111 713 Ep.
129 683 176 708 70.

57 756 109 792 Ep.
128 764 177 789 71·

55 873 112 912 Ep.
130 883 178 912 ⁷3·

1096 208 1108 814 1

1145 214 1155 240 t

1147 305 1213 340 U
1225 303 1336 338 omnis
1350 302 1492 337 Ecclesia
1504 300 1638 336 Christo
1649 301 1828 343 Domino,
1853 305 1898 338 ita
1917 305 2029 340 omnis

1147 366 1218 389 vera
1232 353 1287 388 hic
1307 353 1455 388 militans
1466 350 1696 387 Christianitas
1717 351 1763 386 cst
1775 351 1933 387 Romano
1946 356 2027 398 Epi-

1146 407 1245 448 scopo
1267 403 1409 447 populus
1428 401 1795 438 circumsubstantialis.
1825 401 1936 436 Etiam
1948 413 2031 445 quse·

1160 215 1197 240 ur
1215 204 1266 239 uti
1222 128 1385 238 1radius
1407 213 1483 237 cum
1434 115 1596 241 Vsole,
1622 201 1672 236 nti
1689 214 1797 240 ramus
1808 217 1883 241 cum
1894 206 2003 240 radice
2014 228 2026 245 ‚

1145 256 1193 289 uti
1216 255 1302 288 rivus
1321 265 1397 287 cum
1410 254 1523 292 fonte,
1550 251 1600 286 uti
1616 251 1740 285 subditi
1763 266 1837 289 curn
1860 257 2024 290 primate.

1148 456 1194 489 vis
1205 454 1374 499 singularis
1387 452 1528 488 Ecclesia
1540 454 1599 488 suo
1610 452 1764 498 singulari
1777 451 1958 495 Episcopo.
1986 453 2032 486 Et

1147 513 1262 538 omnes
1285 503 1460 549 singulares
1484 502 1640 546 Episcopi
1654 503 1831 547 Episcopo
1851 501 2032 536 Romano.

1150 554 1323 592 Ecclesia,
1341 554 1422 588 teste
1444 554 1566 588 Sansto
1588 555 1731 593 Irenaeo,
1755 553 1802 587 est
1823 563 1889 586 una
1906 550 2035 586 familia

1146 605 1284 639 eandem
1296 602 1489 638 inhabitans
1499 602 1658 645 domum,
1683 602 1807 637 habens
1819 602 1957 637 eandem
1970 602 2037 636 ani-

1148 667 1256 693 mam,
1283 654 1372 689 idem
1396 665 1479 693 cor,
1507 652 1594 688 idem
1616 664 1679 694 os,
1704 653 1843 688 eandem
1863 652 2035 697 linguam.

1151 705 1226 748 Ejus
1239 716 1296 738 cor
1315 705 1348 740 ἀ
1360 705 1470 739 anima
1493 704 1573 738 sunt
1587 703 1688 744 fides,
1716 715 1754 738 os
1775 703 1820 737 cst
1835 703 2036 746 Episcopus.

1149 754 1210 789 Per
1232 756 1337 797 ipsum
1362 754 1474 789 omnis
1499 754 1641 788 Ecclesia
1666 754 1833 797 loquitur.
1861 753 1905 786 Et
1927 753 2039 787 omnis

1151 805 1332 848 Episcopus
1342 804 1490 849 loquitur
1505 815 1543 838 ac
1568 804 1661 848 loqui
1679 802 1776 838 debet
1787 815 1828 837 ex
1845 815 1903 838 ore
1915 804 2040 837 Roma-

1150 855 1183 888 ni
1198 855 1376 900 Episcopi:
1405 855 1515 900 Loqui
1528 854 1719 890 Romanam
1742 854 1914 900 linguam,
1941 854 1993 888 seu
2006 852 2043 885 fi·

1149 904 1244 939 dem.
1272 906 1353 948 Hoc
1363 906 1503 941 unicum
1523 917 1562 940 os
1574 904 1673 940 habet
1684 906 1794 939 omnis
1806 903 1864 939 sub
1876 903 1963 939 coelo
1980 903 2043 937 Ec-

1149 955 1264 990 elefia.
1289 956 1462 999 Antiquus
1475 956 1531 990 ilie
1544 956 1690 1000 Scriptor
1698 980 1710 996 ‚
1736 967 1835 1000 quem
1848 954 1953 999 vulgo
1964 955 2043 988 san-

1149 1007 1237 1040 stum
1248 1005 1450 1048 Dionysium
1461 1006 1698 1050 Areopagitam
1710 1005 1879 1045 dicimus,
1907 1006 1940 1038 in
1955 1003 2043 1038 libro

1149 1054 1189 1090 de
1203 1055 1427 1090 Ecclefiastica
1450 1055 1652 1091 Hierarchia
1674 1056 1874 1099 Episcopum
1901 1054 2043 1099 appellat

1152 1105 1304 1140 Ecclefiae
1323 1109 1516 1147 Aptatorem
1545 1106 1695 1149 Exponit
1707 1107 1841 1139 sanstus
1853 1106 2043 1138 Maximus:

1151 1157 1191 1189 Id
1207 1155 1246 1196 est
1266 1181 1278 1200 ,
1304 1159 1551 1189 Concinnatorem
1573 1181 1581 1188 .
1610 1156 1821 1196 Lacfdemonii
1840 1153 2044 1197 subieli‘arum
2064 1165 2132 1200 Cap
2156 1173 2181 1199 3,

1149 1210 1309 1240 civitatum
1336 1206 1574 1239 Gubernatorem
1607 1206 1807 1239 nominabant
1844 1209 2052 1246 Aptaetorem:

1152 1257 1246 1300 ,Quod
1255 1255 1390 1299 subditos
1417 1265 1562 1299 aptaret,
1586 1265 1622 1289 ut
1643 1268 1682 1290 ex
1699 1257 1764 1300 lege
1773 1262 1931 1289 viverent.
1960 1254 2047 1288 Unde

1150 1313 1242 1339 etiam
1261 1305 1456 1348 Athenienses
1478 1319 1527 1340 eos
1550 1308 1747 1349 appellabant
1770 1311 1932 1347 Aptatores
1954 1329 1976 1346 ,
1990 1309 2047 1346 qui

1152 1359 1226 1390 aliar
1239 1359 1284 1390 ad
1292 1356 1365 1390 ben?
1377 1359 1547 1391 vivendum
1561 1357 1733 1401 dirigebant
1744 1380 1755 1397 ,
1782 1362 1827 1389 uti
1849 1357 1938 1389 Plato
1949 1359 2049 1387 Comi-

1152 1417 1201 1439 cus
1225 1411 1259 1439 in
1275 1408 1422 1439 Dramate
1446 1410 1571 1450 Legatis
1593 1408 1747 1440 declarat.
1770 1406 1856 1438 Unde
1877 1411 1968 1441 etiam
1978 1407 2053 1436 Dio-

1153 1454 1240 1495 nysius
1264 1455 1399 1496 Ecclefiae
1410 1457 1586 1498 Episcopum
1599 1457 1720 1498 propri?
1744 1456 1826 1489 dixit
1853 1459 2052 1497 Aptatorem

1153 1506 1280 1538 Omnia
1299 1506 1357 1538 ilie
1377 1505 1523 1539 membra
1547 1509 1606 1539 suo
1618 1507 1694 1539 loco
1718 1505 1874 1538 &ordini
1893 1514 2050 1548 coaptat,

1153 1565 1191 1587 ac
1201 1554 1279 1587 facit
1292 1564 1414 1589 uuum
1447 1553 1540 1588 Idem
1558 1554 1740 1597 Dionysius
1753 1553 1918 1597 Episcopo
1935 1554 2051 1588 adscri-

1156 1604 1204 1638 bit
1219 1604 1281 1639 tria
1293 1603 1425 1641 officia²
1452 1603 1618 1651 Purgare,
1644 1602 1850 1645 illuminare,
1877 1604 2051 1647 perficere,

1156 1655 1208 1688 seu
1221 1654 1338 1695 unire;
1364 1653 1477 1696 utique
1490 1654 1640 1688 Ecclesia:
1651 1653 1816 1695 membra,
1843 1654 1878 1688 δι
1888 1665 1965 1688 cum
1984 1653 2051 1687 sese

1156 1714 1298 1745 mutuo,
1323 1704 1359 1738 ἀ
1380 1714 1457 1738 cum
1479 1705 1633 1739 Domino
1654 1706 1762 1746 Deo,
1790 1715 1847 1747 per
1871 1704 1990 1738 castam
2013 1704 2051 1737 δε

1156 1754 1343 1789 ordinatam
1366 1755 1434 1788 Dei
1453 1765 1491 1788 ac
1515 1754 1658 1798 proximi
1680 1755 1893 1790 charitatem.
1922 1753 2051 1787 Merito

1157 1804 1256 1850 igitur
1271 1815 1309 1839 ac
1320 1803 1404 1839 recte
1414 1803 1600 1849 Episcopus
1621 1806 1804 1850 appellatur
1814 1805 1957 1849 Sponsus
1975 1814 2048 1838 coa-

1156 1857 1253 1902 gulus
1274 1855 1387 1899 pacis.

1204 1908 1340 1942 Sanctus
1363 1907 1505 1950 Optatus
1517 1905 1617 1943 tertio
1641 1907 1724 1943 dicit
1736 1904 2050 1950 schismasserdiffi

1157 1967 1250 2002 patos
1269 1958 1378 1991 sensus
1389 1959 1535 2002 generari
1547 1959 1678 2002 Sponso
1688 1958 1832 2004 coagulo
1845 1958 1952 2002 pacis.
1979 1955 2047 1988 Ex

1157 2007 1298 2051 ponitin
1311 2007 1429 2042 litteris
1446 2007 1488 2043 ad
1508 2008 1737 2054 Rogatianum
1761 2008 1955 2042 Novensem
1969 2005 2048 2047 Epi-

1158 2059 1291 2101 scopum
1314 2057 1449 2092 Sanctus
1471 2058 1694 2101 Cyprianus,
1718 2058 1790 2099 post
1808 2064 2044 2100 exaggeratam

1158 2108 1266 2142 nescio
1287 2108 1378 2151 cujus
1388 2109 1534 2142 Diaconi
1557 2109 1592 2139 in
1604 2108 1702 2139 suum
1716 2107 1918 2150 Episcopum
1931 2115 2049 2139 contu-

1156 2158 1296 2191 maciam
1308 2156 1525 2200 subjungens:
1555 2155 1706 2198 Haecsunt
1716 2161 1807 2190 initIa
1817 2155 2042 2194 baereticorum,
2064 2160 2116 2198 E-p
2138 2160 2186 2191 ὅς.

1156 2208 1191 2239 6
1200 2214 1282 2238 ortus
1295 2213 1384 2246 atque
1395 2214 1515 2238 conatur
1528 2205 1806 2249 Schis'maticorum,
1828 2207 1906 2240 mal?
1916 2210 2047 2249 cogitan-

1155 2260 1233 2287 tium
1244 2263 1278 2287 ut
1287 2254 1513 2296 fibiplaceant.
1541 2260 1580 2288 Ut
1593 2255 1784 2298 Praepofitum
1804 2256 1929 2299 superbo
1954 2264 2046 2289 tumo-

1155 2314 1186 2336 re
1207 2313 1416 2336 contemnant.
1437 2307 1483 2336 sic
1504 2306 1541 2337 de
1566 2305 1696 2347 Ecclefia
1707 2308 1875 2346 receditur,
1894 2305 1933 2348 fic
1945 2307 2044 2339 altare

1150 2358 1306 2394 proprium
1319 2352 1401 2393 foris
1413 2354 1583 2394 collocatur,
1603 2354 1644 2395 fic
1660 2367 1763 2390 contra
1783 2365 1888 2398 pacem
1911 2356 2045 2396 Christi,

1155 2403 1418 2436 &ordinationem
1438 2411 1527 2445 atque
1548 2410 1693 2439 unitatem
1716 2410 1773 2440 Dei
1792 2407 1973 2440 rebellatur.
2002 2406 2047 2440 Et

1155 2453 1190 2486 in
1208 2451 1323 2489 litteris
1344 2451 1383 2486 ad
1396 2454 1603 2488 Florentium
1617 2454 1825 2499 pupianum:
1853 2459 1929 2490 inde
1947 2455 2048 2499 fihis-
2067 2469 2118 2505 gp
2133 2471 2181 2503 69·

1154 2512 1239 2535 mata
1256 2501 1420 2545 &baereses
1432 2502 1641 2547 obortaesunt,
1668 2508 1702 2541 (ν
1713 2514 1850 2540 oriuntur
1861 2531 1872 2547 ‚
1885 2509 1956 2540 dum
1969 2510 2049 2547 Epi-

1148 2551 1276 2596 Jiopus,
1302 2558 1354 2595 qui
1371 2564 1448 2585 unus
1468 2554 1525 2594 est,
1552 2557 1586 2588 (τ
1611 2556 1746 2598 Ecclesiae
1766 2556 1893 2599 praeest‚
1917 2555 2046 2599 superba

1154 2604 1350 2645 quorumdam
1369 2603 1604 2647 presumptione
1621 2613 1837 2646 contemnitur,
1864 2608 1898 2641 (9·
1909 2607 1992 2641 bomo
2001 2607 2048 2639 di-

1150 2660 1294 2697 gnatione
1306 2655 1365 2686 net
1377 2653 1559 2695 honoratus,
1586 2659 1726 2700 indignus
1751 2657 2048 2699 hominibusjudica

1157 2713 1227 2736 tur.
1256 2704 1299 2739 Et
1323 2704 1357 2736 in
1375 2706 1511 2738 tractatu
1535 2706 1577 2739 de
1599 2708 1670 2740 zelo
1690 2708 1724 2740 ἀ
1747 2709 1874 2742 livore:
1903 2708 2046 2738 Ambitio-

1155 2765 1223 2786 nem
1240 2754 1321 2786 zelus
1342 2760 1475 2794 excitat,
1503 2757 1575 2787 dum
1599 2762 1693 2789 cernit
1702 2763 1768 2798 quir
1785 2760 1876 2790 alium
1886 2762 1918 2787 in
1930 2755 2046 2788 bonori-

1155 2804 1208 2836 bus
1220 2802 1394 2837 auctiorem.
1422 2808 1501 2839 Hinc
1515 2809 1675 2837 Dominicae
1692 2811 1779 2846 pacis
1799 2806 1950 2839 vinculum
1963 2817 2042 2837 rum-

1152 2859 1257 2895 pitur,
1284 2852 1354 2885 binc
1363 2852 1494 2886 charitas
1502 2854 1646 2895 fraterna
1659 2856 1813 2895 violatur,
1840 2856 1909 2888 binc
1925 2857 2044 2889 adulte-

1155 2912 1238 2936 ratur
1260 2908 1395 2942 veritas,
1421 2909 1523 2936 unitas
1539 2903 1714 2946 scinditur,
1741 2907 1787 2938 ad
1809 2904 1935 2948 baereses
1952 2916 2041 2947 atque

1154 2955 1197 2986 ad
1207 2952 1367 2996 schismata
1379 2952 1537 2994 prosilitur,
1548 2956 1620 2987 dum
1631 2954 1812 2989 obtrectatur
1819 2956 2040 2995 sacerdotibus,

1155 3006 1225 3037 dum
1239 3001 1394 3046 Episcopis
1406 3005 1585 3043 invidetur,
1611 3006 1682 3036 dum
1692 3011 1760 3047 quis
1772 3015 1835 3039 aut
1838 3010 1969 3049 queritur
1981 3017 2039 3038 non

1150 3053 1184 3097 se
1202 3055 1302 3096 potius
1323 3055 1512 3094 ordinatum,
1537 3063 1591 3087 aut
1614 3055 1795 3098 dedignatur
1816 3058 1943 3092 alterum
1954 3055 2042 3096 ferro

1156 3103 1360 3147 Praepofitum
1390 3101 1535 3137 Schisma
1547 3104 1593 3137 est
1609 3114 1791 3141 contumax
1804 3107 1953 3140 adversus
1965 3106 2042 3148 Epi·

1156 3157 1289 3199 scopum
1311 3153 1477 3193 rebellio,
1504 3166 1567 3198 qua
1586 3154 1659 3198 quis
1678 3155 1746 3198 ejus
1765 3160 2039 3191 communionem

1155 3205 1292 3245 deserit,
1316 3205 1348 3238 ei
1377 3205 1410 3238 in
1425 3204 1562 3238 Divinis
1581 3215 1649 3239 non
1666 3206 1799 3240 sustinet
1815 3206 2039 3241 communica-

1155 3267 1205 3289 re.
1235 3255 1317 3288 Haec
1338 3255 1546 3288 contumacia
1566 3265 1608 3288 ex
1618 3255 1721 3290 livore
1744 3257 1858 3289 &zelo
1874 3257 2043 3294 nascitur,

1155 3317 1221 3349 quo
1232 3304 1304 3350 quis
1322 3315 1379 3340 aut
1390 3303 1478 3340 dolet
1497 3304 1529 3339 se
1537 3315 1607 3340 non
1603 3306 1726 3348 potius
1737 3316 1923 3350 promotum
1935 3329 1947 3345 ‚
1972 3317 2012 3340 au
2023 3316 2038 3341 t

1601 3355 1640 3390 H
1696 3367 1720 3393 2
1922 3367 1990 3402 quo
