2346 3724
743 127 785 172 C
856 141 885 171 A
1047 137 1064 168 1

236 219 372 255 Sanetus
392 217 522 259 Martyt
540 211 790 258 Theophanes,
816 213 939 248 addens
959 213 1035 246 istos
1051 212 1114 254 Cy-

236 270 313 304 tillo
326 267 527 302 adversantes
541 265 721 308 Episcopos
734 266 852 307 judict-
863 263 989 306 peccaffe
1001 287 1008 294 .
1037 261 1115 294 Am·

238 318 283 354 bo
293 319 454 353 affirmant
473 314 630 356 Piiffimi,
656 316 802 359 adeoque
822 315 857 349 &
871 311 1115 356 Religiofiffimi

235 379 335 412 atque
348 366 543 402 Sanffiffimi
559 365 690 400 titulum
714 366 814 399 etiam
828 364 979 397 haeretico
1000 362 1032 396 ἀ
1044 362 1115 396 Lai-

237 431 280 454 co
293 418 383 461 poffe
392 427 433 450 ex
445 416 544 450 caulis
567 413 796 460 dispensatori&
817 412 974 447 adscribi.
1003 411 1046 445 Et
1061 424 1116 446 no-

238 469 313 505 bilis
335 466 477 502 Dulcitii
500 468 618 501 fastum
632 466 765 500 Sanetus
787 462 1015 507 Augustinus,
1041 461 1117 496 licet

234 516 487 561 improbaverit,
516 528 585 551 non
606 516 795 555 damnavit,
820 513 872 550 sed
899 513 1048 558 purgavit
1071 523 1118 546 at·

236 580 302 614 que
313 568 494 601 excusavit.

289 619 333 651 Et
345 618 476 660 quidem
500 618 633 652 Sanetus
646 613 871 658 Theophanes
894 624 992 658 atque
1006 612 1116 648 Cardi-

238 668 324 703 nalis
346 667 528 701 Anastasius
552 678 655 712 agunt
678 667 718 700 de
742 665 970 709 Romanorum
982 665 1118 707 Impera-

243 728 333 759 tore,
362 729 457 761 quem
471 716 546 751 licet
571 716 779 756 haereticum,
806 716 911 752 immo
936 714 1013 748 licet
1027 724 1121 758 paga·

240 780 323 803 num
335 767 591 802 Christianitatis
605 768 838 810 persecutorem
850 790 861 806 ‚
889 765 990 799 nostri
1001 762 1118 808 optimi

236 818 387 861 -Majores
400 819 519 861 semper
530 818 733 862 appellarunt
745 816 926 850 Piiffimum
937 824 1036 858 atque
1047 814 1120 847 San-

241 869 433 902 ssiffimum.
463 868 596 902 Etenim
622 867 662 901 ad
679 865 927 904 AEmilianum‚
953 863 1121 909 Augusta-

246 918 312 952 Iem
338 917 486 962 AEgypti
506 917 712 956 Praefeeium,
739 914 780 951 de
803 917 940 959 paganis
951 914 1120 956 Imperato·

244 967 333 1003 ribus
358 967 537 1003 Valeriano
559 968 591 1002 &
605 967 761 1000 Gallieno
784 965 868 999 dixit
889 966 1021 999 Sanctus
1043 963 1123 997 Dio-

245 1019 356 1061 nysius
391 1016 578 1052 Patriarcha
617 1014 865 1050 Alexandrinus
891 1027 900 1046 ι
937 1018 1005 1047 Nos
1034 1023 1123 1044 unum

245 1071 365 1107 Deum,
391 1072 444 1108 qul
468 1068 624 1100 Valeriano
648 1067 682 1099 (θ’
705 1065 860 1102 Gallieno,
888 1067 966 1099 virts
988 1062 1115 1102 5anc¹7iffi

242 1122 325 1156 mis,
351 1120 512 1156 Imperium
533 1116 660 1158 largitus
681 1113 720 1154 est
732 1137 742 1154 ‚
768 1114 932 1146 &colimus
954 1114 988 1146 Θ
1002 1123 1121 1146 venera-

242 1177 310 1201 mur
323 1190 331 1197 .
358 1165 405 1199 Ita
417 1162 516 1199 habes
537 1164 571 1198 in
600 1163 824 1198 Ecclefiastica
845 1162 978 1197 historia
992 1161 1124 1196 Eusebii

235 1214 467 1251 -Caesareenfis.
498 1215 542 1248 Et
563 1214 604 1248 ad
625 1215 856 1257 Imperatorem
868 1213 1100 1248 Constantium
1116 1237 1126 1252 ‚

246 1263 538 1301 catechumenum
551 1275 647 1307 atque
660 1263 846 1297 haereticum
856 1286 866 1302 ‚
894 1263 1045 1306 rescripsit
1058 1263 1122 1296 uni-

245 1317 335 1351 versa
351 1313 564 1348 Ariminensis
587 1314 762 1357 Synodus:
790 1317 863 1347 Tua·
884 1314 1056 1347 Clementia·
1079 1314 1127 1346 l1t-

245 1374 333 1400 teras
354 1370 519 1406 accepimus
532 1388 543 1404 ,
570 1368 738 1406 Imperator
755 1363 945 1403 5an621ffime.
976 1363 1126 1397 Eundem

247 1416 384 1450 titulum
396 1415 500 1457 plures
513 1415 608 1448 sancti
628 1414 782 1457 Episcopi
795 1413 953 1448 dederunt
976 1412 1126 1448 haeretico

248 1465 439 1507 Imperatori
454 1464 620 1499 Anastasio
630 1488 638 1495 .
668 1465 711 1497 Et
724 1464 763 1499 de
775 1463 971 1506 Imperatore
983 1462 1124 1498 Michae

249 1515 281 1549 le
295 1514 475 1558 Paleologo
497 1525 534 1547 ac
558 1511 698 1557 Josepho
721 1515 826 1554 primo
840 1513 1026 1547 Patriarcha
1040 1514 1126 1547 Con-

248 1564 547 1607 stantinopolitano
575 1563 684 1596 scribit
706 1563 869 1606 Georgius
892 1562 1129 1605 pachymeres:

239 1616 329 1648 ⁴Ciam
346 1615 447 1655 perid
464 1622 584 1655 tempus
597 1614 680 1646 brevi
693 1619 849 1646 moriturus
862 1637 873 1655 ‚
901 1622 934 1646 ut
943 1613 1107 1655 putabatur
1120 1637 1129 1651 ,

244 1662 498 1710 Josephustestes
515 1664 627 1696 ultImae
642 1665 806 1696 voluntatis
829 1663 946 1696 tabulas
969 1665 1027 1696 rite*
1049 1662 1130 1703 confi-

252 1715 375 1748 ciendas
387 1711 459 1755 cens
454 1714 531 1755 uisset
543 1736 553 1752 ‚
574 1718 653 1746 iniit
668 1725 705 1746 ex
726 1724 801 1746 more
816 1718 990 1752 mentionem
1004 1717 1130 1754 Impera-

253 1768 327 1797 torit
333 1763 454 1803 faciens
468 1787 478 1802 ,
504 1762 560 1804 ipsi
574 1763 645 1797 bene
663 1765 814 1805 precando
826 1788 836 1804 ,
865 1770 976 1796 nomint
995 1765 1057 1805 ejus
1078 1774 1127 1796 vo-

252 1813 412 1852 cabulum,
438 1814 593 1851 Sanctus,
615 1824 673 1846 non
682 1815 848 1854 adiunxit,
872 1825 927 1855 quo
949 1823 1050 1846 tamen
1066 1809 1134 1854 pas-

246 1861 302 1905 fim
316 1867 506 1903 Imperatores
519 1861 658 1894 honorari
683 1861 891 1902 consueverunt
900 1887 910 1902 ‚
942 1874 980 1895 ex
992 1873 1048 1903 quo
1054 1860 1135 1903 sacri

110 1904 175 1935 Lib·
200 1909 228 1932 ⁶·
255 1913 394 1946 Unfflone
414 1913 466 1944 olet
483 1909 555 1953 fimt
578 1917 751 1954 inaugurate·
768 1935 776 1942 .
806 1915 873 1944 Eas
898 1911 1018 1945 tabulas
1040 1912 1086 1944 ad
1101 1909 1135 1954 se

109 1952 199 1982 αρ’-ζ
211 1954 372 1996 ”delatas
384 1966 545 2004 Imperator
556 1962 673 2002 Iegem,
700 1960 828 1993 mlratui
852 1966 886 1993 in
896 1967 940 1993 ets
965 1962 1134 2000 omiffionem

255 2025 386 2051 novam,
409 2009 520 2052 scripfit
544 2011 588 2040 ad
606 2007 817 2041 Patriarcbam
830 2032 840 2047 ,
866 2019 902 2041 ea
922 2009 959 2041 de
971 2020 1001 2042 re
1020 2019 1137 2049 conque-

256 2074 327 2096 rens
344 2084 351 2091 .
378 2058 494 2099 scripfit,
517 2064 608 2092 ettam
632 2058 675 2090 ad
687 2057 869 2099 Praefecffum
891 2058 1004 2098 Urbis,
1025 2057 1136 2099 jubens

253 2109 333 2155 serio
353 2115 501 2150 inquirere
521 2130 532 2147 ‚
557 2119 613 2150 quo
637 2108 673 2140 id
692 2118 788 2143 errore
807 2133 818 2149 ‚
843 2119 939 2150 quove
961 2107 1069 2149 consilio
1093 2114 1138 2141 ita

252 2160 371 2202 saevum
392 2162 455 2200 efflet
475 2182 484 2190 .
515 2158 607 2196 Vide,
634 2162 770 2199 inquiens
785 2159 958 2199 ‚quonam
980 2159 1011 2201 J
1014 2156 1137 2200 osephus

251 2222 305 2245 ,me
326 2216 358 2243 m
369 2209 500 2240 ordinem
521 2208 686 2251 redegerit,
714 2209 881 2250 &Imperii
903 2208 989 2250 nostrl
1003 2207 1140 2249 Majesta-

258 2270 321 2295 tem
345 2263 525 2291 imminuerit
549 2266 653 2301 negato
674 2259 759 2290 titulo
778 2258 899 2291 5anffl:
927 2262 974 2292 An
995 2259 1075 2301 quod
1094 2269 1139 2292 me

248 2332 250 2335 -
256 2311 449 2353 peculiariter
460 2309 509 2341 illo
519 2309 676 2351 indignum
682 2309 790 2350 putet?
802 2309 979 2351 Imperator
994 2307 1138 2342 Michael

260 2360 356 2394 istam
368 2358 457 2391 tituli
471 2358 767 2401 praetermiffionem
778 2359 903 2393 censuit
914 2359 976 2392 effe
989 2359 1077 2392 suam
1089 2357 1139 2392 de-

261 2409 489 2454 gradationem
503 2431 510 2439 .
538 2408 582 2442 Et
594 2408 685 2441 vario
697 2419 735 2442 ac
746 2409 837 2451 gravi
850 2410 942 2441 sensu
962 2408 996 2441 id
1006 2408 1141 2442 demon·

259 2459 392 2494 ssravit.
419 2457 548 2499 Nempe
570 2456 777 2492 orthodoxus
798 2457 953 2502 Princeps
976 2458 1140 2492 invetera-

262 2518 334 2544 tum
347 2507 527 2544 Orientalis
539 2506 686 2541 Ecclefiae
710 2506 847 2543 schisma
858 2509 1057 2542 exstinxerat
1069 2532 1080 2548 ‚
1107 2507 1141 2541 &

261 2558 298 2593 in
311 2557 519 2600 Lugdunenfi
533 2557 672 2601 Synodo
686 2558 802 2592 fastam
826 2558 984 2593 unionem
995 2557 1141 2592 constan-

262 2607 382 2642 tissime
401 2606 618 2649 defendebat,
643 2607 784 2651 ideoque
805 2609 934 2653 rogavit
960 2621 967 2641 ι
994 2612 1041 2641 An
1064 2610 1143 2650 quod

264 2669 312 2691 me
320 2656 505 2698 peculiariter
526 2657 575 2690 illo
597 2658 752 2700 indignum
770 2665 858 2701 putet
873 2660 889 2691 ,θ
916 2658 1142 2703 Suspicabatur

266 2705 441 2751 josephum
454 2705 669 2750 perdurarein
682 2707 875 2750 schismate,
901 2708 1041 2752 ideoque
1061 2710 1091 2742 se
1102 2708 1143 2742 ab

252 2757 328 2791 villo
350 2757 471 2790 censeri
492 2755 667 2801 indignum
687 2756 750 2790 isto
771 2758 870 2791 titulo
886 2783 893 2791 .
924 2758 1049 2794 Verum
1074 2759 1142 2802 qui-

265 2806 342 2840 dam
355 2804 515 2840 Monachi
530 2829 541 2845 ,
569 2807 807 2850 pertinaciffimi
831 2808 953 2850 semper
971 2808 1143 2843 Senatores

265 2855 358 2890 istius
384 2854 584 2896 schismatis,
609 2856 862 2893 testamentarias
886 2856 1078 2893 Patriarchae
1101 2867 1140 2892 ta·

239 2947 244 2951 ,
266 2904 359 2940 bulas
382 2915 593 2949 corruperant
615 2931 627 2948 ‚
661 2918 760 2951 atque
787 2906 930 2942 omnino
955 2908 1142 2942 censuerant

267 2956 498 2999 Imperatorem
513 2956 574 2990 isto
586 2956 684 2991 titulo
696 2956 870 3002 indignum
881 2982 888 2989 .
915 2956 1040 2991 Verum
1062 2958 1144 3001 ipsos

267 3003 457 3041 Patriarcha
477 3006 634 3050 corripuit
655 3031 668 3048 ,
692 3007 725 3041 &
746 3008 832 3051 juffit
854 3007 980 3043 tabulas
1000 3007 1144 3044 redinte-

264 3067 352 3103 grari
365 3081 373 3089 .

261 3141 263 3143 .
315 3107 370 3141 Ex
392 3114 459 3149 quo
488 3104 576 3140 vides
595 3106 673 3141 istos
695 3106 884 3143 Monac-hos
909 3106 998 3142 idem
1021 3107 1144 3142 senfiffe

262 3167 344 3192 eum
365 3155 470 3191 Sansti
482 3155 600 3198 Cyrilli
617 3155 914 3201 Hierosolymitani
927 3157 1126 3192 Adversariis
1137 3183 1144 3191 .

269 3204 317 3240 At
337 3205 435 3251 longe
444 3206 534 3240 aliud
554 3207 649 3241 sensit
662 3206 848 3242 Balileenfis
858 3208 959 3242 etiam
974 3207 1127 3250 synodus
1140 3232 1147 3241 .

268 3253 401 3291 Etenim
422 3254 595 3305 josephum
615 3257 795 3291 secundum
818 3254 1038 3303 Patriarcham
1059 3256 1148 3292 Con·

365 3304 472 3346 Christ.
485 3310 565 3350 Lupi
580 3310 679 3350 opera
696 3310 729 3341 T.
742 3310 801 3343 ix.

955 139 978 168 1)

98 295 218 332 'Pol-35.

107 1025 175 1056 lib.
197 1035 224 1060 7.

104 1074 170 1105 tap-
184 1076 227 1096 lo.

1134 140 1159 167 Τ

1229 138 1246 168 Ῑ
1315 138 1336 167 S

1439 121 1568 166 XL.
1905 142 1995 187 313

1178 209 1507 253 stantinopolitanum
1529 232 1540 249 ,
1566 218 1647 243 tunc
1681 211 1788 253 aperte
1823 213 1931 250 adhuc
1967 213 2062 249 schis-

1178 262 1332 318 mati-cum
1354 284 1365 300 ,
1393 271 1448 303 per
1473 260 1546 293 suos
1565 258 1719 316 tegatos
1745 266 1943 305 appellarunt
1970 267 2061 299 suam
2079 288 2139 319 Lib·
2163 298 2189 318 2·

1179 309 1429 344 Patriarchalem
1465 310 1709 344 sanctitatem.
1748 311 1794 343 Ira
1832 312 1929 349 habes
1972 314 2061 372 aput}
2080 333 2214 369 2394&

1178 360 1376 405 Sylvestrum
1401 359 1621 405 Sguropulum
1648 357 1682 391 in
1715 356 1849 394 historia
1879 364 2063 400 Florentim

1180 410 1324 446 Concilii
1339 435 1346 443 .
1375 411 1417 444 Et
1440 410 1576 444 istorum
1601 411 1802 454 Legatorum
1825 421 1909 443 unus
1932 414 1993 447 fuit
2014 414 2064 449 vit

1181 463 1343 500 summus,
1371 460 1511 503 Ioannes
1532 459 1746 504 Raguzinus,
1772 472 1813 493 ex
1839 461 1928 494 sacro
1953 462 2065 497 Praedi-

1179 522 1326 546 catorum
1340 510 1466 545 Ordine
1478 511 1659 544 Basileensis
1674 510 1850 553 Episcopus
1860 535 1870 551 ‚
1897 523 1934 544 ac
1946 511 2066 546 sanna

1183 563 1338 596 Romanae
1352 560 1499 595 Ecclefiae
1513 561 1687 604 postmodo
1701 560 1901 594 Cardinalis.
1931 562 2072 595 Franco-

1183 624 1251 646 rum
1263 613 1344 646 olim
1359 612 1510 654 Episcopi
1523 612 1691 654 septimam
1706 611 1876 653 Synodum
1890 621 2070 656 arguerunt

1183 664 1223 696 de
1250 664 1382 701 multis,
1409 662 1442 695 δε
1466 661 1551 694 inter
1579 661 1747 699 Articulos
1775 662 1837 694 fuit
1863 661 1962 695 etiam
1992 661 2068 695 hic:

1184 711 1416 756 Quodepistola,
1440 723 1531 754 quam
1545 713 1613 752 illi,
1644 710 1783 754 septimae
1797 711 1924 755 Synodi
1938 711 2071 752 Patres,

1185 766 1201 795 5
1205 763 1284 794 anc‘li
1296 765 1435 795 simeonis
1449 762 1562 800 stylitae
1575 763 1675 794 dicunt
1686 786 1695 801 ‚
1722 762 1803 804 mtffa
1814 763 2071 807 adJuflinianum

1186 817 1390 854 Imperatorem
1404 837 1413 851 ‚
1440 813 1562 846 multicm
1588 812 1672 850 distet
1693 814 1713 844 ἂ
1737 815 1863 846 Divinis
1887 814 2044 854 scripturis
2058 835 2071 850 ‚

1182 861 1241 902 five
1256 861 1427 904 sanllorum
1449 859 1576 895 Parrum
1599 865 1778 896 documentis
1792 886 1802 902 ‚
1830 868 1861 894 in
1884 873 1914 895 eo
1936 863 2014 904 quod
2026 866 2072 895 alt

1185 912 1316 953 praefato
1328 917 1525 954 Imperatori,
1555 916 1613 945 Pro
1625 913 1729 955 quibus
1755 921 2012 948 commemorantes
2027 922 2074 945 re·

1180 963 1306 1003 ferimus
1334 967 1459 996 Divim‘s'
1480 962 1583 1002 vestris
1605 964 1727 996 auribus
1740 987 1747 994 .
1778 962 1818 995 Et
1833 960 1995 997 Adrianus
2013 961 2075 1005 pri·

1188 1025 1257 1047 mus
1281 1013 1437 1048 Pontifex
1458 1013 1644 1056 respondit:
1674 1013 1802 1047 samus
1822 1011 2005 1053 Ambrofius,
2032 1010 2078 1046 ad

1187 1067 1366 1096 Gratianum
1387 1067 1597 1106 Imperatorem
1615 1063 1750 1106 scribens
1763 1064 1869 1096 librum
1893 1063 2077 1096 onbodoxae

1188 1114 1275 1145 Fidei
1298 1138 1308 1153 ,
1334 1116 1482 1155 numquid
1499 1120 1659 1155 peccavit,
1689 1121 1759 1155 quta
1787 1116 1868 1145 dixit
1890 1119 1937 1153 et,
1963 1114 2080 1146 Sarrae

1188 1163 1387 1205 Imperator?
1414 1166 1457 1196 Et
1482 1165 1555 1203 quid
1574 1173 1665 1197 extra
1691 1164 1773 1195 dixit
1800 1161 1871 1202 iste,
1891 1161 2024 1204 scribens
2036 1160 2083 1194 ad

1186 1212 1456 1253 Christiamfflmum
1471 1215 1504 1256 J
1506 1211 1682 1252 usttni‘anum
1702 1216 1911 1252 Imperatorem
1943 1220 1999 1252 pro
2019 1211 2083 1244 zelo

1185 1262 1255 1305 fidei
1263 1261 1330 1305 suae
1343 1287 1354 1302 ‚
1382 1262 1516 1297 Divinis
1529 1261 1658 1297 auribus
1671 1262 1865 1304 exprimens?
1893 1263 1936 1293 Et
1947 1262 2011 1295 ideo
2030 1264 2085 1293 Dt-

1189 1317 1269 1347 vlnts
1282 1312 1407 1346 auribus
1417 1336 1428 1353 ,
1456 1318 1528 1355 quia
1534 1322 1589 1354 per
1600 1324 1652 1346 eat
1667 1315 1795 1348 Divinos
1802 1310 1950 1354 sermones
1972 1313 2083 1350 audit,

1191 1371 1224 1397 <y
1236 1362 1366 1405 fideliter
1377 1372 1467 1405 atque
1478 1362 1632 1397 orthodoxe*
1655 1373 1701 1395 eos
1713 1360 1871 1403 observat,
1897 1361 1974 1394 rell?
1997 1363 2084 1394 Divi-

1195 1425 1249 1445 nas
1273 1424 1359 1445 aures
1372 1436 1381 1451 ,
1409 1413 1548 1446 videlicet
1570 1410 1704 1445 auditum
1716 1414 1866 1445 Divinum
1878 1409 1986 1444 babere
2004 1421 2085 1444 mon·

1188 1463 1300 1504 stratur
1318 1487 1325 1493 .
1354 1462 1558 1497 Defunctum
1579 1462 1807 1505 Imperatorem
1840 1460 2084 1504 Justinianum,

1194 1524 1290 1557 quem
1303 1511 1486 1547 haereticum
1498 1512 1691 1547 descendisse
1701 1511 1742 1545 ad
1755 1513 1880 1546 inferna
1898 1511 2086 1546 constantes

1197 1565 1334 1597 affirmat
1358 1561 1518 1606 Evagrius
1542 1561 1812 1605 Epiphanienfis‚
1838 1570 1948 1596 tantus
1971 1561 2088 1595 Ponti-

1198 1614 1250 1647 fex
1264 1611 1403 1655 appellat
1417 1611 1724 1647 Christianiffimum
1735 1636 1746 1652 ‚
1771 1612 1805 1646 &
1818 1609 1968 1656 adjungit
1985 1611 2089 1645 etiam

1198 1663 1345 1708 legitime
1356 1663 1496 1706 potuisse
1508 1662 1660 1706 appellari
1675 1663 1822 1696 Sansium
1837 1687 1844 1695 .
1871 1662 2021 1696 Imitatus
2039 1659 2089 1694 est

1201 1715 1291 1747 suum
1323 1714 1566 1747 Antecefforem
1588 1714 1740 1748 sanctum
1765 1710 2001 1757 Agathonem,
2030 1708 2092 1754 qui

1201 1765 1232 1797 in
1254 1763 1317 1796 suis
1339 1763 1381 1796 ad
1402 1763 1659 1797 Constantinum
1682 1773 1831 1804 quartum
1855 1761 1969 1795 litteris
1990 1760 2091 1802 Iusti-

1202 1813 1337 1846 niarium
1351 1812 1453 1855 longe
1465 1812 1563 1846 altius
1577 1811 1713 1844 extulit.
1744 1810 1787 1843 Et
1799 1810 1873 1844 istas
1887 1810 2008 1843 litteras
2020 1820 2092 1852 pro·

1201 1861 1308 1901 bavit,
1336 1872 1375 1895 ac
1398 1861 1461 1895 suis
1484 1861 1719 1896 Actisinseruit
1734 1861 1822 1895 sexta
1843 1858 2014 1903 Synodus.
2043 1859 2092 1892 A·

1201 1912 1333 1946 drianus
1358 1910 1445 1945 tituli
1470 1911 1725 1945 fundamentum
1747 1910 1855 1952 posuit
1878 1909 1914 1942 in
1937 1908 2092 1950 auribus,

1201 1962 1316 2004 quibus
1329 1959 1481 2002 Princeps
1495 1959 1638 1993 Divinos
1651 1960 1812 1994 sermones
1823 1959 1915 1992 audit
1928 1968 2026 2003 atque
2036 1968 2092 1993 cu·

1202 2009 1320 2043 stodit.
1351 2008 1514 2044 Existimo
1540 2009 1629 2052 quod
1655 2008 1841 2053 intelligat:
1866 2008 2018 2049 custodire
2042 2009 2092 2043 de·

1201 2059 1265 2093 bet.
1296 2058 1460 2103 Georgius
1483 2058 1702 2102 pachymeres
1724 2059 1811 2093 tituli
1836 2059 2093 2096 fundamentum

1203 2108 1311 2143 retulit
1325 2109 1357 2142 in
1370 2109 1615 2152 Imperatoriam
1628 2109 1818 2144 unflionem
1829 2134 1839 2149 ‚
1865 2111 1917 2144 seu
1928 2110 2093 2144 consecra-

1202 2159 1328 2194 tionem
1341 2183 1348 2191 .
1376 2158 1500 2194 Verum
1525 2158 1592 2193 haec
1613 2159 1659 2194 est
1684 2159 1744 2194 isto
1756 2159 1855 2193 titulo
1867 2159 1967 2205 longe
1983 2171 2093 2195 recen*

1202 2209 1285 2243 tior.
1313 2209 1357 2242 Et
1382 2209 1619 2250 Constantius,
1646 2209 1724 2244 dum
1749 2210 1853 2253 ipsum
1876 2210 2093 2245 Ariminenfis

1203 2258 1354 2303 synodus
1365 2258 1525 2303 inscripsit
1539 2261 1775 2295 Sanfflffimum
1787 2285 1798 2301 ‚
1826 2271 1892 2295 erac
1903 2259 2011 2295 adhuc
2028 2260 2094 2294 Ca-

1202 2309 1416 2343 techumenus
1429 2335 1436 2342 .
1466 2310 1509 2345 Et
1533 2310 1728 2345 Valerianus
1748 2322 1787 2344 ac
1809 2310 1980 2344 Gallienus
2000 2318 2094 2345 erant

1203 2359 1371 2393 Gentiles.
1400 2359 1563 2394 Existimo
1574 2361 1711 2395 titulum
1724 2361 1742 2394 a
1753 2360 1903 2395 Patribus
1915 2361 2008 2395 fuisse
2020 2361 2094 2394 fun-

1203 2409 1317 2442 datum
1339 2409 1373 2442 in
1395 2408 1508 2444 debito
1528 2421 1565 2444 ac
1590 2411 1760 2445 sanstitate
1777 2410 1957 2454 Imperialis
1967 2411 2095 2445 officii.

1206 2459 1273 2494 Uti
1284 2458 1456 2493 Romanus
1468 2459 1627 2494 Pontifex
1640 2462 1672 2495 ὃς
1686 2461 1794 2503 quivis
1819 2461 1998 2505 Episcopus
2010 2485 2020 2501 ,
2047 2460 2095 2494 ita

1202 2510 1234 2542 δε
1258 2509 1487 2543 Romanorum
1511 2509 1818 2553 Imperatordebet,
1848 2511 1917 2547 alio
1932 2509 2092 2547 tamen&

1203 2558 1269 2592 alio
1281 2558 1382 2592 modo
1394 2583 1405 2599 ,
1432 2561 1494 2593 efl'e
1506 2560 1726 2595 Sanetiffitnus
1737 2586 1744 2593 .

1253 2608 1355 2652 Apud
1386 2609 1626 2645 confoederatas
1664 2611 1839 2655 Belgarum
1877 2610 2097 2652 Provinciasj

1205 2669 1272 2692 non
1295 2658 1406 2693 minus
1426 2659 1525 2704 quam
1547 2659 1632 2705 apud
1654 2658 1869 2701 Catholicos,
1895 2662 2093 2696 damnantur

1203 2708 1405 2743 clandestina
1427 2710 1658 2744 matrimonia.
1688 2711 1860 2756 Quoniam
1874 2709 2008 2743 veroilli
2032 2719 2094 2743 nec

1206 2758 1386 2802 Episcopus
1396 2769 1456 2792 nec
1468 2758 1677 2800 presbyteros
1689 2758 1812 2792 habent
1821 2782 1832 2798 ,
1858 2756 1926 2791 haec
1938 2756 2095 2795 celebrari

1204 2817 1335 2852 oportet
1356 2819 1467 2842 coram
1488 2808 1575 2842 laico
1588 2818 1685 2851 atque
1698 2806 1848 2842 haeretico
1872 2807 2092 2853 Magistratu-

1207 2858 1316 2893 Etiam
1329 2858 1347 2891 a
1359 2857 1544 2893 Catholicis
1557 2881 1565 2890 .
1592 2860 1720 2893 Omnes
1731 2857 1872 2900 profiteri
1885 2868 2051 2903 coguntur
2059 2859 2093 2893 fe

1206 2905 1398 2943 contrahere
1419 2918 1529 2943 coram
1552 2907 1611 2942 ista
1635 2906 1744 2941 sancta
1755 2911 1989 2942 communitate.
2020 2908 2093 2942 Aut

1208 2960 1265 2993 sub
1277 2958 1373 2992 simili
1385 2958 1490 2993 forma
1501 2983 1509 2991 .
1538 2958 1632 2992 Hinc
1645 2969 1745 3001 nuper
1757 2968 1848 2992 mota
1860 2959 1923 2993 suit
1934 2983 1945 2999 ‚
1964 2959 1999 2993 &
2010 2958 2093 2992 mul-

1207 3010 1248 3043 tis
1259 3008 1378 3054 agitata
1390 3009 1524 3053 quaestio
1535 3031 1545 3047 ,
1572 3008 1629 3042 An
1642 3006 1809 3043 Catholici
1823 3008 1916 3044 istam
1929 3008 2094 3052 professio-

1208 3071 1283 3094 nem
1306 3058 1425 3102 possint
1448 3059 1574 3098 facere,
1600 3067 1699 3102 atque
1721 3058 1766 3092 ita
1795 3057 2011 3093 contrahere?
2038 3057 2092 3093 Ex

1207 3109 1299 3144 distis
1310 3108 1399 3143 vides
1411 3120 1467 3151 pro
1478 3119 1612 3152 utraque
1626 3108 1891 3143 contradiffionis
1904 3119 1993 3152 parre
2013 3107 2094 3142 stare

1207 3161 1239 3194 ὅ(
1272 3159 1432 3193 Βοᾶοῐεε
1456 3158 1608 3203 antiquos
1629 3183 1640 3199 ,
1665 3159 1698 3192 ὅς
1720 3158 1861 3194 rationes
1878 3184 1885 3191 .
1918 3158 1992 3202 Ego
2014 3167 2092 3193 cum

1208 3211 1326 3245 Sansto
1338 3209 1487 3252 Martyre
1499 3207 1709 3251 Theophane
1721 3221 1758 3244 ac
1776 3207 1949 3244 Anastafio
1967 3207 2093 3243 Biblioo

1208 3259 1354 3296 thecario
1374 3259 1526 3295 existimo
1548 3258 1638 3303 posse
1649 3258 1883 3303 dispensatorie
1905 3258 1992 3292 fieri.
2019 3258 2093 3297 Nec

1599 3308 1636 3342 D
1661 3308 1683 3343 d
1734 3319 1755 3358 3
1951 3308 2042 3344 enim

2105 1241 2178 1279 Cap.
2197 1243 2242 1270 16·
