2346 3724
734 125 1148 172 Cipi-r

263 216 337 247 moti
355 211 526 254 sapientia,
547 204 607 251 sed
619 205 747 251 spiritu.
778 207 842 242 Per
859 206 953 242 verba
967 233 978 248 ,
1004 209 1151 240 Dominus

265 260 438 304 mobilium,
463 267 501 291 ut
512 269 645 301 precum
655 257 784 293 donum
805 258 860 292 vel
880 258 1008 293 cunstis
1026 257 1154 291 adstan-

265 312 356 346 tibus
376 333 388 350 ‚
413 308 466 342 vei
488 307 574 342 certe
596 309 740 352 ipsorum
762 307 955 352 quibusdam
982 306 1154 342 infundere

263 363 454 405 dignaretur
472 357 600 395 Divina
625 358 835 404 benignitas,
861 357 1031 404 flagitabat
1048 359 1154 392 Sacer-

265 411 350 451 dos,
376 407 619 453 reponebatque
640 409 783 453 populus
805 408 840 443 id
860 407 964 454 longe
984 408 1089 453 magis
1105 407 1157 441 Sa-

262 459 414 500 cerdoti,
440 458 554 502 utpote
574 459 632 502 qui
660 470 714 503 per
723 459 787 503 jam
801 469 974 502 acceptum
991 460 1085 494 sacrae
1095 458 1157 492 Or·

264 509 448 546 dinationis
460 509 620 554 Spiritum
631 512 711 544 esset
723 510 787 544 suis
798 509 881 553 apud
904 510 1014 543 Deum
1031 507 1158 543 Media-

265 571 320 595 tor
343 573 380 595 ac
405 560 571 605 Legatus,
596 562 661 595 effe
684 559 942 594 necessarium&
957 560 1152 594 convenire.

265 612 372 659 Qod
384 612 489 654 ipsum
502 610 602 644 tradit
613 610 702 644 idem
715 609 972 652 Chrysostomus
983 611 1017 644 in
1031 608 1157 643 decima

266 663 381 696 otiava
402 662 495 705 super
515 660 693 694 secundam
716 659 757 694 ad
769 659 967 694 Corinthios
986 658 1158 704 epistolam

266 711 431 752 homilia,
457 712 491 745 ἀ
513 711 555 744 in*
572 711 674 755 prima
697 712 791 754 super
801 710 973 755 epistolam
990 711 1031 746 ad
1045 707 1159 743 Colos-

266 763 375 796 senses
395 785 407 802 ,
432 772 532 805 arque
553 761 758 805 prosequitur
780 761 817 795 in
840 761 971 795 laudata
994 760 1156 805 trigesima

266 814 375 846 sexta:
404 809 531 851 Ecclefia
540 823 618 845 nunc
628 810 773 853 estsimilis
784 811 900 845 mulieri
913 835 925 851 ‚
950 822 1020 853 quae
1031 812 1052 842 ὰ
1064 813 1161 843 veteri

268 860 468 905 prosperitate
478 862 591 895 excidit
599 886 611 902 ,
636 863 671 895 (ν
694 863 797 895 multis
808 867 840 894 in
852 863 923 895 locis
929 859 994 904 sola
1006 869 1084 893 tenet
1088 856 1162 907 fitn-

268 911 338 945 bola
359 918 496 954 antiquae
516 912 598 944 illius
613 911 798 952 felicitatis,
824 913 860 945 <²1
877 913 1027 944 monilium
1039 910 1162 952 quidem

265 960 350 1006 solas
373 961 498 1002 ostendit
521 961 625 995 thecas
643 963 678 995 ό·
697 963 816 995 arculas
828 985 840 1001 ,
867 963 988 994 divitiis
1005 969 1105 993 autem
1125 957 1162 998 est

265 1018 399 1056 privata
411 1038 418 1045 .
447 1015 491 1044 Ei
511 1023 591 1045 nunc
604 1010 714 1052 fimilis
724 1011 762 1051 est
773 1010 916 1051 Ecclefia.
945 1009 1093 1043 Laudata
1113 1007 1163 1041 Sa·

269 1062 413 1095 cerdotis
432 1062 467 1095 ἀ
487 1061 605 1104 populi
624 1060 786 1093 solemnia
809 1059 906 1094 verba
926 1070 1018 1094 erant
1041 1056 1164 1093 laudati

269 1108 488 1144 charismatis
509 1121 566 1153 per
589 1108 775 1154 Apostolos
797 1109 948 1144 instituta
981 1108 1162 1153 Symbola.

270 1160 383 1203 Ipsum
402 1159 490 1203 apud
513 1159 640 1193 nullutn
663 1158 828 1200 haerefim,
855 1160 941 1204 apud
962 1170 1024 1194 nos
1036 1159 1115 1193 vero
1129 1160 1162 1192 in

267 1210 387 1244 multis
397 1211 552 1253 superesse
562 1208 710 1243 Ecclefiis
721 1209 884 1255 gloriatur
895 1210 930 1244 in
955 1210 1102 1254 superius
1112 1209 1163 1243 ad-

270 1260 372 1294 duc'to
383 1260 460 1294 loco
471 1261 606 1295 Sanctus
616 1260 773 1294 Irenaeus:
800 1261 835 1295 &
856 1272 897 1295 ex
909 1261 981 1304 ipso
994 1258 1164 1295 adversum

268 1321 388 1345 omnes
417 1310 600 1355 generatim
622 1309 795 1344 haereticos
817 1309 993 1354 praescribit
1016 1335 1024 1343 .
1061 1310 1164 1357 Qiod

270 1360 379 1404 ipsum
405 1359 471 1395 hoc
493 1360 569 1395 loco
591 1359 662 1404 agit
672 1361 870 1404 Septimius.
897 1360 1034 1396 inlibro
1051 1361 1093 1395 de
1107 1360 1167 1394 Ec·

272 1411 372 1444 clefiae
383 1411 510 1445 unitate
521 1411 590 1454 agit
616 1411 651 1445 ὃς
663 1411 799 1445 Sanctus
810 1411 998 1455 Cyprianus
1011 1424 1019 1444 :
1047 1410 1163 1453 Pacifi-

271 1471 320 1493 σοι
331 1461 380 1503 effe
390 1469 505 1502 oportet
524 1465 582 1494 Dei
587 1459 666 1502 filios
679 1484 690 1500 ,
716 1463 802 1495 corde
814 1468 902 1495 mites
914 1486 925 1502 ,
947 1461 1081 1505 sermone
1096 1460 1165 1502 sim-

267 1510 362 1552 plices
374 1535 384 1551 ,
412 1510 564 1551 affecqione
575 1512 728 1544 concordes
739 1535 750 1551 ,
773 1510 901 1553 fideliter
907 1510 961 1553 fibi
971 1517 1163 1546 unanimita-

269 1565 316 1594 tis
330 1559 458 1594 nexibus
470 1559 647 1594 cobaerentes
657 1586 665 1594 .
694 1563 764 1594 Haec
784 1568 974 1596 unanimitas
991 1561 1045 1605 sub
1057 1560 1168 1603 Aposto-

271 1610 313 1643 lis
326 1611 395 1643 olim
400 1609 486 1652 fuit.
513 1614 561 1645 sic
575 1623 672 1645 novus
687 1613 880 1646 credentium
886 1614 1015 1655 populus
1028 1636 1039 1652 ,
1066 1615 1168 1644 Domi-

268 1664 307 1693 ni
315 1662 465 1694 mandata
473 1661 633 1701 custodiens
646 1687 657 1703 ,
683 1662 957 1705 ‹baritatcmsuam
978 1668 1095 1696 tenuit.
1123 1664 1168 1694 Et

269 1710 341 1744 idei
351 1710 662 1754 efficacibus-precibus
677 1712 822 1747 orabant:
848 1715 917 1747 Ide&
930 1719 1091 1756 impetrare
1103 1724 1168 1745 cum

267 1759 384 1801 fiducia
389 1769 553 1803 poterant,
584 1765 785 1806 quodcumque
808 1765 848 1797 de
870 1768 994 1797 Domini
1011 1761 1169 1806 misericor-

270 1810 327 1842 dia
344 1809 553 1851 postulabant.
581 1817 620 1844 In
631 1812 714 1845 nobis
740 1816 810 1846 verb
827 1812 868 1854 fic
881 1819 1070 1846 unanimitas
1081 1814 1167 1844 dimi-

270 1859 419 1900 nutaest,
443 1868 478 1892 ut
503 1861 674 1902 &largitas
686 1862 1028 1902 operationisinfrac‘la.
1058 1861 1168 1895 Haere-

270 1908 349 1942 ticis
377 1909 412 1942 ὅ(
433 1906 657 1942 schismaticis
677 1920 719 1941 ex
732 1911 877 1942 Domini
898 1911 1018 1952 verbo,
1044 1911 1101 1943 Ubi
1113 1912 1170 1943 duo

270 1959 326 1993 vel
335 1967 396 1991 tres
399 1958 521 1996 suerint
542 1960 711 1998 congregati
737 1960 897 1989 innomine
919 1968 1001 1996 meo,
1029 1963 1062 1988 in
1073 1959 1170 1989 medio

267 2007 339 2049 [um
350 2015 468 2044 eorum,
498 2006 697 2048 paucitatem
708 2005 799 2039 suam
823 2007 949 2049 semper
970 2006 1171 2040 consolanti-

274 2056 337 2091 bus
358 2078 369 2095 ,
395 2055 515 2089 fatetur
535 2066 594 2088 non
617 2055 808 2089 multitudine
828 2079 839 2095 ,
861 2054 919 2099 sed
946 2057 1170 2099 deprecantium

272 2110 474 2140 unanimitati
480 2106 646 2147 plurimum
657 2105 752 2138 tribui
776 2106 795 2140 ὲ
813 2106 940 2140 Divina
960 2106 1137 2141 clementia
1155 2130 1170 2148 ,

273 2153 489 2200 &adjungitz
518 2159 591 2188 Non
602 2154 735 2189 homines
745 2156 784 2189 ab
797 2155 926 2197 Eccltss‘a
951 2158 1091 2198 dividit,
1120 2163 1170 2199 qui

271 2205 404 2246 instituit
429 2206 465 2238 6)·
474 2204 554 2245 fecit
576 2205 756 2248 Ecclesiam,
783 2205 838 2249 {ed
853 2207 1044 2249 exprobrans
1065 2205 1170 2250 discor-

270 2257 362 2290 deam
379 2255 510 2298 perfidis
523 2279 536 2295 ,
562 2257 597 2290 Θ
608 2255 748 2297 fidelibus
757 2264 863 2297 pacem
881 2256 939 2299 sua
949 2268 1018 2291 voce
1029 2267 1171 2291 commen-

273 2307 358 2339 dans
371 2328 383 2346 ,
407 2304 534 2345 ostendit
557 2312 658 2349 magis
681 2307 734 2349 effe
750 2305 860 2349 secum
870 2307 982 2340 duobus
1008 2316 1062 2340 aut
1073 2307 1170 2340 tribus

274 2360 462 2392 unanimiter
472 2356 627 2388 orantibus
638 2380 650 2397 ,
676 2359 769 2398 qudm
781 2367 845 2389 cum
855 2357 1061 2396 diffidentibus
1077 2359 1172 2399 pluri·

276 2411 337 2440 mis
350 2429 362 2446 ,
383 2403 510 2448 plusque
522 2411 685 2447 impetrari
691 2408 770 2450 posse
783 2409 916 2439 concordi
922 2416 1085 2449 paucorum
1102 2415 1172 2449 pre-

275 2468 331 2496 ce,
355 2458 448 2498 quam
458 2454 639 2498 discordiosa
658 2462 791 2490 oratione
813 2457 972 2490 multorum
984 2482 991 2489 .
1020 2458 1172 2491 Affirmat

277 2505 451 2541 haereticos
476 2505 512 2539 &
529 2503 754 2541 schismaticos
778 2508 814 2541 ὃς
835 2518 911 2541 cum
923 2506 1058 2541 Christo
1081 2508 1172 2551 capi-

277 2563 338 2596 te,
364 2555 397 2588 &
420 2565 497 2588 cum
522 2553 707 2591 catholico
727 2557 797 2600 ejus
817 2568 979 2600 corpore,
1005 2556 1113 2592 immo
1139 2558 1172 2591 &

278 2605 367 2639 inter
379 2603 444 2637 sese
453 2615 523 2638 non
535 2605 598 2639 effe
619 2607 748 2641 unitam
772 2608 970 2650 Ecclefiam,
998 2607 1054 2642 sed
1065 2607 1174 2642 multae

279 2654 453 2689 divisionis
473 2655 705 2690 confusionem
719 2680 730 2696 ,
757 2657 900 2701 ideoque
923 2660 941 2692 ὲ
964 2657 1095 2693 duobus
1121 2667 1175 2692 aut

285 2703 394 2739 uibus
415 2702 637 2745 orthodoxis,
663 2705 762 2749 quam
785 2707 827 2741 ab
839 2708 1011 2742 innumera
1033 2709 1176 2751 ipsorum

285 2754 383 2789 turba
392 2754 610 2789 efficaciorem
621 2757 809 2791 orationem
820 2757 950 2801 prodire
963 2782 971 2791 .
996 2757 1053 2792 An
1076 2758 1177 2803 Septi-

284 2805 348 2840 mii
359 2814 508 2848 tempore
520 2802 628 2840 adhuc
647 2807 859 2850 superfuerit,
886 2808 920 2842 ἀ
941 2819 1010 2852 quo
1031 2819 1177 2854 tempore

286 2854 415 2890 cessarit
438 2865 572 2899 precum
593 2855 788 2898 Charisma‚
817 2859 958 2903 ignoro:
986 2859 1094 2902 Ipsum
1120 2860 1178 2894 suo

243 2933 247 2936 .
287 2914 438 2948 tempore
448 2906 577 2940 cessasse
588 2907 695 2950 palam
706 2909 829 2943 fatetur
839 2909 972 2943 sanctus
981 2910 1179 2953 Cyprianus,

286 2966 328 2990 nc
345 2955 466 2990 metito
487 2955 637 3000 deplorat
658 2958 793 2992 Sanetus
821 2960 965 3003 Joannes
984 2959 1180 3002 chrysosto-

288 3017 384 3042 mus.
411 3005 491 3049 Ejus
511 3016 624 3041 tamen
646 3007 795 3050 symbola
819 3008 860 3044 ad
880 3020 1069 3055 perpetuam
1089 3011 1181 3044 avitae

290 3057 404 3101 gratiae
426 3057 620 3092 memoriam
643 3056 725 3092 reste
737 3059 920 3095 etiamnum
942 3061 1062 3095 retinet
1074 3060 1179 3095 Eccle-

291 3108 335 3140 fia
346 3132 355 3139 .
385 3106 430 3142 Et
442 3107 499 3151 ipfi
515 3119 585 3142 non
597 3108 672 3141 sunt
684 3109 813 3152 penitus
828 3121 930 3145 vacua
957 3121 1056 3155 atque
1077 3121 1181 3156 egena

183 3195 190 3201 ·
289 3156 454 3192 elementa
465 3181 474 3189 .
499 3157 605 3205 Qod
618 3157 850 3202 posterioribus
861 3162 962 3196 etiam
981 3161 1181 3205 temporibus

159 3194 222 3228 hb·
251 3201 279 3230 3·
297 3205 501 3249 Apollonius
513 3220 552 3243 ac
567 3209 709 3252 Ioannes
718 3208 882 3245 Monachi
895 3235 907 3252 ,
931 3212 965 3246 δε
977 3211 1035 3246 alii
1048 3211 1181 3255 quidam

157 3245 225 3276 αρ’
238 3242 282 3271 '3'
298 3255 463 3299 viguerint
473 3259 536 3293 isto
553 3257 760 3294 Charismate
773 3283 785 3301 ,
810 3258 933 3295 docent
954 3262 1110 3296 Hermias
1120 3262 1183 3296 Zo-

298 3315 479 3348 zotnenus,
505 3309 583 3342 &in
595 3309 752 3345 Laufiaca
762 3309 898 3345 historia
920 3310 1087 3347 Palladius
1108 3311 1183 3356 Epi·

299 3355 417 3397 scopus
428 3356 746 3403 Helenopolitanus.
776 3360 870 3395 Hinc
881 3362 961 3402 item
973 3361 1064 3397 vides
1079 3362 1186 3396 varios

295 3406 403 3441 nostri
414 3406 571 3446 sacrificii
583 3408 663 3445 ritus
671 3411 734 3446 eise
744 3410 935 3448 institutum
943 3411 975 3447 A
978 3411 1185 3458 postolicum.

1217 135 1234 166 1
1303 136 1324 166 s
1429 123 1648 171 XLIII.
1934 140 2024 188 375

1263 205 1316 239 Ex
1327 205 1532 249 praesentibus
1543 206 1693 249 Septimii
1704 207 1806 243 verbis
1819 217 1905 253 patet
1931 210 1966 245 ἀ
1988 210 2074 246 ratio
2082 234 2094 252 ‚

1213 265 1272 290 cur
1292 257 1482 291 communis
1506 258 1542 291 &
1562 256 1692 300 publica
1708 257 1854 294 Ecclefiae
1877 272 1931 304 per
1943 261 2098 296 Sacerdo-

1215 316 1282 340 tem
1294 307 1401 340 oratio
1414 307 1524 350 paffim
1535 307 1713 351 appelletur
1731 310 1856 342 coliec‘ia
1873 336 1878 341 .
1904 310 2098 355 Antiquiffi-

1216 368 1270 391 tna
1282 357 1327 390 est
1341 355 1399 390 ista
1410 358 1658 392 nomenclatura
1669 381 1677 390 .
1707 356 1839 391 Etenim
1852 362 1984 403 antiqua
1997 360 2098 394 varia-

1218 418 1291 443 rum
1314 406 1551 450 Ecclefiarutn,
1577 420 1649 452 quat
1670 407 1977 450 SanetosMartyres
1997 412 2100 445 etiam

1218 458 1253 491 in
1266 457 1339 500 ipsis
1349 458 1529 493 carceribus
1541 458 1761 493 Dominicum
1787 458 1821 492 δε
1832 457 2012 492 collectam
2022 460 2102 504 egis-

1219 508 1249 542 se
1259 507 1478 548 testabantur‚
1504 508 1588 543 Asta
1613 507 1904 552 &Scriptaiaudat
1918 508 1952 542 in
1966 506 2100 542 Cartha·
2120 515 2183 546 Lib.
2204 524 2232 552 3.

1217 558 1360 602 ginenfis
1381 558 1582 594 Collationis
1605 558 1780 593 Breviculo
1799 559 1934 593 Sanetus
1947 558 2105 603 Augusti·
2118 565 2180 594 cap·
2193 566 2237 590 17-

1220 619 1279 642 nus
1292 632 1300 640 .
1326 608 1406 652 Ejus
1425 609 1621 654 significatio
1645 609 1731 653 apud
1746 610 1851 643 varios
1870 610 1915 642 est
1929 609 2015 642 vatia
2028 632 2036 640 .
2062 608 2104 643 ln

1218 658 1355 693 eruditis
1365 657 1407 693 ad
1419 660 1607 693 Graecorum
1623 658 1869 704 Euchologium
1882 656 2023 692 Scholiis
2035 659 2106 692 scri-

1220 707 1270 742 bit
1295 709 1434 751 Jacobus
1458 709 1549 743 Goar
1570 722 1578 741 ι
1606 712 1667 743 Pro
1686 716 1785 743 variis
1804 708 1939 752 personis
1963 710 1997 742 ό·
2018 709 2105 742 rebus

1216 767 1316 801 preces
1330 756 1496 801 compofitas
1509 785 1520 800 ,
1547 761 1582 793 ὦ·
1604 765 1637 792 in
1659 771 1752 793 unum
1773 760 1926 799 collellas,
1952 761 2108 797 Graecisy-
2124 750 2239 787 F01·30·

1222 820 1316 842 nastes
1328 819 1458 850 vocant,
1485 822 1538 842 nos
1549 810 1692 843 Colleeias
1713 816 1948 852 interpretamur·
1965 835 1972 841 .
2001 807 2108 857 Qod

1223 860 1327 902 ipsum
1352 861 1387 894 in
1412 860 1498 894 libro
1509 861 1549 894 de
1561 859 1695 894 Divinis
1705 861 1822 894 officiis
1834 858 1933 895 habet
1946 859 2108 894 Alcuinus
2127 867 2253 905 cap.40.

1222 910 1374 944 Flaccus,
1404 911 1447 944 Et
1460 912 1493 944 in
1507 910 1592 944 libro
1602 910 1643 944 de
1655 910 1887 944 Ecclesiasticis
1908 910 2111 945 observatio-

1225 959 1319 994 nibus
1331 960 1444 994 Guido
1458 960 1570 994 Abbas
1582 961 1793 1005 Micrologus
1806 972 1813 992 ε
1841 962 1980 1003 Sequitur
1990 964 2085 993 oratio
2097 984 2110 1000 ‚

1224 1021 1315 1053 quam
1331 1010 1492 1044 conedam
1510 1013 1612 1044 dicunt
1627 1034 1634 1041 .
1661 1014 1710 1044 Εὸ
1724 1012 1806 1054 quod
1815 1012 1955 1045 sacerdos
1965 1033 1976 1050 ‚
2001 1015 2053 1053 qui
2071 1011 2111 1043 la·

1220 1066 1340 1103 gatione
1351 1060 1495 1104 fungitur
1511 1070 1570 1103 pro
1584 1063 1692 1103 populo
1713 1063 1759 1094 ad
1770 1065 1930 1093 Dominum
1943 1085 1954 1101 ,
1978 1067 2111 1093 omnium

1221 1115 1385 1152 petitiones
1397 1122 1433 1144 ea
1454 1117 1585 1144 oratione
1607 1112 1746 1154 colligat,
1772 1121 1863 1153 atque
1876 1112 2046 1144 concludat.
2074 1111 2113 1143 1!-

1225 1161 1264 1193 1ae
1275 1167 1376 1193 tamen
1384 1166 1535 1194 orationes
1542 1159 1711 1204 specialiter
1720 1160 1859 1194 Collec'lae
1881 1167 1984 1194 vocari
2007 1162 2115 1194 viden-

1227 1218 1278 1243 tur
1300 1233 1312 1250 ,
1349 1221 1416 1253 quae
1436 1212 1525 1252 apud
1546 1214 1693 1243 Romanos
1717 1208 1808 1253 super
1830 1210 1992 1243 ColleHam
2009 1209 2114 1252 populi

1226 1260 1302 1305 fiunt
1313 1284 1324 1300 ,
1350 1261 1423 1294 dum
1434 1261 1580 1304 colligitur
1595 1270 1629 1293 ut
1634 1261 1778 1302 procedat
1789 1261 1827 1293 de
1838 1270 1900 1292 una
1924 1259 2051 1301 Ecclesia
2073 1259 2119 1292 ad

1228 1312 1342 1351 aliam,
1366 1311 1410 1343 ad
1420 1312 1585 1343 stationem
1590 1310 1783 1351 faciendam.
1816 1309 1920 1343 Miffae
1930 1311 2117 1344 orationem

1227 1359 1403 1405 distinguit
1421 1359 1440 1393 a
1462 1359 1610 1394 Collesta
1622 1385 1630 1393 .
1657 1360 1832 1394 Consonat
1844 1360 1880 1392 in
1899 1360 2015 1394 animae
2027 1371 2118 1404 gem·

1229 1422 1283 1445 rna
1294 1410 1469 1445 Honorius
1481 1408 1787 1455 Augustodunenfis
1798 1423 1809 1443 .·
1836 1413 1941 1443 Oratio
1950 1409 1989 1443 ab
2002 1410 2116 1444 orando

1229 1462 1339 1495 dicitur
1352 1485 1362 1501 ,
1388 1460 1520 1494 collecta
1530 1464 1601 1494 vero
1621 1462 1751 1501 dicitur,
1777 1464 1849 1502 quia
1859 1457 1915 1502 sub
1934 1471 1971 1493 ea
1990 1460 2118 1502 populus

1229 1517 1263 1545 in
1286 1522 1378 1546 unum
1397 1511 1545 1554 colligitur
1558 1535 1565 1543 .
1593 1515 1667 1544 Haec
1687 1509 1726 1550 est
1736 1520 1837 1544 autem
1858 1508 2028 1550 diffl‘rentia
2039 1516 2118 1543 inter

1230 1567 1390 1594 orationem
1416 1562 1451 1595 ό·
1475 1560 1636 1595 σοΙΙεθαηι
1649 1586 1660 1603 ,
1685 1562 1769 1603 quod
1781 1559 1844 1594 baec
1865 1566 1959 1593 oratio
1974 1568 2121 1598 vocatur,

1231 1613 1312 1655 quod
1322 1613 1366 1646 ad
1379 1611 1494 1654 Mtffam
1505 1612 1614 1644 dicitur
1624 1624 1639 1653 ;
1665 1609 1730 1644 baec
1740 1619 1843 1645 autem
1863 1610 1993 1643 collecta
2004 1635 2015 1651 ,
2044 1611 2124 1651 quod

1231 1663 1275 1695 ad
1292 1662 1492 1704 proceffionem
1515 1666 1548 1694 in
1573 1664 1707 1695 statione
1722 1659 1813 1704 super·
1831 1662 1975 1703 populum
1994 1662 2120 1694 dicitur.

1233 1712 1338 1759 Quod
1350 1713 1456 1755 ipsum
1468 1713 1503 1745 in
1516 1709 1607 1745 libris
1617 1712 1659 1746 de
1670 1712 1860 1745 sacrosansti
1872 1711 2028 1745 Sacrificii
2053 1710 2123 1744 riti·
2142 1716 2203 1747 Lib.
2234 1728 2262 1747 2.

1233 1762 1293 1796 bus
1316 1761 1432 1806 probat
1453 1760 1673 1795 Innocentius
1694 1761 1827 1794 tertius.
1853 1761 1954 1794 Hanc
1974 1760 2123 1794 differen-
2141 1765 2205 1795 cap·
2215 1767 2263 1792 ²7·

1232 1812 1313 1845 tiam
1327 1812 1433 1853 Hugo
1445 1809 1638 1842 Victorinus
1649 1808 1793 1853 negligit
1804 1810 1838 1842 in
1851 1820 1950 1853 opere
1960 1809 2000 1843 de
2014 1808 2124 1843 Eccle-

1233 1860 1363 1894 fiasticis
1375 1857 1529 1892 Officiis.-
1556 1858 1713 1891 sacrificii
1737 1859 1924 1891 orationem
1951 1860 1986 1893 ὅ(
2010 1858 2124 1893 Colle-

1232 1913 1317 1943 stam
1338 1906 1538 1946 confundit,
1564 1907 1599 1939 ἀ
1622 1906 1688 1940 sola
1703 1907 1808 1948 priora
1829 1906 2011 1952 Micrologi
2024 1910 2125 1943 addu-

1232 1958 1278 1991 cit
1300 1955 1396 1990 vetba
1420 1980 1427 1987 .
1455 1956 1500 1989 Et
1522 1955 1660 1999 antiqua
1683 1955 1788 1990 Miisae
1811 1967 1869 2000 per
1891 1959 2001 1992 nescio
2025 1970 2123 2002 quem
2148 1947 2210 1981 [ἰδ’
2232 1959 2261 1979 ²·

1233 2006 1399 2041 eruditum
1421 2004 1644 2049 Anonymum
1666 2006 1827 2050 expositio
1846 2006 1966 2042 habet:
1994 2013 2067 2042 Haec
2077 2020 2126 2042 ea·
2142 1993 2262 2028 c³p‘¹⁶'

1234 2058 1302 2091 dem
1314 2065 1392 2090 nunc
1401 2061 1493 2088 oratio
1504 2080 1514 2096 ,
1541 2066 1618 2089 nunc
1629 2057 1760 2089 colle-tia
1769 2058 1878 2090 dicitur
1893 2083 1900 2090 .
1928 2062 2033 2091 Oratio
2051 2060 2126 2093 dici-

1234 2117 1284 2142 tur
1295 2131 1306 2147 ,
1332 2113 1405 2149 quia
1415 2106 1491 2139 bona
1502 2115 1627 2139 orantur
1640 2106 1763 2146 coelestia
1778 2113 1882 2141 venire
1900 2110 2008 2150 populo
2018 2122 2032 2151 ,·
2060 2111 2127 2143 Co!-

1235 2157 1311 2191 lec'la
1322 2159 1393 2190 vero
1404 2156 1468 2189 ideo
1480 2164 1668 2199 nuncupatur
1679 2180 1690 2196 ‚
1716 2163 1789 2200 quia
1800 2163 1905 2200 incipit
1911 2156 1946 2201 se
1954 2160 2080 2201 populus
2090 2164 2125 2192 in

1236 2218 1327 2241 unum
1347 2207 1495 2251 colligere.
1532 2207 1577 2240 Et
1600 2207 1636 2241 in
1657 2207 1820 2250 synodali
1841 2210 1990 2243 sermone
2012 2209 2128 2243 Petrus

1238 2258 1415 2292 Blesenfis:
1444 2257 1585 2291 Sacerdos
1605 2263 1767 2291 orationem
1788 2259 1895 2302 dirigit
1915 2261 1959 2292 ad
1979 2263 2127 2300 Patrem,

1237 2320 1304 2351 quae
1315 2306 1447 2341 collecta
1457 2308 1589 2348 dicitur,
1613 2312 1686 2351 quia
1696 2316 1854 2351 tamquam
1876 2311 2047 2342 advocatus
2067 2320 2128 2354 oms

2138 1444 2197 1478 Lib.
2224 1454 2249 1472 1.

2138 1495 2258 1524 cap-94.

1213 2400 1215 2405 !
1237 2364 1321 2392 nium
1336 2362 1481 2391 orationes
1490 2357 1599 2401 colligit
1613 2381 1623 2398 ,
1649 2360 1684 2392 (tt
1696 2358 1794 2400 defert
1820 2360 1865 2392 ad
1873 2361 2029 2392 Dominum
2041 2384 2050 2392 .

1290 2406 1496 2442 Authentica
1508 2408 1707 2453 significatio
1724 2408 1901 2443 haurienda
1924 2409 1970 2442 est
1981 2421 2022 2444 ex
2035 2418 2128 2444 vetu-

1238 2457 1326 2493 stiori
1337 2459 1433 2492 fonte
1445 2481 1457 2498 ,
1484 2458 1612 2500 Joanne
1625 2458 1779 2493 Caffiano
1792 2483 1802 2499 ,
1812 2460 1846 2493 in
1862 2459 2126 2495 Monasticarum

1237 2508 1489 2543 Institutionum
1512 2507 1604 2542 libris
1627 2509 1831 2544 describente
1850 2509 2003 2553 antiquas
2022 2511 2126 2552 Syna-

1236 2569 1293 2593 xes
1315 2558 1559 2603 AEgyptiorurn
1584 2558 1858 2594 Coenobitarum:
1886 2564 1964 2592 Cum
1984 2565 2012 2592 is
2035 2584 2045 2600 ,
2072 2566 2125 2603 qui

1236 2612 1399 2642 orationem
1419 2608 1587 2642 calleamus
1607 2609 1647 2648 est
1659 2634 1670 2650 ‚
1697 2611 1715 2643 ἕ
1733 2618 1820 2643 terra
1835 2608 1974 2651 surrexit
1987 2633 1998 2650 ,
2024 2622 2124 2644 omnes
2145 2602 2207 2633 fib·
2229 2613 2257 2633 ²·

1234 2664 1353 2702 pariter·
1379 2663 1554 2702 eriguntur,
1582 2663 1628 2691 ita
1649 2667 1683 2692 ut
1694 2660 1820 2698 nullus,
1845 2670 1898 2691 nec
1907 2668 2068 2701 antequam
2079 2666 2125 2693 in·
2142 2652 2206 2680 ‘²²9'
2226 2653 2256 2679 ⁷·

1238 2709 1364 2747 clinetur
1384 2709 1455 2747 ille,
1475 2707 1687 2749 genufleAE'er-e,
1713 2718 1765 2741 nec
1784 2718 1849 2740 cum
1862 2708 1973 2741 eterra
1988 2707 2124 2750 fier-rexe-

1239 2764 1304 2799 rit,
1325 2764 1472 2791 remorari
1490 2755 1676 2799 praesumat,
1705 2767 1742 2790 ne
1764 2767 1824 2790 non
1843 2766 1908 2790 tam
1911 2755 2027 2800 secutus
2034 2759 2125 2803 fuiffe

1239 2810 1319 2842 illius
1332 2805 1534 2848 conclufionem
1547 2830 1559 2847 ,
1582 2812 1634 2849 qui
1652 2814 1771 2849 precem
1780 2807 1913 2850 collegit,
1936 2810 2027 2850 quim
2035 2808 2124 2852 sicam

1240 2858 1392 2902 celebrasse
1402 2858 1542 2891 credatur
1554 2881 1562 2888 .
1590 2857 1635 2890 Et
1647 2856 1730 2890 infra
1744 2857 1779 2891 in
1791 2859 1908 2892 eodem
1921 2858 2007 2892 libro
2018 2873 2030 2893 .·
2056 2863 2124 2894 Vox
2143 2875 2216 2915 (331,¹
2230 2884 2276 2908 ιο,

1241 2910 1407 2943 sacerdotis
1425 2915 1530 2950 preces
1551 2907 1770 2941 concludentis.
1798 2908 1843 2943 Et
1855 2909 1888 2941 in
1901 2907 2028 2943 decima
2039 2910 2125 2944 osta-

1242 2970 1282 2994 να
1294 2958 1510 2993 Collatione:
1538 2959 1635 2991 Senex
1644 2964 1677 2991 ut
1686 2962 1849 2992 orationem
1863 2959 2029 3002 colligeret,
2056 2959 2124 2993 bor-

1243 3009 1382 3044 tabatur.
1408 3007 1448 3042 In
1469 3008 1570 3042 Missa
1589 3017 1645 3043 aut
1668 3008 1736 3042 alio
1747 3009 1867 3052 quovis
1875 3009 1989 3044 officio
2008 3008 2125 3044 decan-

1243 3070 1310 3095 tata
1331 3070 1387 3104 per
1397 3057 1604 3093 Sacerdotem
1626 3058 1736 3093 oratio
1751 3059 1904 3094 omnium
1917 3060 2124 3103 praesentium

1243 3111 1410 3145 orationes
1431 3108 1563 3152 colligit
1582 3109 1615 3142 δε
1637 3109 1810 3143 concludit
1828 3121 1871 3144 ex
1892 3110 1982 3144 avito
2003 3110 2124 3145 Matris

1245 3160 1393 3195 Ecclefiae
1401 3158 1556 3193 instituto
1568 3182 1580 3199 ,
1595 3168 1694 3204 atque
1707 3159 1751 3193 ita
1763 3159 1845 3194 recte
1854 3160 2034 3204 appellatur
2045 3161 2124 3195 Col-

1245 3212 1342 3246 lesta.
1369 3209 1464 3244 Hinc
1487 3209 1584 3253 ipsius
1604 3209 1785 3246 decantatae
1795 3219 1942 3254 tempore
1953 3211 2123 3247 neminem

1247 3261 1333 3307 poss‘e
1343 3259 1474 3301 tussire,
1500 3260 1662 3301 oscitare,
1687 3261 1822 3305 spuere,
1847 3271 2000 3305 gemere,
2026 3260 2124 3304 suspi-

1246 3323 1315 3349 rare
1325 3336 1336 3352 ‚
1362 3311 1395 3345 &
1406 3311 1540 3344 cunstos
1551 3321 1627 3343 cum
1639 3310 1743 3344 stante
1754 3319 1835 3345 tunc
1846 3311 2019 3346 Sacerdote
2030 3309 2122 3344 debe·

1246 3374 1280 3397 te
1292 3362 1332 3397 ad
1344 3361 1413 3404 ejus
1434 3370 1548 3394 vocem
1561 3369 1705 3399 attentos
1724 3359 1805 3394 stare
1816 3362 1956 3395 affirmat
1974 3360 2123 3394 laudatus

1246 3413 1417 3448 Caffianus
1437 3435 1444 3443 .
1471 3410 1575 3458 Qud
1596 3409 1715 3455 nempe
1736 3410 1805 3455 ipsa
1826 3409 1866 3445 fit
1882 3421 1948 3445 una
1968 3410 2123 3445 omnium

1939 3469 2072 3501 oratio,

2141 2991 2214 3031 Cap.
2232 3000 2277 3022 ιι.
