2346 3724
244 237 298 278 qt‘ti
317 236 460 278 mundum
482 232 559 268 butte
574 233 738 278 ‘instituerit
755 257 766 275 ,
790 236 826 268 ἵν
840 234 974 276 instituto
995 246 1026 268 eo
1043 238 1142 276 potni-

243 291 370 318 tentiam
381 284 596 329 admisi'uerit.
622 284 835 319 Poenitentiae
848 286 977 319 causam
990 284 1095 321 'edicit
1108 285 1140 317 in

243 334 330 369 libro
342 336 384 369 de
396 334 567 369 haerefibus
578 334 717 369 ‘Sanetus
733 335 940 379 Augustinus
956 348 963 367 :
988 327 1065 368 &um
1079 346 1139 367 ma-

242 383 445 429 lignusdeff'et'*
456 385 604 429 Angelus,
629 384 680 428 seu
700 388 781 417 Deus
805 387 876 425 ille,
903 391 1047 419 inventus
1058 385 1095 424 est
1111 391 1142 418 in

239 433 507 483 sua‘ma‘lignitate
528 435 674 469 mundum
691 435 811 477 fecisse.
841 435 935 469 Hinc
961 436 1056 469 illum
1078 436 1141 469 effe

243 487 339 520 ovem
352 481 511 520 e'rrantem
528 510 539 525 ,
555 482 658 529 'cujus
682 485 861 531 q'uae‘rendae
881 486 976 520 causa
993 486 1141 520 Salvator

243 534 410 570 advenerit
438 560 448 576 ,
475 535 630 578 Apellit'ae
655 536 915 578 interpretantur
943 560 950 568 .
988 536 1140 580 Singulas

242 583 312 628 ejus
331 586 457 621 fabulas
480 584 611 622 erudito
638 609 648 625 ,
675 585 732 628 qui
759 597 884 631 magno
911 586 1138 620 Ecclesiasticae

200 670 201 674 ,
243 635 442 671 eruditionis
462 636 585 670 damno
599 636 694 679 periit
718 646 772 669 aut
782 636 858 670 latet
871 634 975 676 ‚libro
987 636 1138 670 refutavit

79 917 154 957 Cap.
173 927 221 956 ²5·

85 2144 159 2184 Cap·
178 2154 204 2172 2·

66 2342 139 2378 Cap·
158 2354 194 2378 47

62 2457 205 2495 J120L571.

242 684 494 723 Tertullianus.
521 687 603 720 Item
626 685 795 729 a-Justino
816 687 966 727 Martyre
986 711 996 727 ‚
1024 685 1136 720 Theo-

240 734 335 779 phllo
360 735 548 772 patriarcha
561 733 801 776 Antiocheno,
831 736 988 780 Philippo
1013 735 1135 778 Gorty-

241 785 389 820 'nenfium
424 787 614 830 Episcopo,
642 787 762 821 Irenaeo
789 786 1000 831 Bugdunenfi
1024 811 1034 827 ,
1061 786 1134 820 Mo-

240 835 331 870 'desto
347 838 531 882 ,Origene,
562 836 755 877 Rhodone‚
782 836 1009 876 Adamantio,
1039 836 1133 880 Hyp—

241 887 351 932 polito
365 912 380 932 ,A
402 899 440 922 ac
456 886 598 921 Eusebio
612 887 773 921 Emiseno
787 886 953 930 Episcopo
964 887 1133 929 optime&

240 934 421 971 doctissime
433 938 561 972 refutari
575 938 715 972 affirmat
729 936 964 971 Theodoretus
977 938 1016 970 in
1029 937 1132 980 primo

239 985 325 1033 libro
353 985 574 1021 haereticarum
597 986 778 1033 fabularum
797 1012 804 1019 .
834 988 969 1021 Sanetus
993 985 1132 1031 Epipha-

238 1037 312 1070 nius
324 1036 463 1070 affirmat
480 1037 634 1080 Apellem
647 1035 704 1070 sub
715 1036 890 1071 Marcione
898 1038 992 1071 fuisse
1004 1038 1130 1072 Lucani

236 1086 290 1119 seu
317 1086 455 1121 Luciani
478 1082 741 1131 condiscipulum
758 1112 768 1128 ,
794 1087 835 1121 ab
860 1096 1000 1132 utroque
1019 1089 1131 1122 condi-

235 1144 302 1170 tam
329 1147 449 1170 novam
480 1137 618 1170 baerefi‘m
645 1161 656 1177 ‚
683 1147 782 1181 arque
819 1138 984 1182 adjungit:
1016 1138 1127 1181 Apelles

233 1196 271 1219 ac
290 1192 389 1230 omnis
413 1189 477 1228 ejus
496 1187 594 1228 fac'lio
613 1193 659 1220 itu
677 1186 769 1230 sentit
784 1210 792 1219 .
816 1189 949 1232 Noneffe
973 1190 1128 1230 Principia

233 1242 297 1269 tria
308 1251 323 1277 ,⁴
347 1238 440 1279 neque
461 1238 519 1269 duo
531 1262 541 1278 ,
567 1246 601 1270 ut
628 1236 758 1270 Luciano
778 1249 812 1270 ac
828 1241 974 1272 Marcioni
983 1240 1106 1272 videtur
1118 1263 1126 1279 ,

227 1283 287 1328 sed
308 1291 401 1320 unum
426 1287 476 1330 effe
487 1287 593 1319 bonum
619 1288 729 1329 Deum,
756 1299 903 1330 unumque
921 1291 1127 1331 Principium,

234 1347 270 1368 ac
293 1340 442 1370 Virtutem
465 1347 557 1370 unam
580 1343 707 1370 nominis
730 1346 894 1379 expertem.
926 1341 991 1382 ‚Qui
1007 1340 1128 1381 quidem

234 1387 314 1417 Deus
346 1391 446 1425 unus,
471 1397 604 1419 unumve
630 1388 816 1428 Principium
838 1411 847 1426 ,
873 1390 987 1420 nullam
1008 1399 1125 1426 eorum,

230 1445 297 1477 quae
319 1439 356 1467 in
379 1435 432 1468 hoc
443 1437 554 1467 mundo
559 1445 724 1478 geruntur,
752 1447 852 1469 curam
870 1435 1015 1479 suscipit.
1046 1441 1127 1478 Cete-

230 1497 297 1518 rum
311 1486 390 1517 idem
404 1485 452 1518 ille
458 1483 580 1527 sanc't'us
597 1483 739 1528 bonusque
752 1486 831 1518 Deus
849 1510 859 1526 ‚
886 1492 938 1528 qui
950 1488 969 1518 ἅ
978 1491 1127 1528 principio

231 1537 310 1567 Deus
334 1534 370 1576 est
394 1546 428 1567 ac
448 1534 561 1572 bonus,
585 1535 677 1567 alium
696 1537 841 1576 produxit
865 1537 978 1568 Deum.
1008 1537 1052 1568 Ab
1074 1535 1126 1568 boc

235 1584 381 1628 tini-versa
392 1586 515 1618 condita
518 1582 610 1627 sunt,
637 1585 738 1617 coelum
761 1586 897 1618 videlicet
908 1596 942 1617 ac
960 1595 1057 1624 terra,
1083 1596 1123 1626 ce>

231 1638 374 1677 temque,
403 1646 458 1682 que
479 1635 511 1668 l'n
534 1633 702 1666 boemundo
713 1641 856 1668 cernimus
868 1660 875 1668 .
901 1637 960 1669 sed
979 1635 1026 1669 bic
1039 1640 1122 1668 mini-

228 1686 276 1719 me
290 1686 381 1719 bonus
395 1684 490 1726 evafit
503 1709 513 1725 ,
538 1683 657 1727 ejuffiiie
668 1693 756 1726 opera
768 1690 867 1717 omnia
877 1697 934 1718 non
945 1684 1123 1727 benefalla,

229 1746 263 1768 ac
283 1743 340 1779 pro
364 1737 446 1768 mala
458 1735 537 1768 illius
552 1733 733 1778 mentesani*
751 1735 790 1769 ab
802 1736 851 1769 illo
859 1734 1036 1780 fabricata.
1064 1736 1125 1772 vi-

229 1785 343 1823 deatur
358 1786 392 1822 &
405 1787 541 1821 Sanetus
553 1784 764 1822 Philastrius;

439 1937 658 2006 Heraclitus
686 1941 910 1987 interamnii.

275 2086 338 2130 De
345 2087 520 2122 Heraclito
534 2086 643 2121 scribit
654 2088 778 2122 Donet
788 2087 823 2122 in
835 2088 920 2122 libro
932 2086 974 2122 de
988 2084 1119 2121 Anima:

231 2139 404 2174 Heraclitus
416 2139 464 2172 ille
476 2135 660 2181 tenebrosus.
683 2136 727 2170 Et
741 2137 847 2171 infra:
875 2139 1012 2171 Platonis
1020 2137 1120 2178 bonor,

227 2190 362 2221 Zenonis
377 2195 462 2233 {vigor
473 2212 484 2229 ,
515 2188 658 2224 Heracliti
675 2197 781 2220 moeror
792 2211 800 2218 .
827 2186 871 2220 Et
883 2187 917 2220 in
935 2187 1019 2220 libro
1033 2185 1123 2231 Apo·

227 2239 376 2283 logetico
399 2240 494 2273 refert
521 2237 626 2271 varias
643 2237 818 2282 gentilium
840 2234 1119 2279 Philosophorum

225 2289 267 2322 de
291 2289 415 2323 Divina
442 2300 554 2323 natura
569 2288 768 2326 sententias,
792 2287 825 2320 &
848 2286 962 2320 harum
977 2297 1039 2320 una
1051 2285 1120 2319 est:

227 2340 286 2372 Alii
298 2351 335 2372 cx
349 2345 414 2383 igne
427 2341 592 2382 asseverant
611 2338 662 2381 esse
673 2362 684 2378 ,
709 2349 769 2379 qua
790 2337 942 2371 Heraclito
951 2334 1049 2377 visum
1059 2335 1098 2374 est
1113 2360 1119 2367 .

226 2390 335 2423 Fuisse
347 2391 546 2433 appellatum
560 2387 770 2422 tenebrosum
782 2387 835 2419 seu
850 2385 1025 2418 obscurum
1035 2408 1046 2424 ,
1075 2393 1120 2417 te-

227 2439 328 2473 statur
351 2440 451 2473 etiarn
473 2439 607 2473 Sanctus
622 2438 778 2472 Clemens
799 2434 1061 2474 Alexandrinus,
1087 2433 1120 2467 ἀ

226 2489 261 2522 in
276 2490 395 2530 quinto
409 2491 608 2523 stromatum
623 2487 710 2522 libro
720 2484 1024 2520 adducitrationem
1038 2508 1049 2523 ‚
1075 2484 1119 2517 af-

229 2539 363 2572 firmans
390 2551 427 2572 ac
439 2539 661 2573 demonstrans
674 2538 708 2571 &
720 2534 941 2579 Philosophos
961 2535 993 2568 ἅ
1004 2533 1120 2582 Poetas

230 2590 286 2622 sua
298 2588 454 2632 dogmata
482 2588 657 2621 occultasse
671 2585 735 2620 'sub
746 2586 975 2631 aenigmatibus
987 2608 998 2625 ,
1023 2594 1121 2628 atque

228 2638 416 2681 adjungens
447 2651 454 2670 :
481 2636 722 2670 Innumerabilia
747 2642 889 2670 invenias
912 2658 922 2674 ‚
952 2644 1017 2667 tam
1038 2635 1124 2676 apud

230 2687 422 2730 Philosophos'
438 2712 448 2728 ,
475 2690 566 2730 quam
580 2687 675 2729 ‘apud
692 2688 800 2719 Poetas
814 2710 825 2727 ,
852 2683 933 2718 dida
955 2690 1121 2729 aem'gmati-

229 2741 260 2772 εἰ
272 2744 289 2778 ,’
308 2739 372 2770 essm
393 2742 486 2772 etiam
508 2741 562 2770 toti
582 2737 652 2770 libri
680 2738 813 2779 indicent
822 2735 958 2768 abditam
965 2734 1117 2778 scriptoris

229 2791 418 2823 voluntatem
431 2813 441 2828 ‚
469 2787 632 2831 cujusmodi
646 2786 684 2826 est
694 2787 767 2819 liber
779 2788 929 2819 Heracliti
938 2787 975 2819 de
989 2793 1119 2824 natura,

229 2843 280 2882 qui
301 2844 391 2873 etiam
410 2840 569 2880 propterea
591 2838 759 2879 appellatur
783 2836 821 2876 est
842 2834 974 2879 obscurus
998 2837 1120 2870 &tene-

229 2888 332 2931 brosus
347 2914 354 2921 .
383 2889 422 2921 Ei
447 2889 635 2923 moestitiam
656 2885 811 2921 adscribit
831 2887 865 2921 in
889 2887 982 2921 tertia
993 2888 1119 2934 oratio-

230 2939 274 2973 tie
284 2939 383 2971 etiam
400 2941 531 2972 Sanetus
543 2936 724 2983 Gregorius
741 2937 987 2971 Nazianzenus.
1016 2936 1118 2984 Qod

231 2988 350 3031 nempe
365 2987 500 3021 humani
514 2990 641 3033 generis
652 2988 687 3021 in
700 2986 762 3022 hac
776 2988 897 3031 poenali
910 2988 975 3021 vita
988 2987 1117 3021 calami-

231 3048 314 3072 tates
328 3063 337 3077 ,
364 3038 413 3071 uti
428 3038 637 3073 Democritus
650 3038 773 3081 semper
795 3038 882 3078 risit,
908 3036 1023 3070 itaille
1043 3037 1118 3070 sem-

233 3098 290 3132 per
309 3088 454 3122 fleverit.
483 3087 584 3133 Quid
606 3099 715 3122 tamen
739 3088 858 3122 eodem
880 3097 1026 3129 tempore
1049 3098 1116 3120 non

233 3139 381 3172 vixerint
396 3163 407 3178 ,
432 3136 473 3170 ad
486 3138 581 3170 istum
596 3138 749 3183 Gregorii
760 3139 870 3172 locum
883 3135 966 3170 reste
977 3136 1117 3170 advertit

233 3185 503 3222 Elias'Cretenfis
516 3211 524 3219 .
550 3188 653 3235 Qod
668 3190 778 3222 Deum
801 3188 864 3221 effe
876 3186 1010 3231 igneum
1024 3210 1035 3225 ,
1061 3196 1117 3220 aut

233 3239 351 3281 potius·
368 3238 480 3283 ignem
496 3237 562 3271 esse
580 3237 720 3280 primum
732 3237 935 3280 Principium
956 3247 993 3269 ac
1006 3235 1117 3269 Deum

232 3286 380 3321 docuerit
394 3314 401 3326 ,
430 3287 529 3322 tradit
540 3287 573 3321 in
588 3286 821 3323 cohortatione
841 3287 882 3321 ad
893 3295 1009 3331 gentes
1018 3286 1118 3320 etiam

232 3337 367 3374 sanetus
381 3337 509 3381 Martyr
521 3337 685 3382 Iustinus:
717 3340 904 3381 Heraclitus,
913 3334 990 3380 ficut
1002 3340 1120 3381 Hippa-

818 151 1534 197 Scironiont

1197 230 1251 275 sus
1261 234 1487 275 Metapontinus
1497 254 1508 271 ,
1530 229 1651 275 causam
1661 233 1791 267 mitium
1808 244 1908 270 rerum
1920 234 1985 280 effi
1990 234 2088 279 ignem

1202 282 1345 326 affe-verat
1358 307 1364 314 .
1385 281 1489 330 Qod
1502 283 1606 326 ipsum
1619 283 1755 319 affirmat
1768 283 1917 320 laudatus
1929 286 2088 320 Clemens

1202 333 1235 366 in
1258 333 1491 367 admonitione
1509 333 1550 366 ad
1574 343 1688 377 gentes
1708 346 1716 366 :
1746 336 1943 370 Parmenides
1963 336 2086 370 Eleates
2101 350 2162 383 μοι,
2179 337 2227 387 ᾖ,

1200 385 1325 417 induxit
1346 386 1442 424 Deos,
1470 390 1567 428 ignem
1586 385 1744 417 &terram
1758 409 1766 417 .
1792 388 1847 418 Ex
1871 384 1918 418 bis
1931 396 2030 420 autem
2041 387 2086 419 al-

1199 442 1294 467 terum
1313 432 1408 476 fhlum
1420 435 1515 467 Deum
1528 432 1736 471 existimarunt
1756 440 1853 478 ignem
1863 435 2011 479 Hippasus
2022 439 2086 470 Me-

1200 476 1376 525 tafi'ontinus
1388 508 1398 524 ,
1412 486 1445 518 Θ·
1461 482 1605 526 Ephefius
1618 484 1788 517 Heraclitus
1803 508 1811 516 .
1835 485 1877 519 Et
1891 486 1975 520 inst&
1986 499 1997 520 .·
2026 489 2085 521 Hoc

1198 540 1290 567 etiam
1299 533 1353 577 usu
1372 541 1459 567 venit
1470 536 1616 568 Heraclito
1626 556 1636 572 ,
1661 533 1695 566 ό·
1706 535 1772 574 ejus
1783 532 1980 576 sectatoribus
1992 538 2008 577 ',
2031 538 2087 579 qui

1171 591 1174 596 ¹
1196 590 1294 628 ignem
1305 593 1461 626 tamquam
1470 594 1553 619 ortus
1565 595 1664 618 rerum
1681 590 1863 626 principium
1884 587 2000 620 colunt.
2027 585 2083 619 Ex

1196 634 1314 667 eodem
1326 644 1431 667 errore
1443 645 1653 679 propagatam
1675 633 1754 667 dicit
1766 633 2082 671 Persicam-idolola-

1172 684 1173 689 ’
1195 684 1290 718 triam
1304 708 1315 724 ,
1338 695 1399 718 nec
1411 695 1480 719 non
1497 685 1531 719 δε
1544 686 1671 719 cultum
1682 683 2082 723 Vulcani‘wfleraolirum

1173 747 1174 750 ¹
1195 734 1288 768 fuiffe
1311 734 1487 777 Ephesium
1511 735 1620 769 scribit
1638 733 1876 770 etiam-Svidas
1894 761 1903 768 .
1930 735 1980 771 At
2003 736 2082 771 vero

1197 785 1286 819 Elias
1295 785 1457 819 Cretenfis
1469 785 1700 819 Democritum
1723 784 1863 819 affirmat
1884 784 2080 828 Ephesium,

1197 835 1402 869 Heraclitum
1411 835 1508 869 fuiffe
1521 834 1741 870 Abderitem·.·
1761 835 1865 883 Qod
1877 834 1984 879 ipsum
1994 835 2082 869 affit-

1195 895 1270 919 mat
1287 885 1441 929 antiquus
1482 885 1626 920 Ecclesiae
1651 885 1796 929 Scriptor
1824 883 2082 930 Athenagoras:

1195 939 1377 969 Democritus
1391 935 1429 968 ab
1440 935 1575 978 prefiis
1585 933 1657 978 puls
1654 948 1689 969 us
1700 934 1737 975 est
1750 960 1761 977 ,
1791 937 1973 971 Heraclitum
1985 934 2080 970 Abde-

1192 993 1261 1019 ritae
1275 995 1420 1027 tanquam
1430 984 1567 1029 insanum
1581 987 1668 1020 exilio
1682 1010 1693 1026 ,
1717 988 1863 1019 socruum
1878 984 2078 1029 Athenienses

1191 1044 1279 1069 morte
1300 1035 1477 1077 afficerunt.
1505 1036 1603 1070 Cives
1628 1036 1819 1070 concivem.
1853 1035 2079 1079 Ejus-natales

1192 1087 1340 1120 &aevum
1352 1087 1489 1129 exponit
1502 1086 1650 1120 laudatus
1662 1086 1818 1120 Clemens
1829 1085 1861 1118 in
1875 1085 1980 1129 primo
1989 1087 2079 1120 Stro-

1193 1146 1317 1170 matum
1344 1136 1449 1171 libro:
1476 1138 1644 1171 Heraclitus
1670 1134 1815 1179 Beufhnis
1834 1135 1916 1177 filius
1934 1133 2078 1178 persaafit

1191 1188 1380 1221 Melancomae
1391 1195 1512 1226 tyranno
1524 1211 1536 1228 ‚
1560 1188 1765 1228 aedeponeret
1788 1186 2005 1224 tyrannidems
2020 1189 2077 1219 Hic

1191 1235 1327 1279 despexit
1337 1240 1446 1282 Regem
1459 1240 1588 1270 Darium
1600 1261 1611 1277 ,
1638 1236 1850 1269 adhortantem
1860 1242 2023 1269 arveniret
2032 1236 2078 1269 aa

1192 1285 1318 1329 Persas.
1349 1287 1566 1321 Euocationis
1589 1278 1681 1321 ra'dix
1704 1286 1796 1320 fuisse
1816 1284 1917 1328 potest
1928 1285 2080 1320 Heracli-

1190 1336 1214 1368 ti
1227 1336 1352 1379 dogtna
1375 1336 1417 1369 de
1432 1336 1534 1379 igneo
1546 1335 1623 1369 Deo
1635 1348 1648 1368 .-
1669 1334 1764 1378 Nam
1786 1335 1820 1368 &
1835 1335 1937 1369 Persa
1951 1336 2078 1379 =iguen1

1189 1384 1369 1418 adorabant
1387 1407 1394 1415 .
1422 1383 1525 1418 Istum
1551 1383 1693 1417 Darium
1719 1383 1812 1417 fuisse
1839 1382 2079 1428 Hystapfisftfi-

1191 1434 1270 1468 lium
1300 1458 1311 1474 ‚
1344 1433 1494 1477 adeoque
1519 1433 1728 1468 Heraclitum
1757 1434 1956 1478 sexagesima
1976 1443 2076 1468 'nona

1187 1483 1390 1528 Olympiade
1415 1484 1553 1528 viguisse
1580 1482 1871 1525 affirmatbsvidas.
1900 1482 1943 1517 Et
1961 1484 2078 1526 adjun-

1187 1536 1236 1578 git
1256 1534 1298 1568 de
1311 1532 1380 1576 ejus
1402 1544 1531 1568 morte:
1556 1534 1976 1575 Heraclitusaquaintercute
1995 1534 2080 1566 labo-

1186 1595 1284 1624 rans,
1314 1584 1498 1617 Medicorum
1520 1589 1704 1618 curationem
1714 1581 1915 1626 aspernatus,
1938 1583 1973 1626 se
1982 1589 2078 1622 totum

1183 1634 1256 1676 fimo
1266 1634 1370 1668 bubulo
1384 1639 1533 1676 perunxit
1546 1658 1558 1675 ‚
1585 1645 1671 1677 quem
1694 1635 1739 1666 ad
1759 1632 1850 1676 solem
1866 1632 1966 1674 fitcari
1975 1633 2073 1674 ‘Ji‘vtt-

1184 1686 1307 1728 sicergo
1335 1686 1488 1725 jacentem
1497 1694 1585 1717 canes
1598 1684 1785 1718 lacerarunt.
1815 1685 1872 1715 Alii
1893 1695 1985 1718 arena
1994 1683 2078 1717 obre«⁴

1185 1733 1374 1777 rumperiisse
1396 1735 1517 1769 dicunt.
1545 1731 1720 1769 Consonat
1738 1732 1772 1766 ἀ
1786 1731 1928 1767 dissonat
1940 1733 2081 1768 Tertul«

1185 1783 1293 1818 lianus
1318 1785 1354 1818 in
1365 1784 1451 1819 libro
1470 1784 1512 1819 ad
1525 1783 1712 1826 Martyres.-
1740 1785 1908 1817 heraclitus
1922 1779 2204 1827 fibubuhcapw·

1178 1834 1298 1874 stercore
1312 1833 1435 1868 oblitum
1450 1835 1553 1874 exuffit
1565 1858 1573 1866 .
1599 1834 1716 1869 Svidas
1736 1833 1828 1868 addit
1855 1831 1977 1867 nullius
1989 1832 2075 1868 Phi·-

1184 1881 1314 1928 losophi
1338 1884 1432 1919 fuisse
1450 1883 1646 1926 discipulum
1670 1906 1680 1921 ,
1707 1883 1760 1915 sed
1784 1884 1854 1917 solo
1880 1884 2010 1929 ingenii
2033 1895 2074 1920 ac

1183 1933 1365 1979 diligentia:
1377 1935 1470 1968 usum
1488 1931 1698 1978 magisterio,
1724 1931 1757 1965 δε
1779 1931 1906 1975 pergit:
1931 1936 2084 1976 ‚Quidam

1183 1994 1286 2018 tamen
1296 1983 1427 2017 aucqores
1449 1983 1522 2026 sunt
1539 1993 1606 2015 eum
1616 1980 1813 2023 Xenophanis
1837 1982 1873 2015 Θ
1884 1982 2011 2025 Hippafi
2018 1986 2082 2023 Pp

1183 2033 1420 2079 thagoricifuiffe
1433 2034 1570 2073 afflduum
1582 2033 1747 2065 auditorem
1759 2057 1766 2064 .
1793 2030 1898 2078 de
1907 2034 2008 2067 etiam
2021 2033 2076 2067 in-

1184 2085 1313 2118 sinuant
1334 2085 1469 2118 Sanetus
1497 2083 1653 2117 Clemens
1687 2082 1722 2116 dc
1747 2081 1882 2115 Sanctus
1904 2081 2079 2125 lustinus,

1184 2136 1353 2170 asserentes
1367 2132 1407 2167 de
1417 2134 1518 2178 igneo
1531 2133 1606 2167 Deo
1618 2132 1740 2177 dogma
1755 2132 1849 2165 fuiffe
1861 2130 1909 2165 illi
1923 2142 2075 2167 commu-

1185 2195 1226 2220 ne
1237 2195 1315 2219 cum
1328 2183 1496 2227 Hippaso.
1525 2183 1661 2217 Sanetus
1673 2181 1817 2226 Justinus
1840 2181 1933 2216 addit
1954 2183 1988 2216 in
2003 2181 2079 2226 pri--

1185 2245 1237 2268 ma
1260 2233 1431 2278 Apologia
1454 2245 1462 2266 :
1491 2235 1676 2277 ,Quicumque
1696 2243 1762 2266 cum
1780 2236 1896 2265 ratione
1921 2243 1957 2266 ac
1979 2233 2072 2266 verbo

1186 2289 1356 2325 vixerunt,
1378 2281 1541 2322 Christiani
1557 2281 1631 2325 sunt
1645 2306 1656 2322 ‚
1682 2288 1822 2325 quamvis
1845 2281 1931 2316 athei
1951 2283 2070 2318 &nul-

1182 2335 1239 2366 lius
1252 2338 1400 2366 Numinis
1412 2335 1534 2366 cultores
1548 2333 1645 2366 babiti
1651 2331 1712 2372 sint
1722 2358 1729 2365 .
1757 2333 1876 2377 ,Quales
1887 2339 1968 2366 inter
1982 2336 2078 2367 Grae

1182 2392 1229 2414 cos
1247 2381 1370 2422 fuerunt
1383 2384 1518 2413 Socrates
1530 2405 1540 2420 ‚
1567 2384 1746 2420 Heraclitus,
1781 2391 1872 2423 atque
1888 2381 2048 2422 tisfimiles
2061 2407 2071 2415 .

1184 2431 1265 2464 Haec
1277 2431 1351 2464 sunt
1362 2441 1437 2464 cum
1456 2429 1562 2463 multo
1587 2429 1811 2463 moderamine
1831 2430 2076 2474 intelligenda--

1182 2481 1222 2515 In
1238 2479 1470 2515 cohortatione
1479 2478 1518 2513 ad
1531 2489 1645 2523 gentes
1657 2478 1765 2513 scribit
1788 2479 1889 2513 ctiam
1903 2479 1945 2513 de
1955 2479 2071 2514 Plato-

1184 2543 1244 2566 ne:
1274 2531 1363 2564 Plato
1385 2532 1536 2564 Summum
1551 2532 1648 2563 Deum
1667 2533 1700 2562 in
1710 2535 1796 2572 ignea
1818 2530 1937 2572 effemia
1960 2528 2011 2572 effe
2020 2528 2069 2563 'di-

1182 2587 1245 2615 cit.
1273 2582 1355 2615 Non
1368 2582 1431 2616 effe
1447 2581 1581 2626 ignem,
1608 2578 1713 2614 sedin
1741 2579 1835 2624 ipso,
1861 2579 1911 2614 uti
1922 2577 2077 2622 throno,

1183 2631 1349 2667 habitare.
2073 2633 2075 2637 ’

1321 2780 1440 2831 Unde
1466 2801 1531 2831 ma
1541 2780 1649 2831 lum3
1685 2785 1743 2832 Et
1764 2781 1926 2849 Qare?

1230 2933 1359 2968 Dostor
1380 2932 1449 2978 agit
1470 2931 1504 2966 in
1526 2931 1725 2973 Guoflicos,
1750 2930 1792 2966 de
1816 2929 2065 2977 quibusdesam·

1180 2986 1246 3019 etus
1268 2984 1403 3018 Irenaeus
1415 2996 1426 3016 :
1451 2983 1622 3017 Abalienati
1635 2985 1815 3024 averium,
1842 2980 1970 3027 dignita
1985 2983 2064 3013 omni
2082 2997 2180 3035 Lib&

1180 3037 1354 3069 volutantur
1377 3045 1472 3067 errore
1484 3058 1495 3075 ,
1520 3032 1655 3076 flut‘luati
1667 3032 1705 3066 ab
1725 3045 1778 3073 eo,
1803 3033 1892 3065 aliter
1911 3039 2000 3073 atque
2010 3031 2067 3063 ali·
2081 3048 2106 3070 ς,
2118 3050 2168 3076 40·

1176 3095 1224 3118 ter
1244 3094 1300 3128 per
1320 3092 1453 3126 tempora
1475 3085 1511 3117 de
1531 3083 1638 3127 iisdem
1654 3082 1832 3127 sentientes,
1857 3081 2073 3123 &nunquam

1176 3134 1472 3179 scientiamstabilem
1488 3134 1633 3168 babentes
1643 3159 1654 3175 ‚
1680 3132 1818 3176 Sopbislae
1829 3130 1987 3165 verborum
2001 3142 2065 3163 ma-

1174 3191 1225 3229 gis
1250 3187 1302 3230 effe
1328 3186 1482 3225 volentes,
1510 3188 1602 3227 quam
1624 3182 1759 3228 discipuli
1782 3186 1927 3216 veritatis
1948 3205 1957 3213 .
1990 3184 2065 3213 Non

1180 3241 1257 3269 enim
1273 3234 1348 3279 sunt
1364 3234 1496 3278 fundati
1512 3233 1608 3278 supra
1630 3241 1740 3269 vivam
1745 3239 1885 3273 petram,
1908 3228 2066 3274 sedsuprae

1180 3297 1303 3320 arenam
1314 3312 1325 3327 ,
1350 3284 1508 3319 habentem
1517 3291 1550 3318 in
1560 3281 1716 3328 semetipsa
1727 3283 1843 3323 lapides
1855 3280 1962 3314 multos
1973 3304 1981 3312 .
1993 3282 2067 3313 Pro-

1177 3344 1246 3379 pter
1270 3335 1320 3370 hoc
1332 3338 1366 3371 (9⁴
1377 3338 1483 3373 multos
1497 3338 1574 3371 Deos
1580 3334 1701 3379 fingunt
1712 3359 1719 3367 .
1746 3333 1796 3365 Et
1806 3339 1936 3376 quaerere
1945 3331 2065 3372 quidem

1939 3378 2015 3423 [Μ.
