2346 3724
80 369 144 401 Lib·
174 383 204 402 a.

82 419 143 447 cap.
156 417 201 442 ιε.

663 215 704 260 C
875 230 895 259 Ρ
966 229 981 258 1

218 299 382 334 admiserit
395 325 406 340 ,
433 300 566 334 testatur
591 300 624 334 in
640 301 789 344 suisuper
807 299 905 342 ipsam
917 297 1093 330 Commen-

219 350 290 390 tatii
303 350 490 393 praefatione
503 351 636 385 sancius
649 351 871 393 Hieronymus
883 372 890 380 .
918 345 1093 389 Nicepho-

218 411 272 434 rus
283 399 624 439 Calixtussscribens
644 402 727 436 solas
748 410 867 433 novem
891 395 931 431 ab
947 396 1017 439 ipso
1041 396 1095 429 ad-

216 450 324 489 missas
338 450 509 493 epistolas,
536 451 672 486 labitur.
700 450 800 498 Qiod
822 450 900 482 duas
922 446 1095 482 adTimo-

778 231 801 258 A
1053 227 1078 255 T

168 518 170 520 ·
213 489 330 541 iheum
342 500 492 543 epistolas
506 514 573 536 non
585 502 749 536 admiserit
762 499 914 533 Marcion
925 523 937 538 ‚
961 496 1096 531 testatur

211 549 251 592 ju
266 550 408 590 secundo
422 553 620 586 stromatum
641 552 724 587 libro
735 551 868 584 Sanctus
882 547 1037 582 Clemens
1052 547 1096 580 A·

217 600 427 642 lexandrinus
439 627 446 633 .
476 602 517 635 Et
533 602 711 644 rejectionis
725 601 851 635 causam
863 600 1002 632 affirmat
1021 597 1096 631 fuis-

217 651 250 684 se
272 650 338 686 haec
362 650 516 693 Apostoli
539 652 653 687 verba:
681 656 706 684 0
729 650 879 685 Timothee
893 674 904 688 ,
931 646 1096 690 Depositum

216 701 342 741 custodi,
369 702 517 734 devitans·
532 702 708 744 prophanas
733 713 838 734 votum
863 705 1038 738 novitates,
1063 698 1096 732 6·

218 750 405 793 oppofitiones
410 751 486 793 falfi
496 758 622 786 nominis
628 750 760 795 scientie
776 776 783 783 .
810 751 872 785 Per
894 749 961 783 falfi
985 748 1095 782 nomi-

218 803 269 835 nis
282 802 447 835 scientiam
463 803 639 846 Apostolus
661 800 803 836 omnino
827 799 985 843 intelligit
1006 798 1096 832 Gno-

218 852 335 885 sticos.
363 851 615 887 Hinclaudatus
629 852 800 887 Clemens:
829 852 905 882 Ciam
924 849 962 881 ab
979 847 1034 881 hac
1043 859 1096 881 vo-

217 913 247 936 ce
268 906 480 941 convincantur
493 901 633 940 ‹baeretiei
652 925 663 942 ,
689 900 825 943 epistolas.
845 902 890 933 ad
910 898 1096 932 Timotheum

217 952 365 994 abrogant
378 976 386 983 .
413 951 567 994 Ejusdem
591 952 681 985 vocis
706 949 920 985 substantiam
937 948 1034 983 habet
1051 949 1094 981 A·

218 1002 365 1044 postolus
385 1001 418 1034 in
443 996 580 1045 epistola
604 1003 644 1036 ad
656 1001 776 1038 Titum
791 1026 798 1033 .
825 998 935 1046 Quare
956 1010 1023 1031 non
1038 998 1094 1032 soli

218 1052 458 1092 Marcionita.
479 1051 531 1090 ,sed
545 1062 659 1086 omnes
681 1049 863 1096 generatim
875 1045 1028 1083 Gnostici
1049 1048 1093 1082 vi-

216 1102 336 1137 dentur
348 1102 422 1134 istas
431 1102 582 1142 epistolas
594 1100 761 1144 abrogasse
778 1124 786 1132 .

268 1148 444 1184 cerinthus
463 1151 496 1184 ὃς
522 1150 631 1185 Ebion
657 1151 730 1184 sunt
763 1149 932 1193 praesertim
960 1148 1094 1191 aversati

219 1200 438 1245 Evangelium
454 1201 560 1235 Sansti
572 1201 708 1244 Joannis
720 1225 727 1232 .
746 1200 925 1237 Rationem
937 1199 993 1234 dat
1013 1199 1047 1232 in
1061 1199 1095 1236 il,-

218 1251 368 1286 lustriurn
392 1251 537 1285 virorum
559 1251 728 1296 Catalogo
753 1252 887 1285 Sanctus
923 1249 1097 1291 Hierony-

218 1313 318 1336 mus.-
339 1305 481 1346 Joannes
493 1303 655 1341 noviffimus
679 1306 808 1334 omnium
824 1298 938 1342 scripfit
957 1303 1096 1342 Evange-

220 1354 316 1391 lium,
343 1359 464 1393 rogatus
489 1351 528 1384 ab
549 1350 619 1391 Afiae
633 1350 809 1392 Episcopis,
834 1350 983 1383 adversas
995 1353 1098 1383 Cerin-

222 1401 310 1434 tbum
323 1424 332 1439 ‚
358 1398 483 1442 aliosque
499 1400 649 1433 haereticos
663 1425 673 1439 ,
701 1400 874 1434 &maxime
898 1406 966 1431 tunc
979 1401 1007 1430 E
1011 1398 1098 1432 biotti-

1149 226 1258 256 18
1366 213 1611 257 XVII.
1878 232 1969 282 ¹67

1157 305 1191 327 ac
1202 296 1341 326 mulieres
1357 300 1393 338 itt
1402 296 1531 335 Ecclefia
1538 294 1754 336 prophetantes
1766 322 1771 328 .
1803 299 1851 333 Ex
1862 303 1953 338 simili
1966 317 2038 340 cau.

1158 346 1188 378 sa
1226 345 1440 380 Marcionitae
1471 345 1660 388 abjecerunt
1682 346 1802 383 librum
1832 350 2038 391 Apostolico-

1156 405 1227 430 rum
1250 393 1412 429 Astuum.
1442 397 1552 430 Etiam
1578 395 1997 436 ManichaeimPromiffum
2017 404 2036 437 ὲ

1158 444 1292 482 Christo
1315 446 1470 481 Domino
1498 445 1653 490 Spiritum
1679 449 1831 482 Sanctum
1851 451 2038 491 garriebant

1157 506 1224 531 non
1249 495 1303 529 die
1324 495 1530 531 pentecostes
1554 497 1588 530 in
1605 497 1808 541 Apostolos,
1836 498 1887 532 sed
1911 499 2038 535 dudum

1158 544 1332 589 postmodo
1344 547 1379 580 in
1391 549 1485 580 suurn
1500 548 1669 582 Manetem
1682 548 1773 582 fuisse
1788 557 1961 583 venturum
1976 573 1988 589 ‚
1999 560 2038 583 ac

1159 596 1293 630 venisse.
1324 598 1460 631 Sanflus
1478 596 1615 631 Irenaeus
1637 598 1747 632 scribit
1772 599 1805 630 in
1832 598 2041 640 Tatianum‚

1157 647 1212 689 qui
1236 658 1285 680 ex>
1302 647 1407 681 Sancti
1420 647 1578 688 Martyris
1593 648 1710 690 Justini
1736 647 1899 690 discipulo
1919 649 2040 683 defecit

1133 734 1135 738 ¹
1156 695 1196 730 ad
1210 697 1388 731 Gnosticos
1400 722 1411 737 ,
1436 698 1469 731 δε
1483 697 1524 731 de
1539 709 1605 741 quo
1617 710 1654 731 ac
1665 699 1732 742 ejus
1755 699 1908 734 sectatore
1919 699 2039 734 Severo

1161 746 1271 780 scribit
1283 746 1438 782 Eusebius
1451 747 1649 782 Caesariensis
1662 761 1668 780 :
1698 754 1738 781 Hi
1747 750 1806 791 lege
1818 772 1829 787 ,
1857 749 2014 791 Prophetis
2026 773 2037 790 ,

1159 798 1192 830 Θ
1212 799 1396 841 Evangelii:
1420 807 1544 831 utuntur
1564 824 1570 830 .
1600 801 1646 831 De
1674 801 1767 834 Paulo
1789 809 1889 832 autem
1911 799 2037 841 Apostolo

1157 848 1233 879 maie
1247 849 1402 889 loquuntur
1415 861 1421 879 :
1450 851 1531 890 Ejus
1545 849 1694 891 Epistoiis
1702 849 1796 890 fidem
1805 848 1950 893 abrogant
1961 875 1969 883 .
2001 854 2039 882 A—
2055 838 2113 869 ἰὼ·
2143 841 2173 874 4³

1156 896 1203 929 cia
1215 909 1326 940 quoque
1338 898 1531 940 Apostolorum
1543 900 1665 931 minimi?
1673 905 1820 942 reciplunt
1831 924 1838 932 .
1867 898 1958 934 Idem
1969 901 2041 934 scri·
2053 888 2067 910 c

1158 947 1204 980 bit
1229 949 1259 979 in
1284 950 1469 990 praefatione
1481 950 1719 983 Coinmentarii
1743 952 1836 993 super
1868 950 2039 993 epistolam

1158 998 1198 1030 ad
1213 997 1332 1032 Titum
1345 999 1476 1032 sanstus
1487 999 1714 1040 Hieronymus
1725 1024 1735 1039 ,
1762 999 1871 1034 verum
1884 1011 1960 1033 cum
1973 1011 2043 1034 mo·

1159 1047 1342 1082 deramine.
1364 1053 1512 1082 Tatianur
1525 1074 1540 1089 ‚
1562 1053 1797 1084 Encrati'tarum
1819 1049 2038 1092 Patriarches,

1157 1104 1210 1139 qui
1232 1099 1265 1130 (θ’
1285 1096 1347 1140 ipse
1368 1100 1523 1133 nonnullas
1548 1100 1636 1131 Pauli
1660 1100 1811 1140 Epssolas
1833 1103 2010 1141 repudicrvit
2028 1122 2040 1140 ,

1159 1146 1237 1186 banc
1252 1149 1303 1180 vel
1313 1151 1442 1182 maxime
1455 1174 1464 1188 ,
1492 1148 1542 1181 hoc
1552 1149 1590 1188 est
1604 1173 1613 1187 ‚
1640 1151 1683 1181 ad
1694 1152 1794 1183 Titum
1804 1174 1814 1189 ‚
1842 1149 1963 1189 Apostoli
1970 1159 2040 1191 pro·

1161 1198 1361 1235 nuntiandam
1386 1200 1513 1231 credidit
1538 1223 1548 1237 ‚
1573 1201 1800 1239 parvipendens
1821 1203 1983 1232 Marcionis
2008 1200 2042 1232 Θ

1160 1249 1282 1285 aliorum
1291 1270 1302 1286 ,
1330 1254 1454 1290 quicum
1467 1260 1497 1281 eo
1512 1255 1543 1280 in
1556 1248 1610 1280 hac
1616 1257 1706 1289 parte
1725 1247 1909 1290 consentiunt
1922 1273 1933 1289 ‚
1952 1249 2043 1290 affer-

1160 1304 1270 1331 tionem
1291 1322 1298 1330 .
1324 1298 1361 1331 In
1386 1299 1491 1341 primo
1509 1298 1729 1332 haereticarum
1751 1298 1933 1332 fabularum
1959 1298 2044 1333 libro

1163 1346 1399 1381 Theodoretus
1422 1350 1514 1381 istam
1539 1349 1709 1383 audaciam
1732 1360 1799 1381 non
1818 1349 1969 1392 Tatiano
1992 1348 2045 1382 ad-

1162 1397 1270 1431 scribit
1284 1421 1294 1435 ‚
1322 1397 1373 1431 sed
1388 1398 1444 1429 soli
1460 1400 1593 1431 Severo:
1619 1400 1816 1431 severiani&
1830 1402 1938 1431 Divini
1953 1399 2045 1431 Paul!

2071 888 2115 918 ap.
2128 889 2174 912 27.

221 1459 323 1484 tarum
337 1453 450 1492 Dogma
459 1448 626 1493 consurgens
639 1474 650 1488 ,
676 1456 727 1490 qui
747 1452 874 1491 afferunt
887 1447 1034 1487 christum
1047 1453 1097 1481 an-

219 1508 251 1532 te
263 1503 395 1531 Mariam
405 1510 462 1535 non
482 1498 589 1541 fuiffie.
617 1501 703 1530 Unde*
714 1500 747 1531 o
759 1497 920 1539 compulsus
944 1497 981 1535 est
1005 1502 1098 1531 Divi·-

221 1559 292 1582 nam
304 1550 369 1589 ejus
383 1553 594 1582 Nativitatem
604 1549 715 1580 edicere
726 1572 734 1578 .
764 1546 867 1580 Addit
891 1548 1025 1580 sanstus
1038 1546 1100 1580 Ire-

1165 1447 1315 1489 Episi'olas
1327 1472 1337 1486 ‚
1366 1450 1398 1480 (y
1414 1447 1536 1482 Ac‘luum
1555 1446 1703 1486 historiam
1714 1451 1852 1487 rejiciunt
1866 1474 1871 1479 .
1903 1449 1953 1480 Ex
1977 1459 2045 1491 quo
2060 1461 2121 1490 cap.
2135 1464 2180 1483 20.

1163 1498 1268 1539 capite
1292 1494 1461 1530 Charisma
1488 1496 1708 1540 prophetia&
1724 1498 1829 1531 Sansti
1852 1499 1991 1540 Spiritus
2010 1499 2046 1532 in

1165 1545 1355 1578 Pentecoste
1367 1545 1526 1580 adventus
1537 1547 1610 1588 ipsis
1621 1547 1856 1588 displicuerunt
1871 1570 1882 1585 ‚
1905 1548 2025 1591 ignoro
2038 1547 2053 1580 .’

1165 1594 1273 1637 Pergit
1287 1595 1422 1628 [renaeus
1435 1595 1476 1629 de
1494 1596 1555 1628 alia
1569 1596 1806 1630 Gnosticorum
1829 1597 1930 1640 specie
1943 1610 1954 1630 .-
1980 1600 2047 1641 ,Qui

1166 1642 1482 1688 JESUMseparant
1497 1645 1660 1686 acbwstu,
1686 1648 1720 1680 ὢ·
1737 1646 2046 1690 impaffibdempersei
2072 1646 2130 1677 Lib·
2153 1658 2180 1676 2·

1165 1695 1275 1736 veraffc
1286 1693 1435 1733 Cbrtflum
1447 1719 1457 1734 ‚
1481 1696 1596 1738 paffum
1606 1699 1678 1729 vero
1705 1696 1861 1740 JESUM
1876 1699 1998 1738 dicunt,
2015 1699 2050 1731 id
2072 1697 2124 1725 ἠ·
2139 1699 2148 1716 ¹
2158 1698 2185 1716 ¹‘

85 1591 147 1623 Lib.
179 1603 203 1622 1.

84 1641 138 1670 cap
158 1637 194 1662 ’6
221 1610 329 1634 naeus:
357 1599 420 1631 Solo
433 1623 442 1638 ,
456 1600 536 1639 quod
545 1597 583 1637 est
590 1596 751 1640 secundnm
764 1595 940 1629 Matthaeum
954 1619 964 1635 ,
991 1598 1020 1627 E
1024 1607 1097 1629 van-

215 1651 293 1695 gelio
312 1659 437 1682 utuntur
453 1650 602 1682 Ebioniiae
617 1673 627 1687 ‚
655 1650 687 1682 (θ’
702 1647 860 1690 Apostolum
888 1647 1013 1679 Paulum
1026 1657 1098 1679 recu-

217 1700 292 1743 sant
304 1724 314 1739 ‚
346 1698 513 1741 apostatam
524 1709 589 1740 eum
608 1699 681 1742 legis
693 1699 841 1732 dicentes.
871 1696 1043 1730 Consonat
1066 1696 1099 1729 in

86 2241 158 2279 Cap.
180 2254 204 2273 i.

90 2968 152 2999 Lib.
182 2979 207 3005 3.

92 3017 154 3047 cap.
165 3021 175 3040 1
186 3021 209 3040 i.

222 1750 475 1784 Commentario
491 1750 580 1791 super
591 1749 697 1782 Sanffl
715 1747 868 1782 Matthaei
883 1746 1099 1792 Evangelium

222 1800 358 1834 Sanctus
370 1799 599 1842 Hieronymus
610 1811 619 1830 .·
649 1798 801 1832 Ebionitae
815 1823 827 1838 ‚
852 1809 917 1831 cum
929 1808 1047 1831 caeteros
1058 1809 1101 1831 re-

219 1855 335 1892 cipiant
351 1847 515 1897 Apostolos,
542 1849 671 1881 Paulum
693 1848 779 1888 q'uass
797 1847 1027 1891 transgrefforem
1047 1851 1100 1882 Le·

217 1906 268 1943 gis
282 1902 482 1941 repudiant.g
495 1898 536 1930 Et
567 1897 660 1930 infra:
694 1898 919 1940 Evangelium,
945 1910 1001 1939 quo
1014 1908 1101 1931 utun·

222 1960 271 1982 tur
283 1954 442 1981 Nazareni
452 1941 485 1981 ὦ·
500 1947 635 1980 Ebionaei
647 1972 657 1986 ‚
681 1949 761 1989 quod
769 1957 859 1989 mapcr
871 1954 902 1979 in
917 1951 1053 1981 Gra-cum
1066 1950 1101 1980 de

222 1998 347 2035 Hebraeo
363 1997 496 2041 sermone
522 1997 742 2036 transtulimus,
772 1999 805 2031 (τ
827 1999 934 2039 quoda
954 1997 1101 2040 plerisque

222 2059 344 2082 vocatur
357 2047 736 2080 MatthaeiAuthenticum.
766 2047 918 2080 Elucidat
943 2049 975 2080 in
992 2050 1101 2081 secun-

221 2098 266 2131 do
291 2096 511 2129 haereticarum
537 2096 718 2130 fabularum
745 2096 829 2130 libro
849 2094 1101 2132 Theodoretus:

220 2146 374 2180 Ebionitae
397 2148 500 2191 docent
523 2149 680 2179 Dominum
702 2146 857 2189 JESUM
881 2146 1030 2187 Christum
1065 2159 1101 2180 ex

212 2196 377 2243 joseph&
389 2201 490 2229 Maria
510 2196 562 2238 effe
579 2204 699 2228 natum.
729 2200 770 2229 Et
783 2194 880 2238 solum
898 2200 926 2229 E
931 2200 1101 2241 vangelium

217 2246 378 2291 secundnm
400 2247 541 2282 Hebraeos
563 2252 725 2287 recipiunt.
756 2246 916 2286 Apostolum
936 2250 1006 2279 vero
1028 2256 1101 2287 apo-

216 2299 327 2339 statam
340 2306 450 2331 vocant
461 2323 468 2330 .
497 2299 551 2328 Ex
565 2295 612 2327 bis
630 2305 693 2328 erat
705 2298 723 2326 5
719 2295 889 2332 ymmachus
905 2320 914 2334 ‚
940 2303 991 2337 qui
1017 2305 1099 2329 vetus

222 2348 438 2381 Testamentum
460 2352 492 2378 in
512 2347 644 2387 linguam
671 2349 807 2378 Graecam
833 2345 1004 2384 transtulit.
1034 2346 1103 2376 Alia

219 2406 334 2439 praeter
353 2397 429 2428 banc
454 2396 544 2435 claffis
563 2393 629 2434 fuit
641 2393 770 2435 ejusdem
781 2399 909 2426 nominis
922 2406 932 2425 .·
958 2397 1046 2425 Nam
1067 2395 1102 2426 Θ

221 2448 349 2487 Ebionei
368 2455 479 2487 quoque
501 2453 643 2476 vocantur
667 2466 674 2474 .
702 2444 766 2485 ,Qui
786 2448 818 2475 in
843 2448 958 2476 caeteris
985 2444 1103 2484 quidem

220 2496 355 2530 omnibus
365 2506 430 2528 cum
438 2493 588 2536 prioribus
600 2499 779 2526 conveniunt
792 2517 803 2531 ‚
829 2495 1017 2525 servatorem
1031 2496 1102 2526 vero

223 2549 257 2580 (ν
271 2551 429 2579 Dominum
453 2556 490 2577 ex
515 2547 638 2585 Virgine
660 2551 763 2574 natum
786 2544 904 2575 dicunt.
933 2543 1102 2586 Evangelio

221 2605 320 2629 autem
337 2595 502 2638 secundnm
523 2592 703 2626 Mattbaeum
718 2591 778 2635 solo
798 2601 941 2625 utuntur.
970 2593 1102 2626 Etenim

223 2648 357 2680 Sanctus
381 2643 559 2678 Matthaeus
584 2653 770 2686 perpetuam
796 2644 943 2686 Deiparae
957 2643 1101 2687 Virgini-

224 2707 325 2730 tatem
347 2693 537 2729 lucidissime
560 2694 729 2736 praedicat:
758 2694 850 2727 Hinc
874 2694 963 2726 illius
980 2693 1102 2727 inficia-

224 2757 312 2780 tores
323 2743 487 2779 duxerunt
509 2741 730 2785 abjiciendum
741 2740 845 2778 hocce
858 2743 1078 2787 Evangelium
1091 2768 1102 2784 ,

224 2796 349 2830 &istud
362 2794 451 2828 aliud
461 2793 687 2837 apocryphum
699 2794 951 2836 assumpserunt.

274 2847 407 2880 Sanctus
418 2845 555 2879 Irenaeus
577 2843 676 2877 etiam
698 2843 730 2876 in
745 2844 811 2877 alio
833 2843 995 2886 suioperis
1018 2841 1102 2876 libro

225 2896 334 2930 scribit
344 2895 384 2930 de
395 2893 503 2929 Sanffi
518 2892 651 2936 Ioannis
665 2894 848 2938 Evangelio
860 2919 870 2934 ,
896 2895 928 2926 ὃ(
949 2893 1023 2926 aliis
1042 2891 1099 2926 hae-

225 2947 335 2981 reticis
349 2959 360 2978 .-
391 2944 447 2978 Alii
460 2968 471 2984 ‚
498 2952 530 2975 ut
543 2944 648 2977 donum
662 2943 978 2985 spiritusfruflrentur
989 2967 1000 2982 ,
1026 2945 1104 2984 quod

226 3004 260 3031 in
280 2996 437 3035 noviffimis
463 2993 641 3034 temporibus
664 2992 823 3036 secundnm
836 2995 983 3026 Placitum
997 2995 1099 3026 Patris
1122 3012 1123 3017 =

226 3046 351 3089 efficsum
375 3044 413 3086 est
434 3049 466 3076 in
479 3043 638 3077 humanum
659 3055 753 3086 genus
768 3069 778 3084 ‚
804 3044 887 3084 istam
904 3042 1031 3086 speciem
1044 3054 1101 3077 non

227 3099 396 3131 admittunt
407 3118 418 3134 ,
444 3104 510 3135 quae
524 3092 561 3132 est
568 3090 727 3134 secundnm
733 3098 763 3138 J
767 3100 872 3126 oannis
887 3097 917 3125 E
921 3095 1101 3137 vangelium‚

223 3154 341 3188 annua
355 3145 543 3178 Paracletum
563 3141 595 3185 se
620 3142 767 3184 missurum
795 3146 937 3175 Dominus
954 3142 1100 3185 promisit.

228 3199 323 3230 simul
331 3198 363 3230 ᾧ·
375 3194 579 3237 Evangelium
592 3195 624 3226 (9³
639 3191 842 3233 Propheticum
854 3195 997 3234 repellunt
1011 3196 1028 3224 5
1027 3200 1101 3234 pm·
1121 3223 1124 3226 .

230 3256 311 3280 tum.
341 3246 383 3280 Et
403 3244 575 3287 adjungit:
605 3246 704 3274 Datur
727 3243 873 3285 intelligi,
900 3245 979 3284 quod
998 3242 1102 3285 hujics-

230 3299 412 3337 mediaeque
428 3293 588 3336 Apostolum
606 3295 731 3325 Paulum
744 3300 905 3333 recipiant.
936 3297 970 3324 ln
980 3305 1014 3325 ea
1024 3299 1103 3326 enim

232 3346 386 3386 Epistola,
409 3356 476 3386 qua,-
498 3343 535 3383 est
558 3343 603 3375 ad
626 3341 794 3374 Corinthios
821 3366 830 3382 ,
857 3344 894 3374 de
918 3342 1099 3382 PropheticIs

230 3393 469 3438 Charismatibus
492 3394 648 3436 diligenter
670 3394 779 3425 locutus
804 3393 860 3432 eft.
889 3395 934 3425 Et
951 3391 1008 3435 scit
1019 3399 1101 3427 viros

329 3443 433 3483 Christ.
445 3447 519 3484 Lupi
530 3450 627 3483 Opera
635 3445 667 3476 T.
679 3446 734 3475 IX.

1165 1748 1245 1787 quod
1246 1743 1408 1788 secundnm
1423 1748 1557 1778 Marcum
1569 1744 1606 1785 est
1618 1771 1635 1788 ›.
1652 1746 1811 1787 preferant
1827 1751 2046 1791 Evangeltum.

1168 1796 1225 1830 An
1244 1795 1511 1833 Cerintbianoss
1530 1795 1652 1839 quibus
1671 1796 1729 1830 ista
1754 1797 1877 1839 placuit
1899 1797 2049 1841 blasphe-

1168 1847 1229 1880 mia
1242 1870 1252 1886 ,
1279 1845 1428 1888 respiciat
1441 1867 1451 1883 ,
1470 1845 1592 1888 ignoro
1605 1869 1612 1876 .
1640 1845 1714 1880 Nec
1725 1849 1813 1880 enim
1825 1847 1892 1881 istis
1904 1848 1981 1882 solis
1994 1848 2051 1882 illa

1166 1896 1307 1941 placuit.
1336 1894 1467 1928 Etenim
1489 1894 1530 1928 de
1553 1895 1702 1928 Elcesaeis
1715 1921 1724 1936 ‚
1752 1899 1807 1939 qui
1832 1899 1863 1933 se
1888 1898 2051 1940 jastabant

1145 1958 1149 2006 fi
1167 1946 1402 1990 prognosticos
1424 1970 1433 1984 ‚
1462 1943 1569 1979 scribit
1596 1945 1832 1981 Theodoretus
1855 1961 1862 1980 :
1890 1949 2051 1990 Apostolum

1145 2009 1149 2036 ῑ
1160 1999 1282 2040 penitas
1295 1997 1475 2038 repudiant.
1515 2008 1518 2016 ⁴
1883 2003 1887 2006 '

1216 2049 1259 2082 Et
1282 2046 1350 2080 haec
1375 2046 1511 2080 audacia
1530 2058 1597 2081 non
1623 2049 1686 2082 fuit
1708 2048 1854 2082 solorum
1875 2048 2052 2085 Gnostico-

1165 2109 1235 2131 rum
1251 2122 1258 2131 .
1285 2097 1454 2130 Tranfivit
1467 2097 1564 2129 etiam
1577 2098 1618 2129 ad
1635 2098 1777 2131 Arianos
1793 2123 1801 2137 ‚
1828 2099 1868 2131 de
1882 2099 2049 2141 quibusin

1166 2148 1352 2190 praefatione
1375 2147 1506 2179 suorum
1530 2148 1621 2187 super
1641 2147 1810 2189 epistolam
1834 2150 1874 2182 ad
1890 2150 2049 2184 Hebraeos

1166 2197 1475 2230 commentariorum
1495 2195 1605 2229 scribit
1628 2196 1715 2230 idern
1728 2197 1984 2234 Theodoretus:
2013 2205 2053 2233 A.

1165 2252 1246 2278 riam‘
1262 2246 1396 2293 omnibus
1417 2252 1602 2288 argumentis
1615 2268 1625 2285 ,
1650 2247 1696 2281 ob
1706 2259 1777 2290 quae
1789 2248 1953 2284 laudatam
1972 2252 2049 2294 ‚epi-

1165 2296 1279 2328 stolam
1293 2296 1354 2328 effe
1370 2295 1442 2329 vere
1456 2295 1684 2341 Apostolicam
1695 2325 1697 2328 .
1709 2299 1833 2341 semper
1850 2301 1989 2334 credidit
2003 2302 2048 2334 O·

1165 2346 1207 2377 rie
1214 2345 1309 2376 ntalis
1324 2345 1464 2378 Ecclesia
1479 2369 1489 2382 ,
1516 2347 1615 2379 valere
1634 2348 1715 2387 juffls
1730 2372 1739 2386 ,
1766 2350 1916 2382 adversas
1927 2356 2047 2384 verita·-

1166 2404 1225 2425 tem
1235 2394 1422 2434 impudenter
1435 2395 1588 2427 decertant
1597 2419 1607 2434 ,
1639 2396 1793 2439 apostolici„-
1807 2397 1972 2443 Theologie‚
1987 2412 2047 2443 qua

1163 2449 1338 2485 prooemium
1351 2450 1512 2476 exornavit
1526 2468 1536 2482 ,
1544 2443 1733 2486 splendorem
1743 2448 1951 2489 nonferentes.
1970 2452 2047 2484 Ct'tm

1165 2500 1243 2526 enim
1257 2505 1313 2525 non
1332 2493 1574 2536 poffintrefistere
1585 2501 1623 2527 iis
1636 2520 1646 2536 ,
1674 2508 1741 2539 quae
1752 2500 1789 2531 de
1800 2502 1948 2542 Unigeniti
1958 2505 2048 2534 Divi-

1170 2550 1266 2576 nitate
1277 2544 1380 2584 aperie
1392 2543 1474 2575 dicia
1479 2543 1621 2586 fuerant,
1646 2546 1784 2589 aufisunt
1794 2557 1889 2581 totam
1897 2550 2045 2592 epistolam

1168 2596 1287 2634 rejicere
1297 2618 1307 2632 ,
1333 2594 1399 2626 τὴν»
1409 2602 1509 2627 tamen
1521 2596 1555 2628 (τ
1569 2599 1696 2629 Decreta
1706 2599 1740 2631 ό*
1753 2599 1811 2640 alie
1826 2598 1973 2641 sententie
1983 2613 2047 2634 ma-

1164 2657 1258 2687 gnam
1278 2643 1408 2676 habeant
1419 2652 1618 2688 cognationem
1629 2658 1693 2679 cum
1714 2650 1785 2680 aliIs
1810 2648 1949 2690 epistolis.
1980 2651 2048 2684 Pri-

1168 2692 1267 2727 mum*
1281 2693 1426 2736 epistolae
1448 2706 1568 2738 caput,
1594 2697 1683 2740 quod
1706 2698 1823 2731 Divini
1850 2699 1950 2732 Verbi
1969 2710 2047 2732 con-

1169 2743 1410 2778 substantialem
1421 2745 1646 2780 Divinitatem
1667 2746 1859 2781 lucidissime
1877 2747 2053 2790 praedicat,

1121 2809 1123 2812 ⁴
1164 2794 1336 2828 obfuscare
1360 2793 1476 2827 Ariani
1501 2806 1569 2827 non
1593 2805 1772 2837 potuerunt
1796 2819 1806 2834 ,
1834 2807 1893 2830 nec
1915 2798 1949 2830 in
1975 2798 2046 2832 suas

1168 2844 1336 2885 pravitates
1362 2843 1569 2886 detorquere.
1600 2844 1694 2877 Hinc
1706 2856 1839 2878 omnem
1853 2847 2047 2889 epistolam,

1166 2893 1369 2928 lacerationis
1393 2893 1564 2926 infamiam
1588 2893 1833 2935 erubescentes,
1863 2898 2048 2940 proscripse-

1165 2956 1258 2979 runt.
1289 2943 1396 2977 Etiam
1421 2942 1461 2976 de
1485 2942 1671 2977 Theodoro
1693 2944 1940 2987 Mopsuestiensi
1970 2948 2047 2991 Epi-

2064 1998 2126 2029 Lib.
2137 2002 2172 2034 38

2064 2047 2126 2076 cap.
2140 2047 2168 2072 7.

1165 2996 1264 3036 stopo
1288 2993 1670 3036 dicit-quintaijnodus
1684 3008 1693 3026 .·
1721 2994 1886 3032 Theodorus
1906 2999 2047 3040 reprobat
2063 3013 2174 3045 (jonas,
2190 3026 2218 3051 4·

1167 3049 1200 3079 (12'
1212 3045 1320 3077 librum
1327 3047 1356 3088 J
1361 3043 1394 3076 ob
1407 3067 1417 3083 ,
1442 3044 1475 3077 (Ὗ
1488 3054 1592 3077 contra
1605 3043 1824 3086 conscriptorem
1840 3049 1904 3088 ejus
1914 3073 1924 3088 ‚
1954 3048 2044 3090 idest,

1164 3095 1302 3138 sant‘lum
1314 3097 1456 3135 spiritum
1467 3118 1478 3134 ‚
1507 3096 1579 3127 dicit
1592 3096 1673 3136 quod
1683 3103 1822 3138 paganus
1834 3096 1958 3139 sapiens
1969 3099 2046 3132 hune

1168 3146 1274 3178 librum
1287 3141 1459 3187 conscripsti.
1488 3144 1529 3177 Et
1543 3144 1676 3178 iterum:
1706 3147 1765 3178 Per
1786 3153 1884 3179 omnia
1906 3148 2045 3189 reprobat

1169 3199 1354 3237 §cripturam
1359 3198 1388 3239 J
1394 3195 1426 3226 ob
1441 3218 1450 3232 ‚
1473 3192 1700 3236 &conscriptori
1711 3196 1878 3231 maledicit.
1899 3200 1982 3230 Idem
1992 3211 2045 3232 au-

1167 3255 1227 3278 tem
1238 3246 1276 3285 est
1290 3246 1385 3277 dicere
1403 3247 1526 3285 spiritui
1539 3245 1660 3277 samio.
1690 3245 1733 3278 Et
1756 3245 1822 3280 haec
1844 3247 2045 3283 demonstrat

1152 3307 1207 3338 'ex
1221 3294 1397 3328 Theodori
1423 3293 1528 3327 libris.
1559 3294 1601 3328 Et
1615 3296 1741 3339 pergit:
1770 3295 1879 3330 Adbaec
1900 3296 2044 3340 dispernit

1173 3346 1251 3378 idem
1274 3344 1440 3378 Theodorus
1465 3346 1499 3378 Θ·
1519 3347 1677 3378 Canticum
1690 3349 1898 3387 Cantharam,
1926 3348 1960 3382 6·
1972 3348 2044 3389 ficut

1173 3397 1217 3427 ad
1230 3393 1427 3436 amatamfibi
1440 3394 1490 3436 hec
1501 3395 1680 3429 Salomonem
1685 3393 1822 3439 scripsisse
1834 3397 1904 3431 dicit
1912 3422 1924 3439 ‚
1944 3398 2048 3442 infan-¹

1653 3444 1680 3479 P
1731 3456 1752 3480 2
1954 3449 1995 3481 da
