2346 3724
775 186 819 229 C
889 198 916 227 A
988 199 1010 229 P
1078 197 1095 227 1

251 266 343 302 xillus
358 264 507 299 interfuit
520 277 531 298 .-
558 265 742 309 ‚Quicumque
751 276 789 299 ex
801 267 1001 297 Eunomianis
1011 262 1098 296 rec‘iae
1105 262 1140 305 fi·

251 319 301 352 dei
313 314 439 359 adscribi
451 315 574 355 volunt,
603 325 635 349 ut
649 319 765 350 Graecos
789 316 999 352 admittimus,
1026 314 1061 346 ὁ·
1079 319 1142 355 pri-

255 379 303 402 mo
324 367 442 408 quidem
463 367 516 399 die
537 365 615 413 ipsos
639 365 824 406 Christianos
841 363 995 407 facimus,
1015 361 1144 406 secundo

253 415 507 456 catechumenos,
534 418 645 449 deinde·
669 421 754 449 tertio
763 419 984 453 exorcizamus,
1006 411 1070 453 five
1088 414 1142 446 ad-

244 469 390 510 juramus
404 464 481 508 ipsos
493 490 502 506 ,
530 468 564 500 (¹2⁰
577 467 702 500 tandem
719 465 909 507 baptizamus
923 490 931 497 .
958 462 1142 508 Distinguit

249 517 353 551 varias
377 515 697 550 catechumenorum
718 515 851 555 classes,
876 514 909 549 ὅ(
933 514 966 548 in
982 513 1086 558 prima
1104 525 1142 548 ac

248 565 401 601 omniurn
425 565 535 600 infima
559 567 655 610 ponit
681 565 888 601 Christianos
906 590 914 597 .
942 563 1142 599 Accedentis

249 617 340 652 enim
363 617 403 651 ad
417 615 583 650 Christum
605 616 794 651 Dominum
815 616 950 661 gentilis
970 615 1072 650 fronti
1086 614 1143 648 sta-

248 666 312 702 tim
325 668 527 702 sacrosanetae
537 666 651 702 Crucis
665 667 793 712 lignum
807 666 1027 711 imprimimus
1038 690 1049 705 ,
1061 665 1094 699 &
1103 665 1143 698 fic

249 728 398 753 creamus
417 715 659 752 Christianum.
687 717 736 752 lta
761 716 885 761 semper
894 717 963 761 egit
980 716 1143 750 &Orien-

250 768 327 802 talis
346 769 380 802 ὅ(
404 767 627 803 Occidentalis
649 767 811 802 Ecclefia.
841 767 1026 813 Qomodo
1044 766 1144 811 igitur

250 817 400 861 Cyrillus
422 818 560 852 affirmat
581 829 641 853 nos
665 817 871 852 Christianos
882 829 951 851 non
970 817 1055 857 effe,
1083 815 1141 848 nifi

248 878 309 912 per
341 867 563 903 Christianam
595 867 894 903 Confirmationem
914 868 932 901 ἓ
957 865 1144 914 Qomodo

251 918 498 953 affirmatistum
510 921 574 953 effe
594 919 722 953 sensum
744 919 848 953 totius
865 917 1036 951 Ecclefiae?
1061 915 1144 962 Qui-

251 968 328 1003 dam
340 968 529 1003 existimant
553 967 718 1012 Cyrillum
743 967 917 1013 postmodo
936 967 1076 1000 cantafle
1089 966 1143 998 ho-

251 1029 325 1053 rum
349 1018 573 1063 palinodiam.
599 1019 734 1053 Etenim
760 1018 803 1051 de
823 1016 892 1060 ejus
914 1013 1146 1050 catechesibus

251 1068 364 1102 scribit
385 1070 420 1102 in
455 1070 598 1102 virorum
633 1067 806 1102 illustrium
830 1065 985 1111 catalogo
1012 1067 1146 1100 Sanctus

250 1117 482 1160 Hieronymus
501 1128 510 1148 ε
537 1117 665 1155 Cyrillus
688 1114 864 1159 catecheses
887 1120 921 1148 in
949 1114 1147 1159 adolescentia

250 1165 406 1209 composuit
417 1191 425 1199 .
454 1166 500 1200 Et
515 1167 549 1200 in
563 1166 785 1202 Ecclesiastica
802 1164 950 1199 Historia
962 1164 1147 1200 Cardinalis

252 1217 443 1252 Anastasius
476 1216 639 1252 Romanae
670 1215 820 1251 Ecciefiae
840 1214 1146 1250 Bibliothecarins:

252 1269 391 1309 ,Quidam
414 1266 533 1306 Cyrillo'
544 1267 630 1309 quafi
649 1270 760 1300 Ariana
781 1289 793 1307 ,
818 1267 985 1310 derogant,
1015 1268 1147 1299 dicentes

251 1317 333 1352 hunc
344 1323 437 1352 etiam
450 1317 593 1359 Homoufii
605 1328 705 1351 vocem
715 1316 832 1359 tacutffe
849 1323 882 1349 in
893 1316 1124 1356 institutionibus
1139 1339 1150 1355 ,

252 1379 330 1411 quas
352 1365 509 1409 composuit
524 1369 569 1400 ad
574 1367 739 1410 praeffec‘lum
750 1371 954 1409 imperitarum
962 1367 1097 1409 plebium
1108 1367 1153 1399 ad

252 1416 419 1461 Baptisma
427 1419 627 1451 accedentium
635 1442 642 1450 .
672 1418 716 1451 Et
725 1428 781 1461 per
791 1416 949 1460 Jacobum
961 1417 1150 1451 Gretserum

253 1467 440 1511 publicatus
455 1465 643 1502 Alexander
652 1466 842 1501 Monachus
853 1468 888 1500 in
900 1466 985 1500 libro
996 1466 1038 1501 de
1051 1468 1154 1500 sacro'·

253 1518 369 1551 sanstae
389 1518 506 1551 Crucis
531 1516 729 1552 inventione
753 1529 761 1550 ε
788 1520 971 1550 Etiamnum
1000 1518 1098 1550 decem
1118 1518 1152 1549 ό·

253 1566 315 1600 olio
330 1568 433 1606 Cyrilli
445 1566 622 1610 Catecbeses
630 1565 798 1609 servantur
807 1568 939 1610 legitime
960 1564 1130 1610 conscripta
1142 1590 1152 1606 ,

251 1622 287 1651 a‘n
308 1617 414 1658 quibus
436 1615 557 1659 sacrum
569 1619 725 1659 explicans
748 1617 934 1657 symbolum,
960 1615 1153 1659 Confitbstan-

253 1668 337 1699 stalis
349 1673 531 1700 mentionem
543 1667 635 1708 omisit
645 1692 655 1708 ,
683 1670 858 1708 Principum
870 1666 944 1710 inse
955 1690 966 1707 ,
992 1666 1048 1707 nifi
1055 1668 1092 1699 id
1103 1665 1153 1707 fe-

252 1716 332 1758 ciffet
344 1716 464 1758 infidias
473 1724 601 1758 paratas
612 1718 723 1750 videns
736 1741 744 1749 .
773 1715 881 1758 Manfit
891 1726 993 1750 tamen
1001 1727 1066 1751 cum
1079 1718 1153 1750 Ian·

253 1766 313 1799 ms
340 1766 486 1800 Patribus
500 1765 736 1808 Ecclefiamvoce
746 1778 804 1800 non
814 1769 940 1809 Scriptis
962 1767 1132 1809 defendens
1145 1790 1153 1797 .

254 1815 366 1859 ipsum
380 1827 498 1860 purgat
511 1841 522 1857 ,
550 1818 640 1858 quod
661 1817 707 1850 ob
729 1818 941 1860 Imperatoris
962 1816 1154 1851 Constantii

253 1877 404 1906 metum,
434 1867 480 1899 uti
503 1866 536 1899 &
559 1866 709 1910 Magnus
729 1866 869 1899 Basilius
891 1867 970 1900 fecit
983 1867 1040 1899 sub
1052 1866 1155 1909 Impe-

253 1926 361 1951 ratore
379 1915 523 1950 Valente
541 1937 552 1954 ‚
577 1916 616 1949 fit
637 1917 712 1949 usus
736 1915 974 1959 dispensatorio
1000 1915 1154 1950 silentio.

253 1966 382 2000 Eodem
397 1966 500 2005 modo
514 1966 619 2008 ipsum
641 1976 759 2008 purgat
783 1965 935 1999 laudatus
947 1965 1153 1998 Anastasius.

252 2016 321 2051 Isto
344 2016 414 2059 ipso
446 2016 550 2048 modo
574 2014 640 2056 ipse
664 2012 814 2056 Cyrillus
833 2014 866 2046 se
886 2016 1040 2057 purgavit
1067 2013 1154 2056 apud

255 2061 667 2106 Constantinopolitanam
681 2060 854 2106 Synodum
869 2087 880 2102 ‚
904 2074 1003 2106 atque
1026 2063 1070 2096 ita
1082 2062 1154 2096 istic

255 2114 340 2150 sedit
355 2124 390 2147 ut
404 2111 597 2147 Canonicus
607 2113 810 2156 Episcopus,
836 2112 869 2146 ὅ(
882 2114 916 2146 in
927 2112 1090 2156 synodali
1112 2111 1154 2147 ad

255 2166 413 2203 SanCtum
425 2162 607 2197 Damasum
619 2161 818 2198 Pontificem
831 2163 992 2198 relatione
1004 2160 1071 2197 fuit
1082 2174 1155 2197 am-

257 2215 311 2261 ple
326 2212 576 2249 commendatus
590 2237 598 2244 .
626 2211 744 2258 Aliqui
770 2214 903 2248 censent
924 2213 1014 2257 quod
1029 2213 1154 2248 ibidem

256 2267 351 2301 suam
362 2265 507 2309 priorem
519 2262 559 2297 de
571 2261 751 2297 Christiani
770 2263 870 2298 titulo
880 2261 1063 2299 dostrinam
1084 2275 1154 2298 cor·

256 2316 361 2351 rexit.
388 2314 449 2348 Ast
472 2314 537 2347 sine
557 2310 795 2348 fundamento.
827 2314 901 2348 Nec
921 2315 1010 2349 enim
1035 2313 1100 2349 hoe
1118 2315 1154 2348 in

258 2367 383 2411 puncto
406 2361 543 2398 erravit.
568 2364 702 2398 Etenim
727 2362 904 2398 Christiani
929 2366 1043 2399 titulus
1055 2364 1153 2398 habet

256 2416 382 2459 duplex
393 2414 646 2449 fundamentum
660 2437 670 2453 ,
688 2425 726 2447 ac
740 2414 807 2458 ipse
821 2415 936 2448 itidem
951 2415 995 2448 est
1008 2415 1131 2458 duplex
1145 2438 1152 2447 .

258 2467 358 2502 Alius
381 2465 427 2500 est
457 2464 599 2508 primum
619 2462 880 2499 Christianitatis
892 2465 1064 2499 exordium
1083 2489 1093 2505 ,
1119 2465 1154 2499 δε

257 2516 353 2552 datur
366 2527 421 2560 per
431 2515 560 2560 signum
573 2514 689 2548 Crucis
700 2526 715 2556 ;
741 2514 824 2549 alius
837 2516 880 2549 est
896 2514 998 2559 longe
1009 2516 1154 2549 eminen-

257 2568 344 2607 tior,
369 2567 404 2600 δε
426 2565 521 2599 datur
551 2575 605 2608 per
627 2566 865 2599 sacrosanctum
889 2565 1002 2608 JESU
1031 2564 1153 2600 Christi

260 2616 434 2651 Charisma
448 2638 459 2654 ,
485 2625 539 2657 per
550 2610 785 2650 sacrosanctum
798 2616 1043 2650 Sacramentum
1056 2614 1151 2650 Chri-

260 2665 373 2700 stianae
385 2663 665 2699 Confirmationis
674 2689 682 2697 .

312 2715 405 2749 Idem
416 2714 514 2748 docet
526 2713 561 2747 in
573 2713 806 2758 quaestionibus
831 2717 922 2759 super
942 2717 1152 2751 Deuterono-

260 2766 322 2800 mii
342 2764 462 2799 librum
483 2762 718 2799 Theodoretus
744 2765 826 2809 Cyri
852 2766 1055 2809 Episcopus:
1083 2770 1150 2800 Nos

262 2816 450 2859 appellamus
456 2814 561 2857 fideles
572 2826 617 2848 eos
631 2838 641 2854 ,
667 2821 720 2858 qui
730 2814 804 2858 sunt
814 2818 999 2849 Divinarum
1012 2814 1147 2854 manerio

259 2878 327 2900 rum
335 2870 501 2908 participes
514 2889 521 2896 .
549 2865 681 2913 Qibus
698 2866 846 2900 Christus
857 2866 1024 2901 Dominus
1045 2867 1101 2900 illa
1114 2867 1151 2902 fi-

261 2918 312 2962 dit
334 2940 346 2957 ,
372 2927 441 2949 non
462 2914 581 2948 timens
605 2916 662 2949 illa
688 2917 849 2960 profanari
879 2928 936 2952 aut
966 2917 1151 2951 enuntiari.

262 2967 436 3002 Consonat
459 2964 676 3009 Bulgarorum
699 2967 878 3011 Episcopus
892 2966 927 3000 in
940 2967 1152 3002 Commenta-

129 3025 204 3062 Cap.
221 3033 244 3054 1.
262 3019 315 3053 rio
338 3018 430 3060 supet·
450 3014 619 3058 epistolam
640 3014 681 3049 ad
696 3016 921 3052 colossenses:
949 3019 1035 3051 Unde
1053 3016 1152 3060 sandi

254 3068 339 3111 falli
359 3066 448 3104 estis?
475 3069 588 3099 Nonne
604 3074 660 3107 per
668 3065 819 3111 baptisma
828 3074 862 3101 in
874 3075 995 3101 mortem
1019 3067 1150 3108 christi?

264 3119 349 3152 Unde
357 3117 483 3160 fideles?
509 3119 619 3150 Nonne
629 3122 702 3157 quia
710 3123 744 3150 in
756 3117 902 3158 christum
912 3119 1055 3152 creditis?
1069 3123 1150 3152 Non·

266 3179 303 3201 ne
324 3174 398 3211 quia
418 3174 505 3200 tanta
510 3164 585 3209 sunt
608 3166 694 3199 vobis
706 3169 727 3199 ἆ
739 3168 853 3209 Christo
872 3171 988 3202 credita
999 3167 1151 3207 auster-ia?

267 3220 390 3253 Fideles
412 3224 490 3251 enim
511 3227 569 3249 non
579 3218 642 3250 ideo
655 3227 772 3251 tantum
785 3229 926 3251 vocamur
940 3243 951 3259 ,
974 3219 1047 3260 quia
1057 3221 1151 3252 credi-

265 3278 334 3301 mus
348 3290 359 3307 ,
379 3267 436 3310 sed
457 3273 529 3309 quia
554 3267 685 3306 mysteria
707 3267 791 3301 nobis
810 3271 831 3301 ἃ
854 3271 914 3302 Deo
934 3271 1050 3302 credita
1055 3268 1147 3312 sunt,

264 3327 334 3358 quae
357 3328 392 3349 ne
417 3317 519 3361 Angeli
542 3318 660 3360 quidem
681 3326 805 3351 norant.
838 3318 894 3352 Est
918 3319 975 3353 ista
988 3328 1151 3354 mutuatus

264 3377 308 3400 ex
320 3367 438 3401 Sansto
449 3368 576 3410 Joanne
586 3367 828 3412 chrysostomo
840 3393 849 3402 .
878 3368 922 3404 Et
935 3368 1015 3405 hinc
1031 3370 1150 3405 intelli-

1168 198 1195 226 Τ
1262 195 1280 226 1
1350 195 1370 224 S

1459 180 1603 224 XLI.
1924 198 2017 245 319

1200 272 1260 307 ges
1272 269 1452 296 extremam
1463 271 1501 295 ac
1513 259 1673 305 insignem
1684 260 1856 299 Guilielmi
1877 264 2022 302 Comitis
2031 268 2087 303 Sa.-

1200 311 1404 346 resberienfis
1416 310 1644 355 poenitentiam
1656 336 1666 352 ,
1692 310 1734 345 de
1743 323 1808 355 qua
1826 314 2002 352 Matthaeus
2023 317 2087 353 Pa.

1200 362 1352 397 rifienfis:
1382 362 1559 396 Guilielmus
1573 361 1652 404 fecit
1661 359 1841 404 Episcopum
1851 369 1985 399 civitatis
1995 369 2041 401 ad
2053 367 2088 411 [e
2100 385 2256 417 Arm-¹22⁶

1200 413 1304 447 venire
1316 437 1327 453 ,
1351 422 1386 446 ut
1396 424 1430 446 ea
1441 424 1508 456 quae
1519 411 1684 452 Christiani
1691 410 1766 455 fiant
1780 436 1792 453 ,
1816 416 1848 445 in
1870 414 2041 454 Confeffione
2049 420 2085 453 Θ

1201 468 1315 498 Viatico
1330 462 1489 507 susciperes
1504 487 1513 496 .
1539 467 1679 496 intrante
1699 473 1801 496 autem
1823 461 1969 505 Bpifi·opo
1990 465 2089 500 thala-

1201 525 1280 547 mum
1291 537 1302 553 ‚
1327 519 1362 547 in
1381 525 1436 557 quo
1439 513 1565 555 jacebat
1577 519 1679 547 Comes
1689 537 1702 554 ‚
1728 514 1829 547 nudus
1849 515 1968 546 omnino
1975 522 2090 555 praerer

1194 564 1378 607 femoralia,
1405 571 1507 598 contra
1527 575 1593 597 eum
1615 573 1718 606 corpus
1741 567 1863 597 Domini
1876 563 2032 604 ferentem
2050 577 2090 599 ea·

1202 615 1274 649 ledo
1292 614 1443 658 profiliens
1455 638 1466 654 ,
1487 613 1739 657 asperrimamque
1759 614 1892 657 laqueum
1902 619 1979 648 circa
1988 615 2094 648 collum

1203 665 1395 706 connec‘lens,
1419 676 1483 699 cum
1499 667 1571 708 jugi
1587 665 1806 704 lachrymarum
1819 663 1952 706 efficfione
1971 664 2004 707 se
2023 674 2096 707 pro-

1199 716 1314 756 stravit
1329 722 1362 750 in
1369 723 1583 758 pavimentum
1593 739 1604 756 ,
1626 714 1659 758 se
1670 713 1781 758 summi
1791 718 1882 758 Regis
1892 715 1945 758 effe
1961 716 2094 756 prodito·

1203 778 1264 800 rem
1275 765 1436 807 contestaen
1448 791 1459 808 ,
1486 777 1537 799 nec
1547 766 1653 798 deloco
1668 771 1778 798 moveri
1790 766 1885 799 voluis
1897 789 1909 805 ‚
1934 763 1992 806 nifi
2000 764 2095 807 fac‘la

1204 817 1387 858 confeffione,
1414 819 1449 851 o·
1470 814 1588 857 vivifici
1609 818 1795 849 sacramenti
1811 823 1954 858 percepta
1971 825 2097 848 commu·

1205 872 1308 908 nione,
1335 877 1369 901 ut
1376 865 1410 910 se
1426 866 1477 910 sui
1492 864 1616 910 servum
1642 865 1799 907 ostenderet
1824 870 1995 899 Creatoris.
2024 865 2098 898 Re-

1205 917 1253 951 fle
1276 929 1314 951 ac
1327 917 1454 951 erudite
1473 918 1502 950 se
1513 917 1669 960 professus
1692 915 1736 949 est
1751 917 1866 950 summi
1879 915 1982 960 Regis
1994 917 2103 959 prodi·

1204 978 1308 1001 torem
1319 993 1326 999 .
1356 967 1514 1013 Qisquis
1524 968 1614 1001 enim
1627 965 2074 1009 Christianaejustificationis
2087 989 2100 1007 ‚

1206 1028 1260 1052 aut
1282 1016 1446 1059 aliorum,
1473 1028 1543 1062 quae
1565 1017 1620 1061 ipfi
1641 1017 1812 1051 Dominus
1833 1016 1925 1051 Deus
1935 1016 2101 1057 credidit,

1207 1067 1436 1111 mysteriorum
1450 1067 1645 1111 Depositum
1656 1068 1783 1101 excutit
1795 1078 1851 1101 aut
1862 1068 2013 1112 profanat
2025 1091 2036 1108 ,
2053 1066 2101 1101 est

1208 1118 1324 1161 plenus
1341 1117 1489 1161 proditor
1504 1118 1637 1151 Divinae
1651 1116 1831 1158 Maiestatis
1841 1141 1850 1149 .

1261 1167 1305 1201 Et
1316 1168 1404 1202 hanc
1417 1167 1599 1202 doctrinam
1620 1166 1729 1201 lucide
1740 1165 1840 1201 tradit
1857 1167 1958 1200 etiam
1970 1166 2106 1200 Sanetus

1210 1215 1417 1262 Augustinus
1444 1241 1453 1249 .
1490 1217 1545 1251 De
1581 1214 1717 1250 Christo
1745 1216 1900 1250 Domino
1931 1216 2040 1250 scribit
2068 1217 2105 1249 in

1210 1266 1395 1313 Evangelio
1419 1268 1554 1302 Sanctus
1578 1267 1718 1311 Joannes
1743 1279 1754 1299 .·
1781 1266 1858 1298 Cum
1879 1265 2018 1308 JESUS
2040 1265 2108 1309 effes
2127 1268 2199 1307 Cap·
2215 1277 2240 1296 2.

1211 1316 1418 1360 Hierosolymis
1428 1323 1463 1350 in
1476 1316 1593 1361 Pascha
1604 1341 1616 1357 ‚
1641 1317 1729 1349 multi
1738 1316 1928 1349 crediderunt
1939 1322 1973 1349 in
1988 1323 2109 1350 nomine

1210 1369 1273 1409 ejus
1290 1393 1301 1409 ,
1328 1368 1469 1402 videntes
1486 1366 1574 1411 figna
1585 1378 1652 1409 quae
1664 1366 1826 1407 faciebat.
1855 1363 1922 1407 Ipse
1931 1373 2032 1398 autem
2044 1366 2106 1409 JE-

1211 1417 1298 1453 SUS
1321 1429 1379 1451 non
1399 1417 1534 1451 credebat
1554 1414 1744 1460 semetipsum
1767 1416 1848 1448 illis.
1875 1419 1923 1448 Εό
1949 1417 2032 1458 quod
2044 1414 2107 1459 ipse

1213 1469 1298 1512 nosset
1309 1479 1427 1501 omnes.
1459 1467 1504 1500 Et
1525 1468 1658 1501 San-{ius
1674 1466 1881 1511 Augustinus
1900 1476 2105 1501 commenta-

1214 1528 1267 1551 tur
1282 1519 1317 1552 in
1329 1517 1542 1551 Trastatibus
1554 1516 1737 1560 superistud
1754 1515 1992 1559 Evangelium:
2018 1516 2110 1560 ,Quid

1206 1566 1261 1609 fibi
1287 1566 1338 1601 boc
1351 1569 1417 1601 vult
1429 1566 1449 1599 ἔ
1473 1567 1523 1599 Illi
1535 1567 1697 1600 credebant
1713 1572 1746 1599 in
1758 1573 1874 1599 nomine
1883 1568 1949 1603 eius
1960 1591 1970 1606 ,
1998 1568 2034 1600 et
2044 1565 2107 1610 ipse

1215 1617 1351 1661 JESUS
1365 1629 1422 1650 non
1433 1617 1574 1651 credebat
1583 1615 1775 1660 semetipsum
1787 1618 1847 1650 illis
1859 1641 1867 1649 .
1896 1620 1944 1649 An
1952 1615 2032 1657 forte
2047 1628 2110 1650 non

1213 1669 1404 1702 crediderunt
1417 1673 1466 1708 ei,
1494 1669 1528 1701 65
1535 1667 1692 1712 fingebant
1704 1665 1738 1710 se
1749 1667 1900 1711 credidiffe
1909 1690 1921 1706 ,
1946 1669 1980 1701 Θ
1988 1675 2117 1709 propte--

1214 1720 1267 1752 reri
1292 1717 1430 1760 JESUS
1447 1728 1505 1750 non
1525 1717 1663 1751 credebat
1681 1716 1870 1761 semetipsum
1880 1724 1923 1750 eis
1936 1717 1955 1745 ἒ
1979 1719 2109 1750 sednon

1214 1770 1324 1801 diceret
1335 1767 1555 1810 evangelista,
1580 1767 1684 1800 Multi
1696 1767 1903 1800 crediderunt
1924 1766 1958 1799 in
1972 1767 2110 1800 nomine

1214 1818 1303 1860 ejus,
1331 1816 1387 1857 nist
1404 1827 1509 1850 verum
1533 1817 1595 1849 iliis
1618 1816 1815 1856 testimonium
1831 1814 2016 1856 perbiberet.
2042 1819 2109 1849 Ma-

1209 1878 1276 1912 gna
1285 1867 1351 1911 ergo
1362 1877 1409 1899 res
1423 1891 1432 1906 ‚
1448 1867 1482 1899 ό·
1494 1875 1583 1899 tanta
1591 1877 1638 1899 res
1648 1891 1656 1898 .
1683 1867 1822 1899 Credunt
1833 1865 1964 1899 homines
1978 1873 2010 1899 in
2021 1866 2111 1899 Chri·

1210 1918 1289 1958 stum
1301 1943 1311 1958 ‚
1338 1918 1373 1950 Θ·
1389 1916 1528 1954 Christus
1554 1926 1612 1947 non
1633 1914 1667 1957 se
1689 1917 1785 1947 credit
1808 1914 1972 1948 bominibus
1985 1941 1993 1948 .
2019 1918 2109 1949 Tales

1211 1966 1287 2008 sunt
1298 1976 1397 1998 omnes
1410 1963 1639 1997 catechumeni.
1666 1962 1725 2007 Ipfi
1726 1966 1797 2005 jam
1810 1966 1933 1999 credunt
1947 1971 1980 1997 in
1993 1973 2110 2000 nomine

1217 2014 1350 2055 Christi,
1371 2012 1578 2058 sedJEsUs
1589 2026 1647 2048 non
1653 2013 1686 2058 se
1712 2016 1807 2048 credit
1815 2021 1875 2047 eis.
1901 2017 2046 2049 intendat
2074 2017 2109 2050 o·

1216 2067 1367 2108 intelligat
1388 2063 1524 2098 charitas
1537 2063 1634 2105 vestra
1650 2088 1657 2097 .
1683 2067 1714 2098 51·
1732 2067 1897 2099 dixerimus
1910 2065 2111 2101 catechume-

1216 2128 1267 2157 no,
1301 2116 1409 2150 credis
1421 2121 1454 2148 in
1463 2114 1634 2157 Christum,
1660 2114 1839 2158 respondet,
1866 2118 1983 2150 Credo.
2013 2120 2058 2150 Et
2073 2115 2111 2158 fi·

1210 2175 1290 2211 g‘nat
1304 2164 1337 2209 se
1357 2177 1438 2200 cruce
1458 2165 1572 2205 Christi
1598 2191 1604 2197 .
1649 2169 1757 2199 Pori-at
1777 2172 1810 2199 in
1825 2165 1930 2207 frome
1954 2191 1965 2207 ,
1993 2169 2027 2201 et
2048 2178 2110 2201 non

1215 2214 1353 2259 erubescit
1367 2217 1404 2250 de
1416 2227 1498 2250 cruce
1510 2219 1631 2249 Domini
1645 2215 1712 2258 sui.
1741 2219 1819 2250 Ecce
1828 2219 1922 2251 credit
1938 2223 1970 2251 in
1990 2224 2110 2251 nomine

1215 2269 1281 2309 ejus
1295 2293 1302 2301 .
1314 2271 1532 2310 Interrogemus
1544 2278 1629 2300 eum:
1657 2268 1825 2300 manducas
1836 2278 1957 2301 carnem
1971 2270 2049 2302 Filii
2060 2267 2110 2300 ho·

1215 2322 1329 2357 minis,
1355 2318 1389 2350 ύ·
1413 2317 1492 2350 bibis
1509 2316 1687 2361 sanguinem
1710 2319 1787 2351 Filii
1809 2316 1938 2350 hominis
1956 2319 1973 2350 ,ἓ
2000 2316 2110 2361 Nescit·

1215 2368 1289 2410 quid
1298 2368 1384 2399 dicas
1398 2391 1406 2398 .
1435 2370 1520 2411 ,Quia
1544 2367 1680 2410 JESUS
1691 2378 1749 2400 non
1756 2367 1790 2411 se
1799 2369 1930 2401 credidit
1938 2374 1966 2401 ei
1977 2392 1985 2400 .
2014 2369 2057 2402 Et
2069 2369 2108 2402 in

1217 2417 1360 2460 sequenti
1385 2416 1539 2451 Tranatu
1554 2431 1566 2451 :
1592 2421 1668 2452 Ecce
1684 2420 1755 2459 jam
1780 2420 1825 2451 illi
1834 2419 2033 2452 credebantin
2045 2418 2109 2463 JE—

1215 2467 1344 2507 SUM,
1369 2467 1403 2500 Θ
1426 2467 1564 2510 JESUS
1585 2479 1644 2501 non
1660 2467 1694 2512 se
1715 2469 1856 2503 credebat
1876 2475 1918 2502 eis
1941 2494 1949 2501 .
1978 2469 2108 2512 Quare?

1215 2519 1299 2560 ‚Quia
1323 2518 1453 2550 nondum
1473 2527 1560 2551 erant
1570 2524 1672 2551 renati
1681 2530 1721 2552 ex
1732 2530 1812 2562 aqua
1831 2520 1866 2553 6*
1873 2517 2003 2562 spiritu.
2029 2520 2108 2552 Inde

1214 2567 1325 2600 hortati
1340 2565 1445 2610 sumus
1458 2590 1469 2606 ‚
1496 2570 1530 2602 (5
1553 2568 1728 2608 hortamur,
1745 2568 1889 2611 fratres,
1916 2569 2022 2608 nostros
2047 2573 2107 2601 Ca-

1213 2617 1394 2651 techumenos
1407 2642 1414 2650 .
1443 2620 1563 2651 sienim
1573 2624 1813 2662 interrogans,
1833 2621 1904 2660 jam
1914 2620 2112 2653 crediderunt·

1213 2675 1245 2701 in
1257 2667 1432 2712 JESUM.
1460 2670 1522 2702 Sed
1529 2673 1600 2712 quia
1612 2670 1742 2702 nondum
1751 2680 1871 2702 carnem
1880 2672 1963 2710 qius,
1993 2667 2105 2710 &san-

1208 2725 1332 2763 guinem
1355 2723 1504 2760 accipiunt
1519 2742 1530 2758 ‚
1556 2720 1686 2751 nondum
1705 2717 1736 2760 se
1755 2721 1817 2751 illis
1838 2717 2102 2759 credttJEsUs.

1212 2770 1301 2812 ‚Quid
1303 2766 1426 2809 faciant
1438 2792 1448 2808 ‚
1475 2777 1509 2801 ut
1515 2766 1549 2810 se
1560 2769 1623 2800 illis
1634 2769 1738 2800 credat
1749 2766 1908 2810 JESUS?
1934 2766 2104 2810 Renascan·

1212 2830 1261 2853 rur
1271 2829 1309 2851 ex
1319 2828 1399 2859 aqua
1411 2819 1445 2852 Θ·
1456 2820 1569 2859 spiritu
1582 2841 1589 2848 .
1619 2816 1663 2850 Et
1685 2817 1718 2850 in
1740 2815 1988 2861 quadragesimo
2001 2828 2103 2859 quar-

1212 2881 1247 2905 ro
1259 2868 1436 2902 Traaatu:
1465 2866 1594 2908 Audistis
1602 2868 1722 2911 grande
1738 2867 1899 2906 mysterium
1909 2894 1917 2901 .
1946 2871 2105 2912 Interrogo

1212 2920 1356 2953 hominem
1377 2942 1389 2959 ,
1416 2916 1602 2958 Christianus
1622 2929 1651 2951 es
1672 2919 1685 2951 ?
1711 2915 1879 2960 Respondet
1911 2917 1967 2951 tibi
1987 2943 1998 2959 ‚
2026 2922 2102 2952 Non

1207 2970 1295 3015 sum.
1322 2971 1354 3002 51
1362 2969 1500 3015 Judaeus
1511 2979 1544 3002 es
1557 2976 1611 3000 aut
1616 2969 1778 3012 paganus?
1804 2970 1835 3002 Si
1846 2976 1946 3001 autem
1967 2970 2102 3010 dixerit,

1213 3026 1285 3054 Non
1294 3018 1362 3063 sum
1373 3044 1384 3060 ‚
1410 3017 1510 3052 adhue
1520 3024 1632 3061 quaeris
1644 3019 1682 3051 ab
1697 3029 1729 3052 eo
1739 3041 1750 3057 ‚
1775 3019 1895 3053 Fidelis
1906 3041 1917 3058 ‚
1942 3030 1985 3051 an
2011 3022 2105 3054 Cate-

1210 3071 1370 3105 cbumenus
1391 3071 1404 3103 ?
1429 3071 1461 3102 Si
1496 3067 1679 3112 responderit
1708 3067 1764 3102 tibi
1788 3094 1800 3110 ,
1838 3066 2105 3111 eatecbumenus,

1210 3120 1347 3155 inundus
1368 3119 1407 3160 est
1426 3145 1437 3162 ‚
1464 3120 1592 3152 nondum
1613 3120 1692 3152 lotus
1714 3143 1722 3150 .
1747 3121 1810 3153 sed
1832 3120 1915 3154 unde=v
1933 3118 2103 3154 inundat?

1212 3175 1324 3216 ‚Quaere
1337 3194 1349 3211 ,
1374 3173 1408 3205 <zi
1419 3168 1590 3212 respondet.
1619 3171 1735 3213 ,Quaere
1751 3170 1792 3203 ab
1803 3167 1853 3204 illo
1866 3195 1877 3211 ,
1900 3176 1933 3203 in
1943 3181 2030 3212 quem
2040 3180 2101 3204 cre-

1212 3225 1267 3256 das
1290 3222 1307 3253 ἓ
1331 3224 1380 3254 Eo
1398 3218 1462 3263 ipso
1479 3226 1535 3262 quo
1568 3219 1808 3254 catechumenus
1837 3220 1875 3260 eft
1896 3245 1908 3261 ,
1933 3222 2008 3253 dicit
2029 3232 2038 3253 :
2063 3224 2104 3253 ln

1212 3271 1359 3314 Christum
1370 3297 1377 3303 .
1406 3274 1481 3304 Ecce
1489 3271 1572 3304 modo
1582 3271 1681 3312 loquor
1694 3270 1850 3305 Fidelibus
1863 3272 1897 3305 t&
1908 3269 2102 3304 Catecbume-

1213 3328 1262 3356 ni.
1287 3324 1424 3358 Sanetus
1451 3320 1657 3366 Augustinus
1677 3321 1868 3356 constanter
1896 3322 2036 3355 affirmat
2057 3321 2099 3356 ad

1213 3371 1333 3408 Fidelis
1342 3372 1474 3408 titulum
1487 3372 1614 3417 exquiri
1624 3382 1694 3406 non
1705 3372 1879 3408 dumtaxat
1890 3369 2037 3407 hominis
2057 3373 2103 3406 fi*

1972 3420 2050 3455 dem

2129 1541 2224 1574 Tract.
2240 1551 2252 1571 r
2260 1549 2285 1570 ι.
