2346 3724
132 1022 202 1055 Lili-v
223 1034 249 1053 2.

129 1073 195 1104 up-
206 1075 252 1096 21.

151 2734 215 2767 Lib.
236 2744 264 2770 7.

145 2785 212 2809 cap·
235 2786 260 2809 7·

149 2813 214 2845 Lib.
235 2825 263 2843 2.

147 2862 263 2894 cap-91.

706 172 1122 218 Cavit

262 265 408 300 Romam
421 258 511 296 venit
523 283 536 301 ,
561 265 597 295 ut
607 259 681 305 quis
692 259 854 307 &Iudaica
875 259 968 304 plebe
991 259 1054 293 fnit
1065 270 1141 293 con-

262 323 426 358 temptus,
451 311 571 346 &cum
587 312 723 348 custode
732 313 837 347 milite
858 310 1026 355 permissus
1048 320 1144 354 agere

262 365 300 398 in
310 364 369 397 suo
380 361 575 397 Condueto.
602 363 682 408 Egit
693 375 750 408 per
772 362 961 398 biennium.
988 360 1042 394 Ac
1065 360 1147 394 inte·

261 413 326 449 rim
346 412 510 447 convertit
532 412 712 457 plurimos,
739 413 774 447 in
797 413 868 457 ipso
880 411 980 446 etiam
993 409 1121 444 Palatio
1136 434 1148 450 ,

260 475 302 499 ac
324 462 359 497 in
372 461 423 497 his
436 462 630 498 Pincernam
653 462 815 507 Principis
840 463 874 496 δε
886 460 1122 496 Concubinam
1137 484 1145 493 .

261 513 358 549 Hinc
381 513 524 548 offensus
536 514 629 555 Nero
643 512 782 549 Paulum
807 513 942 547 vocavit
957 513 990 546 in
1003 511 1126 545 crimen
1139 534 1150 550 ‚

261 562 406 606 coniecit
427 564 462 598 in
484 563 615 599 vincula
629 587 640 604 ‚
665 563 793 598 audivit
814 574 874 607 pro
884 562 1092 601 Tribunafi,
1117 561 1151 595 δε

260 624 322 658 pro
346 611 537 650 Christiana
557 614 736 659 Religione
770 623 975 658 perorantem
1012 611 1149 647 dimisit.

262 663 512 699 Pseudo-Linus
536 665 676 698 affirmat
702 664 798 699 istum
824 663 1022 698 Pincernam
1057 661 1152 696 fuisse

262 713 392 757 insuper
404 714 548 748 Neronis
558 714 752 750 deliciosum
762 739 773 756 ,
801 715 941 749 nomine
952 711 1151 747 Patroclum.

263 763 311 799 Et
321 766 384 799 esse
394 766 542 799 affestum
554 763 721 809 Martyrio
734 790 741 797 .
769 763 817 799 At
830 766 926 808 ipsius
939 763 1067 798 nullum
1089 772 1155 796 rne-

264 814 364 849 minit
374 813 657 863 Martyrologium
669 840 678 849 .
705 815 762 851 Est
775 815 902 861 grande
910 814 1076 850 indicium
1095 810 1155 847 fal-

263 863 383 899 sitatis.

279 938 281 941 v
317 914 434 949 Restat
445 914 578 959 quaestio
591 938 602 954 ,
626 912 808 961 Qomodo
822 914 964 950 Paulum
976 914 1067 948 Nero
1087 920 1155 946 tam

267 963 366 999 facilc
376 961 563 1001 dimiserit?
587 963 777 1007 Respondet
798 964 834 999 in
848 963 1072 999 Ecclefiastica
1096 960 1155 995 Hi-

269 1015 367 1049 storia
380 1014 542 1050 Eusebius
569 1014 776 1049 Caesareenfis
789 1028 800 1048 .·
826 1012 981 1055 Vertfimile
1003 1012 1042 1052 est
1063 1015 1158 1045 Nero-

270 1075 338 1098 nem
360 1070 393 1097 in
409 1067 564 1106 principio
582 1064 708 1106 Imperii
725 1062 775 1106 fiii
787 1064 891 1096 mitius
917 1075 955 1096 ac
973 1060 1158 1106 mansuetius

269 1111 409 1154 offellum
419 1135 431 1151 ,
458 1113 549 1145 Pauli
559 1111 748 1155 defensionem
757 1121 813 1155 pro
825 1114 975 1157 Religione
987 1111 1161 1153 christiana

268 1163 398 1197 allatam
418 1160 577 1207 Benignius
603 1163 639 1198 6·
650 1162 778 1205 facilius
799 1162 959 1206 admififfi’.
987 1162 1162 1198 Consonat

271 1314 346 1347 dum
366 1315 501 1345 Neronis
524 1317 650 1355 Imperio
671 1313 824 1355 roborato,
849 1323 900 1347 nee
912 1319 946 1347 in
967 1321 1059 1347 tanta
1070 1323 1164 1346 erum·

266 1371 361 1406 pente
367 1360 479 1405 scelera
487 1386 499 1403 ‚
524 1371 643 1405 quanta
655 1364 692 1396 de
708 1374 741 1398 eo
752 1372 882 1397 narrant
893 1362 1028 1404 Historiae
1040 1386 1052 1403 ‚
1080 1365 1166 1396 Pau-

267 1414 335 1448 lum
355 1414 505 1445 &Nerone
530 1413 698 1455 dimiffum‚
723 1422 758 1447 ut
770 1413 972 1457 Evangelium
998 1411 1109 1453 christi
1130 1417 1164 1445 in

271 1463 440 1495 ooeideneis
458 1472 571 1504 quoque
585 1462 728 1504 partibus
749 1465 936 1504 praedleaeret
962 1488 974 1504 ,
1008 1462 1080 1504 ficut
1102 1460 1165 1505 ipse

262 1509 372 1555 scribit
383 1509 553 1554 itt-secunda
564 1511 681 1553 epistola
693 1513 738 1545 ad
746 1512 931 1546 Timotheum
942 1537 950 1546 .
979 1512 1094 1547 Palam
1121 1511 1168 1546 af-

269 1562 379 1596 firmat
390 1559 476 1595 hanc
486 1560 658 1605 epistolam
669 1562 731 1596 effe
743 1562 894 1606 scriptam
920 1561 940 1596 ὁ
963 1561 1076 1607 primis
1097 1561 1171 1596 vin-

269 1611 354 1647 culis
365 1637 374 1644 .
404 1610 448 1646 Et
460 1610 607 1646 notanda
619 1611 691 1646 sunt
703 1612 849 1656 epistolae
861 1611 955 1647 verba
969 1625 979 1645 :
1006 1615 1073 1657 Ego
1086 1616 1167 1645 enim

262 1663 338 1704 jam
369 1661 483 1695 delibor
500 1684 512 1701 ,
537 1662 573 1695 6
606 1670 723 1704 tempus
749 1661 933 1706 resblutionis
957 1673 1032 1696 meae
1058 1661 1168 1701 instat.

271 1710 422 1745 Edicunt
434 1709 574 1745 Paulum
584 1720 665 1746 tunc
676 1723 744 1747 non
757 1712 851 1748 fuiffe
862 1712 898 1746 in
910 1711 1015 1747 libero
1027 1711 1167 1746 Condu-

269 1762 347 1801 ἂο,
373 1759 428 1795 sed
450 1760 487 1795 in
510 1761 611 1796 tantis
620 1762 801 1807 angustiis,
831 1771 868 1797 ut
888 1761 1033 1798 crederet
1045 1763 1076 1796 se
1086 1772 1168 1796 tunc

271 1810 575 1846 consummandum
595 1835 605 1844 .
632 1812 744 1846 Etiam
771 1811 837 1847 haec
859 1812 956 1847 verba
978 1824 987 1844 ε
1014 1816 1051 1845 In
1067 1816 1169 1854 prima

270 1870 338 1895 mea
350 1856 509 1902 defenfione
520 1871 603 1892 nemo
614 1859 692 1893 mibi
703 1861 828 1902 adfuit,
850 1860 911 1903 sed
930 1873 1028 1894 omnes
1051 1872 1096 1894 me
1117 1863 1167 1894 de-

270 1911 455 1953 reliquerunt
466 1932 474 1941 .
503 1908 638 1953 Utique
658 1921 700 1943 ex
712 1909 854 1944 crudelis
866 1909 1029 1954 Principis
1050 1920 1143 1946 metu
1156 1935 1163 1943 .

270 1963 346 1994 Non
366 1959 427 1994 illis
440 1961 623 2002 imputetur.
649 1961 795 1993 Dominus
819 1970 919 1994 autem
941 1960 1018 1993 mibi
1028 1960 1142 1999 adstitit
1157 1984 1168 2001 ‚

270 2008 498 2051 &confortavit
509 2019 575 2047 me,
603 2017 636 2041 ut
644 2015 700 2048 per
725 2019 772 2041 me
781 2009 963 2049 praedicatio
983 2011 1145 2050 impleatur
1158 2031 1168 2046 ,

269 2059 449 2092 &audiant
470 2066 572 2089 omnes
593 2066 698 2099 gentes
711 2081 718 2089 .
745 2060 790 2090 Et
802 2057 946 2090 liberatus
974 2056 1040 2101 [um
1064 2059 1102 2092 de
1122 2067 1170 2091 ore

272 2109 384 2140 Leonis
396 2130 403 2138 .
430 2107 461 2138 Ε
465 2114 478 2138 t
486 2104 626 2139 liberabit
639 2118 686 2140 me
701 2110 846 2140 Dominus
857 2107 896 2140 ab
910 2112 988 2140 omni
1009 2116 1094 2150 opere
1106 2119 1168 2141 ma-

273 2159 302 2191 io
314 2181 321 2190 .
350 2159 397 2188 Et
412 2153 536 2198 salvum
552 2155 650 2197 faciet
671 2162 703 2190 in
717 2160 852 2200 Regnum
863 2155 952 2200 suum
964 2157 1068 2198 eoeleste
1082 2183 1090 2191 .
1116 2158 1168 2191 Ex

272 2205 327 2241 his
339 2205 425 2239 lucet
437 2204 579 2240 Paulum
589 2206 689 2239 etiam
704 2215 784 2241 tunc
795 2206 889 2241 fuisse
902 2207 1070 2252 captivum
1083 2208 1168 2242 intra

271 2255 400 2291 Leonis
420 2265 547 2299 ungues
565 2277 576 2294 ,
604 2255 699 2291 fuisse
723 2256 836 2300 saepius
854 2258 1004 2292 auditum
1018 2282 1029 2297 ‚
1058 2257 1169 2302 saepius

272 2304 433 2351 perorasse
457 2305 491 2339 ὅ(
504 2303 685 2341 satisfecisse
698 2317 757 2350 pro
771 2306 958 2341 Christiana
977 2307 1167 2353 Religione,

271 2367 314 2390 ac
339 2355 474 2389 tandem
500 2355 595 2390 fuiffe
627 2355 812 2392 absolutum
853 2367 954 2402 atque
980 2357 1167 2392 dimissum.

273 2405 368 2454 Qia
390 2415 507 2449 nempe
518 2404 687 2440 Dominus
700 2407 756 2449 ipsi
771 2407 806 2440 in
826 2407 1008 2451 perorando
1020 2407 1145 2441 adstitit
1158 2429 1169 2446 ,

278 2456 317 2491 ὰ
337 2456 541 2490 confortavit
566 2467 575 2487 :
604 2455 660 2491 Ut
682 2456 753 2499 ejus
775 2455 959 2500 proedicatio
982 2456 1170 2501 impleretur

273 2505 363 2549 apud
374 2515 635 2550 omnesgentes.
662 2506 734 2540 Nec
745 2506 989 2548 dubitandum,
1015 2508 1097 2550 quin
1110 2506 1166 2550 ipfi

273 2555 399 2591 Seneca
425 2579 437 2597 ‚
462 2555 579 2599 utpote
604 2556 890 2597 familfflriffimus,
919 2556 1096 2602 plurimum
1116 2558 1168 2591 fa-

283 2604 367 2639 verit
378 2604 464 2647 apud
476 2605 662 2649 Principem
674 2629 686 2646 ,
711 2617 810 2650 atque
819 2605 991 2650 adjuverit.
1024 2607 1068 2641 Et
1078 2607 1168 2650 quod

282 2654 378 2689 Nero
389 2665 457 2689 non
478 2655 536 2688 nisi
559 2656 630 2698 post
644 2657 732 2692 urbis
744 2657 934 2692 incendium
947 2658 1101 2702 inceperit
1116 2655 1170 2692 de-

284 2702 436 2739 bacchari
460 2703 495 2737 in
505 2703 734 2748 Christianos,
758 2707 876 2742 diserte
895 2708 1061 2742 affirmant
1086 2706 1169 2742 Pau·

285 2755 337 2788 lus
356 2754 491 2789 Orosius
510 2779 522 2796 ,
547 2766 586 2790 ac
606 2756 763 2801 Sulpitius
783 2758 918 2791 Severus
936 2783 944 2790 .
970 2758 1169 2802 Loquuntur

283 2815 327 2839 ex
338 2803 500 2839 Cornelio
511 2804 658 2840 Tacito.
686 2806 795 2850 Hujus
811 2807 904 2841 enim
923 2807 1018 2842 verba
1037 2805 1169 2843 adducit

284 2854 445 2898 Sulpitius
466 2880 475 2887 .
514 2854 563 2890 At
584 2855 661 2890 verd
683 2856 769 2891 istud
803 2856 995 2891 incendium
1026 2858 1170 2904 contigit

283 2904 410 2940 Christi
425 2904 566 2939 Domini
577 2906 775 2951 sexagesimo
784 2907 877 2943 sexto
887 2931 900 2948 ,
924 2907 1056 2942 decimo
1066 2906 1170 2943 Neto-

249 2978 252 2981 -
283 2956 339 2991 nis
360 2965 450 2989 anno
473 2979 486 2996 ,
520 2955 665 2991 triennio
690 2967 767 2992 ante
789 2957 1029 3002 Apostolorum
1050 2967 1170 3002 marty·

286 3006 394 3041 rium.
421 3004 565 3041 Proinde
588 3006 756 3042 absolutus
778 3006 901 3043 Paulus
921 3007 1002 3042 abiit
1026 3009 1060 3041 in
1085 3008 1169 3043 Gal-

285 3054 367 3090 liam
392 3065 491 3099 atque
513 3055 731 3100 Hispaniam,
756 3069 794 3093 ac
823 3057 957 3093 tandem
969 3057 1114 3092 Romam
1125 3069 1169 3093 re·

285 3105 371 3147 diit‚
397 3104 432 3139 ἀ
454 3116 534 3141 tunc
555 3116 590 3140 ut
602 3104 862 3143 Christianorum
873 3107 1029 3152 Princeps
1052 3109 1098 3142 est
1116 3108 1168 3143 de-

287 3154 358 3191 nuo
369 3155 603 3200 apprehensus,
627 3157 790 3202 conicetus
801 3157 835 3192 in
847 3168 1006 3194 carcerem
1017 3182 1030 3203 ‚
1054 3158 1090 3192 <St
1102 3167 1169 3194 tan-

287 3205 366 3240 dem
375 3205 488 3251 gladio
500 3208 660 3251 perculsus
671 3233 679 3240 .
704 3207 776 3243 Alii
789 3207 836 3243 ob
847 3206 935 3243 urbis
955 3207 1145 3243 incendium
1158 3232 1170 3249 ,

290 3254 346 3290 alii
374 3256 419 3292 ob
436 3257 607 3292 Simonem
618 3259 759 3303 Magum
773 3282 785 3299 ,
809 3257 865 3293 alii
875 3257 1112 3302 apprehensum
1123 3259 1171 3293 di·

292 3313 376 3339 cunt
396 3307 440 3342 ob
461 3306 623 3352 Principis
648 3307 846 3344 Pincernam
871 3307 1167 3343 &Concubinarn.

293 3353 372 3401 Ego
395 3357 547 3394 existimo
569 3367 685 3394 omnes
710 3368 773 3395 tres
810 3360 922 3395 causas
955 3358 1168 3396 concurriffe.

1193 184 1211 215 1
1279 182 1300 213 S

269 1213 307 1248 in
317 1212 465 1247 virorum
478 1211 654 1247 illustrium
665 1212 821 1258 catalogo
845 1214 981 1248 Sanstus
993 1213 1029 1247 H
1224 1214 1342 1250 Sandio
1361 1211 1480 1246 Marco
1494 1210 1606 1246 scribit
1627 1212 1663 1246 in
1674 1209 1849 1245 illustrium
1874 1213 2018 1246 virorum
2031 1220 2118 1246 cata·

272 1272 366 1298 mus:
391 1262 549 1296 Sciendum
572 1267 605 1296 in
613 1268 718 1305 prima
742 1264 834 1298 Pauli
841 1262 1075 1307 satisfadione,
1100 1271 1165 1296 nec-
1225 1264 1308 1308 logo
1328 1262 1464 1297 Sanstus
1483 1261 1716 1306 Hieronymus
1737 1274 1750 1294 .-
1779 1264 1901 1294 Marcus
1927 1268 2057 1294 mortuus
2078 1258 2118 1301 est

1406 169 1668 216 XXXVI.
1928 190 2023 234 295

1207 257 1367 292 Pincerna
1392 255 1659 297 &Concubina,
1683 258 1825 294 conversi
1844 260 1879 295 in
1892 261 1997 304 prima
2019 273 2094 306 cap·

1207 308 1337 342 tivitate
1350 330 1362 347 ,
1387 317 1466 341 tunc
1478 307 1644 341 redierunt
1667 306 1701 339 in
1715 306 1858 343 Neronis
1879 312 2092 355 memoriam,

1207 368 1305 402 atque
1327 358 1371 391 ita
1394 357 1451 391 ille
1471 357 1607 401 expetiit
1627 355 1726 391 etiam
1741 358 1882 399 ipsorum
1894 361 2069 397 vindiciam
2082 387 2093 398 .

1209 410 1261 444 Sic
1277 407 1431 453 intelligo
1448 432 1459 448 ‚
1486 419 1616 451 paratus
1626 407 1736 441 doceri
1761 405 1894 441 meliora
1904 432 1915 449 ,
1940 410 2094 449 sanetum

1209 459 1371 503 Ioannem
1395 458 1672 501 Chrysostomum
1690 482 1701 498 ,
1729 457 1883 492 Sanstum
1908 458 2094 503 Asterium,

1210 522 1247 545 ac
1267 507 1560 552 Theophyiastum
1574 533 1582 541 .
1614 507 1719 542 Porro
1738 506 1877 550 Petrus,
1901 509 1977 553 quia
2001 510 2098 545 Chri-

1209 560 1392 596 stianorum
1404 570 1502 602 caput
1514 584 1526 601 ,
1551 560 1597 595 est
1618 560 1653 592 in
1674 569 1806 593 crucem
1819 560 1926 600 astur,
1955 558 2074 594 Paulus
2085 584 2098 602 ‚

1210 611 1288 655 quia
1300 610 1383 644 civis
1394 610 1567 643 Romanus
1579 634 1590 650 ‚
1615 609 1677 643 suit
1689 607 1804 655 gladio
1817 609 1976 653 percuss'us
1988 635 1995 642 .

1263 660 1302 694 ln
1315 659 1508 703 Principum
1519 658 1653 694 istorum
1674 660 1830 694 encomio
1850 658 1984 694 sanetus
2001 660 2101 704 Joan·

1215 722 1271 745 nes
1283 709 1537 754 Chrysossomus
1546 710 1709 745 exclamat
1718 710 1760 745 ad
1772 709 1926 744 Sanstum
1939 709 2098 745 Paulum:

1214 759 1388 804 cujusmodi
1395 759 1470 801 ensis
1485 761 1561 794 illud
1561 769 1670 805 guttur·
1683 784 1695 801 ,
1721 763 1907 793 Dominicum
1927 760 2102 800 instrumen-
2119 771 2203 800 rom.
2213 773 2241 799 6.

1216 820 1292 851 tum,
1303 809 1589 854 eoelosuspt‘ci'endum
1599 822 1634 845 ac
1646 820 1735 845 terrae
1745 812 1940 850 tremendum,
1951 810 2102 852 pervafit?
2121 809 2181 841 Fol.
2190 819 2205 847 3
2217 812 2259 839 ιι.

1217 863 1328 905 ,Qualis
1338 863 1416 895 locus
1427 870 1509 895 tuum
1522 862 1616 895 Paule
1626 859 1799 905 sanguinem
1808 866 1924 903 excepit
1935 861 1953 893 ἒ
1978 863 2044 904 ‚Qut
2060 863 2105 894 la·

1217 912 1297 945 Heus
1319 917 1460 955 apparuit
1479 917 1513 944 in
1534 912 1600 952 ejus
1624 912 1703 952 velle
1716 936 1727 951 ‚
1753 918 1806 954 qui
1821 920 1852 945 te
1861 912 2011 953 percuffit.
2036 913 2106 955 ,Qui

1217 961 1405 996 barbaricum
1421 963 1503 996 illius
1524 968 1659 995 animum
1678 962 1808 996 reddens
1829 962 1913 996 melle
1925 963 2084 997 dulciorem
2094 984 2108 1002 ‚

1218 1022 1251 1045 ut
1263 1011 1322 1056 ipse
1332 1015 1393 1048 una*
1404 1011 1560 1056 cumsoeiis
1569 1011 1715 1054 adfidem
1740 1014 1946 1047 traduceretur
1956 1035 1968 1053 ,
1992 1017 2040 1045 ita
2061 1010 2112 1054 af.
2165 1013 2167 1015 '

1213 1062 1291 1106 fecit
1300 1088 1308 1095 .
1336 1061 1499 1110 Qiaedam
1509 1061 1594 1097 Ana
1605 1062 1767 1097 affirmant
1780 1072 1956 1107 utrumque
1969 1061 2114 1106 Aposto-

1223 1113 1293 1147 lum
1304 1113 1376 1156 post
1388 1122 1529 1147 mortem
1541 1113 1720 1156 apparuisse
1733 1113 1883 1154 Neroni,
1910 1113 1944 1146 &
1955 1112 2024 1155 ejus
2042 1112 2114 1146 bar-

1224 1162 1334 1197 baram
1356 1161 1514 1196 ferociam
1536 1160 1726 1196 terribiliter
1758 1162 1990 1205 compescuisic
2013 1187 2021 1195 .
2059 1162 2115 1196 De

1225 1314 1331 1348 ottavo
1355 1316 1488 1346 Neronis
1515 1323 1596 1346 anno
1623 1335 1636 1352 ,
1660 1312 1696 1346 &¹
1727 1309 1863 1354 sepultus
1901 1312 2120 1345 Alexandria.

1227 1364 1334 1399 Fuisse
1344 1361 1502 1405 martyrio
1517 1362 1667 1396 affectum
1678 1385 1691 1403 ‚
1716 1360 1833 1395 diserte
1843 1360 1982 1395 affirmat
1997 1361 2123 1404 Romaq

1229 1424 1309 1448 num
1320 1410 1604 1456 Martyrologium
1614 1436 1623 1444 .
1652 1410 1804 1445 Affirmat
1822 1420 1863 1444 ex
1877 1410 2030 1444 Romana
2042 1412 2121 1445 San·

1228 1464 1271 1498 sti
1292 1462 1414 1497 Gelasii
1436 1460 1575 1504 Synodo
1599 1474 1612 1495 .-
1637 1463 1756 1495 Maercus
1778 1462 1799 1493 ἃ
1824 1463 1915 1494 Petro
1940 1460 2065 1501 apostolo
2085 1463 2122 1494 lit

1230 1516 1396 1557 AEgrptum
1418 1511 1554 1545 dir-effus
1568 1534 1581 1551 ‚
1606 1512 1732 1545 verbum
1753 1515 1893 1545 veritatis
1909 1512 2124 1553 predicavit,

1232 1560 1430 1606 &gloriosum
1441 1558 1661 1604 conflammavit
1682 1563 1877 1600 Martyrium.
1908 1562 2068 1595 Attamen
2080 1559 2124 1595 de

1233 1612 1398 1655 Martyria
1409 1611 1542 1653 quidam
1556 1609 1729 1646 dubitant.
1758 1610 1810 1644 Εό
1822 1610 1914 1654 qudd
1927 1611 2019 1645 Nero
2042 1621 2126 1645 non-

1233 1663 1291 1697 nisi
1311 1662 1445 1696 decimo
1468 1661 1602 1704 Imperii
1623 1671 1713 1695 anno
1736 1662 1806 1705 post
1819 1660 1908 1695 urbis
1930 1659 2126 1695 incendium

1233 1713 1368 1757 coeperit
1378 1711 1412 1745 in
1427 1710 1634 1746 Christianos
1655 1712 1811 1746 insanire.
1844 1712 1888 1745 Et
1898 1711 1989 1755 quod
2014 1709 2127 1745 feralia

1235 1763 1351 1798 Edicta
1372 1771 1448 1796 ante
1470 1762 1576 1803 ipsum
1602 1772 1671 1794 non
1694 1761 1815 1795 suerint
1834 1761 1970 1794 miffain
1983 1759 2127 1794 Provin-

1233 1814 1302 1847 cias
1316 1835 1328 1852 ,
1352 1809 1437 1845 clare
1449 1810 1611 1844 affirmant
1626 1809 1746 1843 Paulus
1756 1810 1893 1844 Orosius
1917 1819 1955 1844 ac
1968 1810 2129 1853 Sulpicius

1233 1860 1370 1896 Severus
1382 1886 1389 1893 .
1417 1860 1504 1893 Rem
1518 1859 1663 1893 elucidat
1686 1860 1791 1894 Sansti
1809 1859 1941 1894 Adonis
1953 1860 2126 1903 Martyro-

1235 1911 1383 1956 logium,
1412 1911 1579 1944 affirmans
1602 1910 1756 1944 Marcum
1781 1911 1800 1944 ὲ
1819 1911 1948 1944 furente
1970 1911 2123 1943 Alexan-

1233 1962 1309 1996 driae
1335 1961 1461 2003 populo
1481 1959 1576 1992 fuisse
1598 1959 1747 1993 invasum
1772 1960 1805 1993 δε
1826 1959 2026 1993 trucidatum
2040 1984 2048 1991 .
2075 1958 2127 1993 Im.

1233 2009 1313 2044 varii
1342 2008 1454 2053 populi
1481 2018 1561 2042 tunc
1588 2018 1725 2053 egerunt
1751 2008 1788 2043 in
1812 2007 2018 2043 Christianos
2047 2034 2054 2041 .
2082 2009 2127 2043 Et

1235 2058 1443 2094 Alexandria
1467 2058 1609 2103 populus
1642 2058 1706 2093 fuit
1733 2069 1850 2095 natura
1886 2058 2128 2095 turbulentiis»q

1237 2119 1325 2145 mus.

1316 2238 1510 2308 Apostolus
1541 2245 1703 2293 Joannes
1726 2245 1741 2301 ,’
1769 2240 1973 2310 postquam
2005 2242 2046 2290 in

1470 2308 1589 2358 oleum
1613 2314 1733 2378 ignem
1754 2347 1769 2372 ‚
1796 2317 1889 2359 &a

1282 2457 1394 2502 Hujus
1403 2458 1450 2495 rei
1461 2458 1618 2494 meminit
1637 2460 1739 2496 etiam
1752 2460 1911 2497 Eusebius
1922 2461 2127 2498 Caesareensis

1233 2509 1268 2543 in
1280 2507 1452 2544 Chronico
1467 2523 1479 2542 .·
1505 2511 1651 2544 Secundus
1673 2511 1736 2553 post
1756 2516 1912 2546 Neronem
1936 2516 2127 2546 Domitianus
2146 2496 2257 2533 Am„-

1231 2558 1417 2599 christiam„
1423 2557 1631 2602 persequitur,
1656 2562 1692 2595 Θ
1703 2560 1760 2604 sub
1773 2573 1804 2595 eo
1817 2561 1964 2608 Apostolus
1974 2566 2126 2608 joannes

1230 2615 1264 2642 in
1280 2608 1444 2643 pathmum
1471 2608 1605 2652 Insulam
1629 2611 1779 2655 relegatus
1801 2612 1996 2655 Apocalypsin»
2017 2616 2123 2654 vidit,

1232 2670 1323 2702 quam
1332 2665 1550 2702 interpretatur
1564 2664 1696 2695 lrenaeus
1709 2686 1716 2693 .
1743 2662 1846 2709 Qod
1859 2663 1963 2706 ipsum
1975 2661 2073 2696 habet
2086 2664 2121 2697 in
2140 2684 2189 2716 [ffb

1232 2709 1453 2745 Ecclesiastica
1475 2710 1625 2745 Historia
1649 2734 1658 2742 .
1697 2712 1766 2745 Suo
1787 2713 1867 2744 item
1889 2712 1923 2744 in
1947 2710 2121 2746 Chronico
2135 2695 2254 2764 03923'4,

1232 2759 1367 2794 Sanctus
1393 2758 1534 2793 Isidorus
1559 2757 1874 2802 Archi-Episcopus
1899 2759 2119 2803 Hispalensis.

1233 2809 1275 2843 Et
1288 2809 1322 2843 in
1337 2808 1428 2843 istius
1441 2807 1595 2852 Apostoli
1606 2809 1763 2842 encomio
1773 2807 1872 2843 habet
1879 2808 2013 2844 Sanstns
2024 2812 2121 2855 Joan·

1231 2869 1288 2894 nes
1298 2857 1573 2903 Chrysostomus:
1595 2861 1740 2902 Joaennes
1751 2859 1772 2890 a·
1791 2861 1963 2894 Domitiano
1973 2864 2118 2896 Romano·
2130 2880 2215 2910 Tom-
2224 2882 2254 2911 5·

1230 2921 1298 2943 rum
1321 2912 1503 2952 Imperatore
1525 2906 1631 2950 pulsus
1658 2912 1690 2940 in
1714 2910 1840 2942 exilium
1863 2933 1876 2950 ‚
1902 2915 1934 2942 in
1960 2910 2117 2954 Insulam,
2132 2920 2270 2958 Ful.6o4.

1231 2971 1323 3003 quam
1344 2959 1501 3002 appellant
1524 2957 1678 2992 Patbmon
1698 2981 1710 2998 ,
1735 2964 1823 2992 venit
1843 2968 1967 3002 propter
1991 2962 2117 2996 verbum

1233 3013 1288 3044 Del
1313 3010 1597 3053 &praedieationem
1605 3014 1748 3050 pietatis.
1777 3012 1817 3042 Ac
1838 3009 2033 3053 Prophetiam
2053 3023 2118 3046 con·

1226 3059 1332 3104 scribit
1351 3083 1363 3100 ‚
1392 3071 1482 3103 quam
1503 3058 1626 3100 ostendit
1645 3059 1690 3091 illi
1711 3061 1795 3092 Deus
1817 3083 1830 3100 ,
1855 3062 1891 3095 6*
1910 3062 2118 3096 revelationem

1231 3121 1406 3145 arcanorum
1431 3120 1466 3143 ae
1491 3109 1672 3143 terribilium
1692 3109 1883 3152 mysteriorum
1904 3135 1916 3152 ,
1953 3122 1989 3144 ac
2007 3113 2118 3147 deinde

1230 3170 1291 3195 tres
1306 3159 1434 3204 sanetas
1460 3155 1532 3204 [uas
1553 3158 1689 3202 epistolas
1706 3183 1714 3192 .
1744 3160 1846 3201 Postea
1867 3163 1939 3195 verb
1965 3163 2057 3204 quum
2076 3162 2118 3196 ab

1230 3212 1319 3245 exilio
1330 3209 1466 3254 reversus
1480 3209 1539 3250 est,
1559 3214 1704 3251 pervenit
1723 3209 1898 3254 Ephesum,
1922 3209 2023 3255 ibique
2044 3223 2118 3246 coni·

1231 3272 1353 3296 merant
1365 3260 1571 3305 Evangelium
1593 3257 1777 3303 conftrtpsi‘t,
1802 3271 1867 3294 cum
1887 3261 1952 3305 esset
1971 3273 2119 3297 annorum

1230 3320 1347 3347 centum
1357 3337 1364 3345 .
1393 3314 1438 3344 Et
1450 3309 1593 3354 usquead
1603 3319 1679 3343 totos
1691 3321 1808 3344 eentum
1817 3317 1930 3355 viginti
1953 3323 2047 3345 annot
2069 3318 2118 3346 vi·

1235 3370 1300 3397 tam
1316 3367 1522 3407 propagavit.
1548 3360 1723 3397 Habemus
1748 3360 1829 3397 hinc
1849 3362 1993 3398 notanda
2009 3363 2117 3397 varia.

1927 3411 2043 3449 Primo*
2053 3435 2067 3454 ,
