2346 3724
692 130 1106 177 Caprr

1177 143 1198 174 1
1268 141 1289 173 s
1364 96 1612 171 XXII.
1894 143 1994 189 217

232 220 346 257 omnia
359 243 370 260 ,
395 217 536 262 ideoque
550 229 591 253 ne
602 217 720 253 temere
735 219 920 255 viderentur
935 226 1094 253 attentare
1106 241 1116 257 ,
1178 216 1330 260 intelligas
1349 225 1414 248 cum
1427 215 1587 249 Rhenano.
1614 214 1673 247 Sed
1686 214 1832 250 iraducvio
1853 220 1937 261 apud
1947 219 2060 253 Tertul.

231 270 367 316 patrasse
387 269 546 303 virtutum
568 269 727 303 miracula
752 295 760 302 .
786 269 831 304 Et
853 268 964 304 eidem
992 267 1091 302 Celso
1105 291 1116 307 ‚

232 319 419 355 Dominicae
439 317 595 353 dostrinae
607 319 865 356 disseminatores
879 317 974 353 fuiffe
989 317 1119 359 nequis-

232 372 330 406 {imos
339 367 538 404 Publicanos
548 378 604 405 aut
618 379 732 405 nautas
743 363 988 415 improperanti,
996 359 1118 402 horum

231 419 381 467 quaedam
400 419 555 454 concedit
569 445 581 460 ‚
610 420 755 464 quasdam
779 420 966 455 moderatur
985 442 996 460 ,
1021 427 1120 461 atque

230 470 455 517 prosequitur:
482 473 565 514 Ergo
577 472 622 504 ad
629 470 693 504 haec
705 469 863 515 respondeo
887 480 936 503 eos
948 493 961 510 ,
985 474 1038 511 qui
1046 477 1119 511 pru-

231 523 339 555 denter
359 520 527 555 &candide
545 522 651 563 poffint
671 532 720 555 res
740 519 936 563 Apostolorum
963 523 1119 553 examina-

229 582 263 606 re
274 596 285 612 ‚
303 570 397 612 facile
405 568 567 612 perspicere
576 596 587 612 ‚
613 572 694 614 quod
704 573 821 604 Divina
844 576 961 604 virtute
973 568 1119 609 Christia-

230 633 304 655 nam
326 622 494 665 religionem
515 622 666 655 docuerint
691 646 702 661 ‚
727 627 868 663 tantoque
884 619 1007 664 succeffu
1029 618 1120 652 homi·

229 682 286 705 nes
309 674 367 704 Dei
378 670 468 704 verbo
484 669 679 713 subjecerint.
707 675 781 704 Non
804 676 882 704 enlm
902 670 1067 712 eloquentia
1086 668 1119 702 ὁ·

229 721 387 765 differendi
410 727 487 754 ratio
501 745 513 760 ,
537 720 672 765 artesque
693 724 862 755 Graecorum
885 720 1055 754 Dialec‘licae
1065 727 1119 751 aut

229 770 556 812 Rhetoricaepollebant
569 771 604 804 in
624 776 669 805 als
692 773 738 804 ad
751 770 928 816 subigendos
943 771 1117 803 Auditorum

227 825 363 854 animos.
395 820 473 854 Mihi
478 819 555 865 sane
567 822 710 861 videtur,
730 820 761 862 fi
766 823 878 863 aliquos
902 825 1034 863 opinione
1053 819 1119 854 vul-

225 877 260 915 gi
265 869 421 914 sapientes
433 894 445 911 ,
469 869 638 913 idoneosque
654 869 760 912 sapere
782 871 816 904 Θ
829 872 910 913 loqui
926 871 972 904 ad
989 870 1129 903 multitu·-

229 922 313 955 dinis
317 926 457 965 gratiam
467 921 589 964 elegisset
610 919 771 963 JEsUs‚
796 932 917 963 quorum
940 925 972 954 in
993 919 1123 955 docendo

229 979 362 1005 uteretur
372 978 460 1014 opera
473 994 484 1011 ‚
511 982 571 1004 non
593 969 754 1013 evasurum
766 967 1121 1013 furffijustamsaspicio-

230 1017 299 1054 nem
311 1045 323 1062 ‚
352 1019 439 1063 quafi
445 1032 524 1053 more
537 1018 776 1062 Philosophorum
797 1030 909 1053 novam
930 1019 1063 1061 aliquam
1073 1019 1120 1051 Se·

228 1068 371 1111 &amsuo
392 1074 508 1101 nomine
531 1068 619 1102 vellet
632 1069 805 1108 instituere,
831 1080 927 1111 neque
951 1068 1123 1111 Promissum

228 1121 269 1154 de
292 1122 466 1152 Divinitate
483 1117 627 1152 doHrinae
647 1115 893 1161 repraesentatum
918 1119 985 1162 effet
1005 1143 1017 1159 ‚
1043 1117 1127 1161 quasi

223 1168 323 1215 sermo
349 1171 410 1202 Dei
430 1168 648 1210 &pradicatio
665 1170 729 1210 iy'us
749 1169 815 1212 effer
841 1175 874 1202 in
890 1167 1074 1212 persuasione
1085 1170 1123 1201 lo-

223 1221 355 1255 cutionis
372 1242 385 1259 ‚
424 1218 458 1251 <y
478 1220 609 1263 eleganti
638 1229 675 1252 ae
700 1220 823 1253 erudita
852 1217 1002 1258 strueiura
1024 1218 1123 1251 difflo-

229 1269 326 1310 ἥκω,
351 1269 386 1303 o·
395 1267 474 1310 fides
499 1270 544 1302 ad
562 1279 672 1302 morem
695 1269 778 1302 illius
801 1279 891 1312 quam
913 1270 949 1302 de
965 1267 1031 1312 suis
1056 1269 1124 1312 dog-

232 1318 364 1353 matibus
385 1316 497 1352 habent
517 1317 687 1361 Philosophi
705 1317 808 1361 saeculi
830 1342 842 1359 ,
867 1318 930 1361 effer
951 1323 984 1352 in
1004 1317 1126 1362 sapien·

229 1375 280 1402 tia
302 1368 474 1414 hominum,
500 1378 558 1401 non
578 1373 613 1400 in
623 1373 741 1402 virtute
756 1370 829 1401 Dei.
857 1371 951 1402 Nunc
970 1370 1044 1403 verb
1056 1372 1125 1410 quis

230 1418 342 1452 videns
358 1415 525 1459 piſsatores
548 1425 640 1459 atque
656 1418 833 1459 publicanos
857 1440 869 1457 ,
901 1429 936 1451 ac
967 1429 1005 1452 ne
1021 1422 1126 1461 prima

232 1468 354 1511 quidem
380 1466 552 1499 litterarum
569 1465 699 1508 scientes
721 1490 732 1506 ,
757 1466 933 1508 confidenter
952 1477 1016 1501 nore
1030 1466 1125 1510 solum

227 1517 362 1562 Judaeos
383 1516 492 1558 alloqui
512 1515 549 1548 de
565 1514 629 1556 fide
648 1520 682 1548 in
706 1514 863 1559 JESUM
885 1540 897 1555 ,
917 1513 977 1558 sed
990 1518 1025 1551 &¹
1044 1524 1126 1550 inter

231 1566 367 1610 reliquas
386 1574 490 1610 gemes
510 1566 638 1599 eandem
660 1566 815 1607 efficaciter
830 1567 1001 1608 predicare
1028 1589 1041 1607 ,
1066 1576 1125 1599 non

232 1624 381 1659 quaereret
395 1616 475 1649 unde
491 1615 574 1649 naHi
588 1614 651 1655 fini
672 1622 792 1649 tantam
807 1614 1013 1658 persuadendi
1031 1621 1097 1650 vim
1107 1616 1124 1649 ἓ

233 1670 312 1700 Non
324 1670 404 1699 enim
417 1673 483 1699 erat
494 1665 631 1709 vulgaris
641 1690 650 1698 .
676 1666 777 1700 Hanc
785 1665 1010 1700 admirandam
1032 1666 1066 1700 ἀ
1078 1667 1123 1699 in-

235 1714 431 1750 credibilem
456 1715 492 1749 in
529 1714 688 1758 imperitis
723 1713 914 1752 hominibus
940 1715 1123 1750 doctrinam

232 1775 335 1809 atque
359 1765 518 1800 virtutem
547 1764 660 1800 multis
694 1764 835 1799 illustrat
858 1790 867 1798 .
907 1765 951 1800 Et
987 1766 1123 1800 demon-

233 1815 313 1901 ᾖξας
339 1814 451 1850 locum
477 1812 624 1851 babuisse
651 1815 688 1848 iu
712 1814 787 1863 iplis
811 1813 913 1857 etiam
940 1815 1124 1861 Evangeli-

268 1876 315 1900 is.

232 2018 366 2077 Tanti
398 2014 496 2063 enim
529 2013 587 2060 eff
617 2013 700 2062 illos
732 2032 800 2062 non
833 2012 992 2077 habere,
1027 2020 1123 2065 &a

232 2208 234 2210 Ι
287 2161 345 2198 Ad
357 2160 447 2197 hunc
466 2161 580 2197 locum
599 2163 710 2198 scribit
729 2163 875 2199 eruditus
902 2163 1121 2200 Aurelianen-

235 2212 319 2247 {ium
330 2212 479 2247 Antistes
502 2211 638 2246 Gabriel
652 2213 892 2257 Albaspinaeus:
920 2219 992 2248 Haec
1009 2217 1125 2250 Tertul-

234 2263 318 2297 liani
341 2262 435 2298 verba
459 2271 523 2296 iam
543 2264 680 2296 involuta
697 2262 769 2306 sunt
789 2288 801 2304 ,
826 2274 859 2298 ut
879 2276 977 2299 eorum
1009 2264 1126 2308 senten·

239 2318 319 2346 tiam
333 2318 521 2355 interpretes
543 2310 685 2355 expiscati
704 2313 840 2354 nonfint.
869 2320 919 2347 Ait
929 2320 1020 2357 igitur
1029 2315 1128 2348 multa

233 2362 280 2397 ab
308 2361 456 2396 haereticis
470 2363 568 2397 doceri
587 2372 624 2394 ac
640 2362 771 2403 defendi.
785 2385 797 2401 ,
824 2374 892 2404 quae
913 2359 1029 2406 tametfi
1046 2374 1128 2396 verae

235 2410 307 2454 fidei
328 2411 526 2454 consentanea
534 2409 614 2451 fiat,
641 2412 686 2443 ad
694 2422 730 2445 ea
752 2420 853 2445 tamen
858 2410 1041 2451 stabilienda
1052 2414 1126 2446 Seri-

229 2469 337 2505 pturae
346 2460 527 2494 authoritate
548 2459 728 2503 &praefidio
748 2472 797 2495 eos
822 2465 867 2495 uti
889 2462 964 2495 nolle
977 2485 990 2502 ,
1016 2473 1053 2496 ne
1071 2460 1128 2505 sei-

237 2513 306 2546 licet
315 2522 354 2545 ex
367 2509 477 2554 eisdem
496 2511 656 2553 Scripturae
665 2512 734 2545 locis
745 2520 799 2545 aut
813 2511 920 2545 libellis
942 2522 1039 2545 eorum
1050 2523 1129 2547 men-

236 2562 328 2594 dacia
348 2561 555 2594 convellantur
576 2583 588 2602 ,
613 2563 649 2595 (ν’
672 2566 705 2595 in
724 2562 816 2596 lucem
837 2569 1025 2605 exponantur
1041 2588 1049 2596 .
1078 2565 1129 2596 Ita

235 2611 307 2654 fieri
323 2617 356 2644 ut
383 2610 516 2644 libellum
538 2634 549 2650 ,
583 2622 641 2653 quo
659 2611 734 2647 Αᾶσ
758 2611 954 2654 Apostolorum
979 2617 1130 2648 continen-

240 2670 293 2694 tur
304 2683 317 2701 ,
342 2665 473 2693 maximo
492 2670 557 2694 cum
569 2664 746 2696 incommodo
756 2661 888 2706 recusent
898 2687 906 2695 .
933 2663 1017 2697 Illud
1029 2668 1109 2696 enim
1119 2685 1130 2703 ,

238 2707 377 2750 Tanti,
404 2707 456 2743 hoc
475 2708 535 2751 istic
551 2708 712 2754 fignificat.
738 2715 826 2756 ‚Quia
845 2724 884 2747 ex
903 2711 955 2746 hoc
977 2722 1032 2746 uno
1054 2718 1130 2757 origo

242 2757 378 2801 Ecclefiae
399 2761 435 2793 o·
451 2759 616 2802 formatio,
640 2771 731 2804 quam
741 2763 914 2803 fatentur,
939 2762 1132 2803 demonstrari

240 2807 337 2853 potest
357 2832 368 2844 .
393 2811 454 2844 Per
476 2810 680 2847 traductiones
700 2818 782 2848 enim
804 2823 880 2848 cave
899 2812 1130 2855 depravationes

592 3112 788 3208 Q&

351 3358 456 3401 ebrss.
470 3365 548 3406 Lupi
558 3365 656 3406 opera
667 3364 701 3396 T.
712 3362 770 3395 IX.

1157 269 1294 301 -lianum
1304 265 1525 308 estillustratio‚
1552 263 1755 306 demonstratio
1768 289 1779 305 ,
1803 268 1941 301 dete-tito.
1971 274 2060 303 Nam

1178 319 1265 360 apud
1270 317 1395 350 eundem
1407 318 1564 350 traducere
1577 314 1615 357 est
1625 319 1659 348 in
1669 314 1760 348 lucem
1780 323 1921 356 exponere
1933 341 1945 357 ,
1964 324 2061 360 apert.

1177 379 1230 408 re,
1256 367 1407 410 detegere.
1435 368 1485 399 Ad
1505 367 1681 408 Scapulam:
1708 364 1894 399 Doemones
1914 367 2063 408 quotidie

1178 416 1393 452 traducimus.
1420 416 1589 451 Traducta
1611 415 1756 450 veritas:
1783 419 1820 447 In
1845 415 1937 448 lucem
1959 417 2063 458 exposs-

1178 477 1213 501 ta
1227 491 1234 499 .
1260 469 1305 501 De
1319 466 1442 511 fugain
1451 465 1666 510 persecutione:
1698 464 1811 499 Deum
1819 464 1900 498 nolo
1918 466 2063 505 traduci,

1180 517 1270 562 quod
1286 518 1357 552 sum
1370 516 1530 551 confeffus
1541 516 1575 551 id
1588 516 1671 555 effe,
1696 514 1788 559 quod
1813 515 1894 549 nolo
1916 515 2063 550 traducI.

1182 572 1240 602 Hoc
1266 566 1358 601 libro.
1385 566 1476 601 Nam
1497 567 1531 600 &
1553 567 1593 600 fic
1610 565 1741 600 facilius
1763 564 1992 599 traducentur.
2018 569 2064 598 Et

1176 617 1314 660 pluribus
1331 618 1456 665 poffem,
1480 615 1509 659 fi
1524 628 1573 651 res
1591 619 1732 657 majorem
1753 617 1846 650 lucem
1867 614 2063 656 defideraret.

1181 667 1355 702 Consonat
1378 667 1539 702 Nicolaus
1559 667 1748 711 Rigaltius,
1773 666 1815 700 ad
1836 675 1981 700 extrema
1994 668 2066 700 Do·
2084 686 2158 723 Cap·
2171 696 2225 724 ¹³3·

1181 718 1277 751 storis
1300 717 1418 758 verba,
1444 722 1496 750 Ne
1503 722 1621 759 pariter
1642 718 1845 750 admittantur
1861 717 2065 750 tradueliones
2171 719 2174 724 “

1181 780 1300 808 eorum,
1325 779 1393 810 quae
1411 773 1598 802 mentiuntur
1617 791 1629 808 ,
1659 766 1800 800 scribens
1823 780 1834 800 :
1861 771 1922 800 Hoc
1942 765 1999 807 est,
2030 777 2068 800 ne

1178 824 1297 860 pariter
1309 820 1470 852 admittere
1492 827 1633 862 cogantur
1646 841 1657 858 ,
1681 818 1762 860 quod
1769 818 1926 850 mendacia
1939 815 1997 859 sua
2007 827 2069 850 tra-

1184 870 1272 902 ducat
1294 873 1327 902 in
1338 870 1446 912 vulgus
1460 893 1468 901 .

2083 493 2154 532 Cap.
2174 506 2218 525 12.

1235 918 1278 952 Et
1287 919 1418 962 quidem
1435 918 1526 964 quod
1546 917 1716 953 traducere
1736 930 1775 954 ac
1799 916 1961 953 traductio
1983 918 2070 962 apud

1184 967 1434 1003 Tertullianum
1454 969 1518 1004 fint
1541 969 1630 1003 idem
1650 967 1739 1012 quod
1762 968 1916 1013 detegere
1930 981 1968 1004 ac
1985 968 2074 1003 dete·

1186 1018 1275 1059 ctio,
1301 1019 1347 1053 est
1368 1018 1471 1064 longe
1492 1018 1720 1053 certiffimum.
1748 1018 1798 1053 lta
1808 1020 1899 1054 enim
1923 1019 1964 1053 de
1978 1019 2073 1052 variis

1184 1068 1326 1110 ejusdem
1350 1068 1552 1111 Propheticae
1583 1078 1640 1102 aut
1664 1068 1870 1112 Evangelicae
1903 1069 2075 1112 Scriptum

1185 1118 1325 1152 senfibus
1335 1117 1393 1153 illc
1403 1118 1512 1153 scribit
1525 1119 1559 1152 in
1570 1117 1654 1152 libro
1665 1119 1706 1152 de
1719 1118 1880 1161 pudicitia
1894 1130 1901 1149 :
1929 1122 2074 1152 Errorem

1185 1178 1300 1201 omnem
1319 1167 1461 1201 traduda
1486 1190 1498 1208 ,
1525 1168 1559 1202 id
1580 1168 1626 1202 est
1651 1191 1663 1207 ,
1688 1167 1827 1201 revelata
1853 1168 1907 1201 seu
1930 1166 2076 1208 detecta,

1186 1216 1345 1259 diversitas
1357 1227 1493 1252 evomet.
1520 1217 1566 1252 Et
1588 1215 1779 1252 in'secundo
1802 1227 1919 1251 contra
1932 1216 2077 1251 Marcio-

1187 1279 1262 1302 nem
1286 1267 1371 1303 libro
1393 1269 1534 1303 affirmat
1559 1267 1779 1303 Marcionitas
1805 1267 1868 1302 effe
1892 1267 1994 1310 sepias
2009 1292 2021 1308 ‚
2043 1268 2077 1302 &

1187 1317 1358 1362 adjungit:
1385 1322 1425 1352 Ut
1435 1317 1673 1359 tradufflonem,
1701 1318 1734 1351 id
1746 1317 1791 1351 est
1807 1341 1819 1358 ,
1830 1318 2050 1352 detectionem
2066 1341 2078 1357 ‚
2095 1335 2168 1372 Cap·
2186 1337 2213 1363 8.

1180 1366 1232 1410 sui
1249 1366 1388 1410 sentiunt
1410 1392 1422 1408 ,
1458 1368 1598 1402 tenebras
1625 1367 1695 1402 bine
1719 1365 1914 1410 blaspbemiae
1938 1372 2078 1401 interno·-

1187 1426 1289 1451 munt.
1316 1418 1415 1456 More
1437 1419 1615 1462 sepiarum.
1644 1417 1690 1451 Et
1715 1418 1748 1450 in
1761 1428 1879 1458 quarto
1902 1417 1987 1452 libro
2005 1418 2076 1454 scri÷

1189 1467 1238 1502 bit
1251 1481 1263 1501 .·
1289 1466 1474 1510 Erubefiunt
1496 1468 1535 1501 de
1555 1467 1695 1511 Magistro
1716 1467 1872 1500 traducto.
1905 1467 1984 1501 Hoc
2004 1467 2050 1501 est
2064 1493 2076 1508 ,

1188 1516 1316 1550 detesto
1337 1517 1373 1550 &
1391 1517 1532 1551 confuso
1555 1541 1564 1548 .
1590 1516 1640 1550 Ita
1661 1517 1696 1550 ἀ
1719 1516 1754 1550 in
1779 1517 1865 1550 libro
1886 1516 1927 1550 de
1947 1517 2078 1560 jejuniis
2096 1526 2169 1562 Cap.
2189 1536 2236 1554 20.

1189 1565 1298 1600 scribit
1316 1565 1463 1610 Regium
1479 1566 1586 1600 filium
1597 1564 1775 1610 Ionatham
1799 1567 1857 1609 qui
1878 1567 2002 1610 agreste
2013 1566 2078 1602 mei
2097 1568 2169 1602 Cap·
2181 1575 2205 1600 5-

1190 1617 1282 1662 virga
1304 1616 1493 1660 gustaverat
1515 1639 1527 1657 ‚
1570 1617 1664 1652 fuisse
1685 1618 1724 1658 de
1760 1617 1866 1650 deitao
1886 1617 2077 1650 traductum.

1189 1667 1273 1700 Haec
1283 1666 1406 1710 phrafis
1415 1667 1460 1701 est
1474 1667 1615 1702 Dostori
1626 1665 1809 1702 admodum
1822 1668 1987 1713 frequens.
2002 1668 2081 1703 Por·

1188 1723 1226 1751 ro
1237 1716 1511 1760 Apostolicorum
1524 1717 1671 1751 Annum
1684 1716 1767 1751 liber
1787 1717 1885 1752 docet
1899 1730 1960 1753 nos
1973 1719 2058 1752 varia
2072 1745 2079 1751 .

1189 1763 1328 1808 Primo,
1353 1765 1533 1802 adventum
1545 1766 1684 1811 Spiritus
1694 1767 1826 1807 Sancti,
1851 1768 1885 1801 δε
1897 1778 1953 1810 per
1974 1769 2082 1812 ipsum
2100 1760 2177 1797 ‘3²5³'
2193 1768 2235 1787 ¹¹·

1188 1816 1313 1851 donata
1336 1815 1489 1851 Ecclefiae
1515 1815 1745 1851 Charismata.
1772 1816 1930 1857 Deinde,
1958 1817 2084 1853 Catho⁴

1188 1866 1257 1901 licae
1267 1866 1422 1901 Ecclefiae
1439 1867 1635 1907 exordium;
1662 1866 1696 1901 ὃς
1709 1866 1836 1901 varium
1860 1870 2062 1911 progressum
2075 1894 2083 1901 .

1188 1917 1251 1951 Iste
1263 1915 1348 1951 liber
1358 1917 1405 1951 est
1426 1915 1623 1951 Christianae
1633 1914 1809 1960 Religioni
1829 1918 1956 1961 grande
1977 1919 2085 1954 firma·

1188 1977 1358 2001 mentum.
1386 1966 1431 2001 Et
1442 1966 1509 2001 hoc
1531 1967 1676 2001 omnino
1697 1976 1859 2000 noverant
1884 1966 1984 2001 etiam
1996 1967 2084 2003 Mar·

1187 2017 1323 2052 cionitae
1333 2041 1341 2048 .
1370 2015 1532 2051 Attamen
1546 2027 1660 2051 eorum
1674 2026 1780 2061 nugas
1797 2015 1898 2050 etiam
1909 2017 2084 2059 patentissi-

1189 2064 1381 2111 medetegit
1403 2066 1607 2101 &damnat.
1633 2065 1730 2100 Hinc
1743 2065 1888 2110 ipsorum
1899 2066 2093 2112 aliqui‚ne'·

1189 2118 1266 2152 istas
1279 2117 1414 2151 suorum
1431 2116 1679 2152 mendaciorum
1690 2116 1913 2155 traductiones
1924 2128 2082 2163 cogeren-

1190 2178 1244 2203 tur
1263 2166 1461 2207 admittere,
1490 2166 1680 2201 maluerunt
1703 2165 1830 2210 aliquas
1844 2178 1959 2202 eorum
1972 2192 1984 2209 ,
2008 2179 2083 2212 quae

1190 2216 1365 2251 nobiscum
1387 2214 1594 2258 defendunt,
1620 2215 1834 2261 probationes
1854 2228 1923 2252 non
1938 2216 2081 2261 habere,

1190 2277 1289 2310 atque
1309 2266 1355 2299 ita
1373 2277 1511 2300 omnem
1533 2266 1619 2301 istud
1641 2265 1763 2301 librum
1782 2267 1971 2303 exsufflare.
1999 2269 2083 2304 Istas

1191 2315 1412 2349 traductiones
1426 2316 1564 2351 evadere
1574 2325 1642 2351 erat
1665 2317 1732 2350 illis
1742 2318 1828 2352 tanti
1840 2341 1852 2358 ‚
1879 2328 1915 2352 ut
1927 2319 2081 2362 contenti

1190 2365 1316 2399 fuerint
1337 2364 1522 2408 aliquarum
1543 2365 1780 2409 probationum
1810 2366 1965 2402 sustinere
1986 2368 2082 2412 jaciu-

1191 2425 1273 2449 ram.
1304 2413 1468 2449 Rationes
1477 2437 1488 2453 ‚
1497 2426 1539 2449 ex
1550 2416 1670 2460 quibus
1681 2416 1836 2452 Marcion
1847 2417 1967 2462 abjecit
1981 2419 2082 2454 istum

1191 2465 1311 2500 librum
1323 2488 1336 2504 ,
1358 2464 1463 2499 edicit
1475 2465 1647 2500 Dostorin
1661 2467 1782 2510 quinto
1799 2468 1952 2504 adversus
1972 2468 2080 2512 ipsum

1192 2514 1295 2551 libro:
1321 2517 1387 2547 Cur
1406 2513 1558 2557 respuatis
1586 2515 1783 2559 Apostolorum
1803 2517 1880 2552 Aeta
1900 2543 1912 2560 ,
1931 2519 2005 2559 jam
2024 2527 2082 2561 ap-

1188 2573 1278 2609 paret
1299 2589 1307 2596 .
1333 2568 1373 2597 Ut
1411 2567 1510 2599 Deum
1537 2564 1650 2608 scium
1680 2578 1740 2601 non
1760 2568 1855 2601 alium
1871 2569 2081 2610 praedtcantiae

1190 2616 1283 2659 quam
1294 2616 1484 2654 Creatorem,
1512 2626 1562 2650 nec
1584 2616 1736 2657 christum
1746 2617 1871 2652 alterius
1880 2621 1975 2662 quam
1986 2623 2081 2653 Crea-

1192 2671 1264 2700 toris
1279 2689 1291 2706 ‚
1312 2666 1436 2708 quando
1455 2676 1507 2699 nec
1519 2668 1665 2710 promtffio
1686 2669 1818 2711 spiritus
1837 2669 1943 2701 sanai
1954 2667 2078 2701 aliunde

1187 2715 1328 2758 probetur
1349 2713 1508 2758 exhibita,
1536 2719 1629 2759 quam
1650 2718 1688 2751 de
1709 2715 1898 2756 instrumento
1917 2715 2077 2750 adoram.

1192 2766 1341 2801 Primum
1373 2775 1412 2802 ac
1430 2767 1614 2802 secundum
1632 2765 1710 2802 libri
1727 2775 1828 2811 caput
1847 2766 1924 2800 sunt
1945 2763 2078 2811 integr&

1193 2814 1334 2863 legenda
1348 2839 1355 2847 .

1950 3343 2037 3404 cin*
