2346 3724
73 1476 163 1523 Epist.-
184 1488 231 1516 73-

339 171 359 201 1
369 171 435 215 40

267 239 339 275 dit.
368 239 412 272 Et
433 234 502 271 illic
524 247 596 271 non
619 244 772 281 apparent
795 235 852 270 ista
866 235 978 271 verba.
1007 236 1100 270 Hinc
1120 236 1157 271 dc

267 290 334 332 ipsa
350 287 409 321 iile
420 298 488 321 non
502 286 654 331 exposuit
673 312 679 319 .
876 300 878 302 ·

318 338 432 373 Altera
446 337 579 380 quaestio
591 338 636 371 est
651 361 662 376 ,
690 335 746 371 An
767 336 824 371 ista
837 336 934 371 verba
948 335 1097 372 habuerit
1113 336 1156 370 A·

265 388 429 424 fricanum
441 386 654 431 symbolum?
684 387 726 420 Et
739 386 866 421 videtur
891 399 959 421 non
990 386 1154 421 habuisse.

264 439 402 474 Etenim
412 437 553 473 Ecclesia
567 436 634 471 haec
646 448 714 470 non
728 436 770 470 ab
782 437 853 480 ipsis
868 437 1038 481 Apostolis
1054 438 1151 471 fidem

264 489 412 533 accepit,
438 488 520 522 seda
535 486 689 521 Romana
713 486 898 522 Cathedra.
927 489 976 522 Ita
1000 488 1096 521 variis
1120 487 1154 519 in

263 539 348 574 locis
358 540 496 573 affirmat
514 538 644 571 Sanetus
658 536 866 581 Augustinus
884 563 891 570 .
919 537 1063 572 Proinde
1089 536 1154 570 haec

264 587 430 624 cathedra
455 588 503 622 illi
517 587 703 631 symbolum
716 587 850 622 tradidit
865 589 933 622 fine
947 588 1015 622 istis
1034 587 1152 621 verbis.

264 640 309 674 Et
320 638 407 674 certe
419 640 553 673 Sanctus
566 636 772 682 Augustinus
782 640 930 682 quinque
953 638 1043 672 libris
1058 648 1154 680 expo-

263 691 327 725 suit
351 689 584 733 Apostolicum
603 688 825 730 Symbolum,
854 690 888 723 δε
913 688 1031 722 nullibi
1055 686 1151 721 habet

262 740 322 775 ista
340 740 454 774 verba,
485 737 598 772 Habet
611 738 678 772 haec
690 738 777 772 sola:
806 741 903 772 Credo
928 744 959 770 in
985 742 1081 771 Deum
1095 740 1153 770 Pa-

261 799 339 826 trem
351 796 596 834 omnipotentem.
627 789 755 823 Eadem
776 789 843 823 sola
870 788 968 822 habet
994 790 1099 822 sermo
1112 789 1153 821 se-

260 841 478 886 Ptuagesirnus
490 840 624 882 quintus
635 839 676 873 de
688 839 829 872 Diversis
844 863 855 878 ‚
882 840 939 883 qui
952 839 1024 873 vere
1038 850 1074 872 ac
1087 850 1152 872 ma·

260 890 378 926 'nifeste
388 890 433 924 est
448 889 711 934 Augustinianus
723 913 731 922 ,
764 890 806 922 Et
824 887 976 932 adjungit
990 900 1048 931 pro
1062 899 1152 922 com·

259 941 443 975 mentatio:
462 939 649 980 'Invifibilem
661 963 671 979 ,
697 939 912 978 immortalem,
939 943 1049 983 Regem
1075 941 1149 972 san·

258 991 394 1030 Horum,
422 989 629 1031 visibilium&
652 988 850 1030 invifibilium
870 992 1061 1024 Creatorem.
1093 989 1148 1022 Et·

258 1041 323 1075 iam
337 1039 545 1083 symbolum,
573 1037 663 1080 quod
692 1040 726 1073 in
750 1039 896 1082 superius
923 1049 1102 1074 memorata
1116 1040 1148 1075 fi-

255 1090 311 1125 dei
333 1088 518 1124 Catholicae
537 1089 674 1132 epistola
704 1089 841 1123 adducit
868 1089 1043 1124 Facundus
1067 1088 1148 1123 Her-

255 1141 430 1175 mianensis
443 1140 623 1182 Episcopus
634 1163 644 1178 ‚
676 1138 773 1173 habet
790 1138 855 1173 haec
870 1140 935 1174 sola
949 1140 1065 1174 verba:
1081 1142 1151 1174 Cre-

255 1192 356 1225 dimus
377 1195 411 1223 in
430 1201 520 1223 unum
535 1193 630 1222 Deum
644 1191 769 1223 Patrem
791 1195 1018 1232 omnipotentem
1033 1214 1040 1222 .
1069 1189 1146 1223 Res-

255 1240 387 1285 pondeo
411 1250 519 1274 tamen
540 1239 596 1273 illa
610 1238 704 1273 verba
714 1239 858 1273 omnind
881 1240 975 1275 fuisse
1000 1241 1034 1274 in
1054 1240 1147 1274 Afri‘

255 1302 339 1326 cano
356 1291 439 1326 olim
455 1289 610 1333 symbolo
625 1314 632 1322 .
661 1290 768 1324 Lucet
781 1300 821 1323 ex
833 1290 951 1324 Sanno
963 1289 1147 1334 Cypriane,

255 1342 313 1385 qui
341 1341 381 1374 ad
395 1340 590 1383 jubajanum
613 1339 811 1382 Episcopum
835 1338 945 1375 scribit
966 1338 1051 1383 apud
1065 1340 1151 1373 Mar-

257 1391 400 1425 cionitas
412 1400 480 1422 non
505 1389 568 1421 effe
582 1399 692 1421 verum
705 1388 874 1432 Baptisma
886 1413 897 1428 ‚
922 1390 955 1422 ὃς
967 1389 1059 1422 addit
1077 1399 1149 1421 cau-

259 1442 347 1475 sam:
381 1440 546 1480 Numquid
566 1441 701 1470 Marcion
720 1437 846 1470 eundem
865 1437 965 1481 asserit
978 1461 989 1477 ,
1020 1447 1104 1479 quem
1116 1437 1150 1470 6*

253 1503 304 1526 nos
316 1514 326 1530 ,
354 1494 474 1524 Patrem
482 1491 652 1521 Creatorem
664 1488 681 1520 ,ἲ
709 1487 753 1520 Et
779 1488 885 1521 infra:
914 1489 988 1530 ‚Qua
1009 1485 1149 1529 potestate

249 1540 387 1585 consequi
399 1546 431 1572 in
444 1536 602 1580 Baptismo
617 1539 804 1577 remiffionem
826 1545 1012 1578 peccatorum
1032 1535 1124 1579 potest
1139 1559 1150 1575 ,

251 1601 363 1637 negans
391 1594 486 1623 Deum
511 1592 695 1621 Creatorem
719 1589 848 1620 Patrem
875 1586 1008 1627 Christi?
1035 1586 1148 1623 Palam

252 1642 372 1677 alludit
386 1639 425 1674 ad
439 1637 628 1682 symbolum
640 1662 650 1678 ‚
679 1637 769 1681 quod
785 1638 851 1674 suis
872 1637 1148 1680 competentibus

251 1703 333 1728 tunc
344 1689 492 1725 tradebat
507 1687 665 1722 Africana
682 1687 826 1722 Ecclefia
841 1713 848 1719 .
878 1686 921 1720 Et
946 1686 979 1721 in
1003 1687 1147 1731 praesenti

250 1744 328 1777 loco
341 1739 575 1775 Tertullianus
588 1737 709 1778 diserte
731 1738 873 1772 affirmat
885 1737 903 1772 a
915 1737 1026 1782 regula
1041 1737 1150 1781 praedi·

252 1793 319 1828 cari
344 1802 448 1825 unum
460 1790 573 1823 Deum
587 1813 597 1829 ,
623 1800 685 1822 nec
695 1787 798 1822 alium
819 1795 936 1831 prater
946 1787 1054 1820 mundi
1065 1792 1149 1820 Con-

251 1840 377 1880 ditorem
390 1865 397 1874 .
425 1840 469 1873 Et
486 1839 520 1872 in
538 1838 625 1872 libro
637 1838 679 1872 de
691 1836 841 1871 velandis
865 1837 1048 1881 virginibus
1074 1836 1148 1871 scri·

249 1893 302 1929 bit
321 1903 364 1927 ex
384 1889 497 1935 regula
521 1885 609 1922 credi
631 1886 666 1920 in
687 1897 792 1921 unum
805 1885 918 1920 Deum
929 1887 1142 1930 omnipoten-

250 1954 342 1981 tem,
366 1939 473 1975 mundi
492 1938 682 1971 Conditorem
700 1961 708 1969 .
744 1937 794 1970 At
818 1935 893 1970 verti
915 1937 950 1974 ὃς
974 1936 1073 1979 hujus
1094 1935 1140 1970 rei

251 1990 436 2028 authoritas
449 1987 616 2023 Africanis
636 1985 780 2022 omnino
806 1986 899 2021 suita
912 1985 1144 2024 Romana‘Ee-

250 2043 348 2078 clesia
358 2065 366 2074 .
395 2040 508 2083 Atque
521 2038 566 2072 ita
577 2036 643 2071 11ae⁶
654 2036 847 2072 testimonia
865 2036 994 2071 fortiter
1006 2035 1141 2071 suadent

251 2094 313 2129 ista
325 2090 424 2126 verba
437 2088 521 2124 olim
548 2098 617 2122 non
634 2086 769 2121 defuisse
781 2087 940 2122 Romano
967 2085 1122 2130 symbolo
1133 2110 1141 2117 .

252 2141 394 2178 Accedit
406 2140 439 2175 δε
450 2138 557 2174 Sanffi
570 2136 754 2182 Augustini
772 2135 972 2171 authoritas.
1007 2135 1143 2171 Etenim

253 2194 290 2229 in
315 2189 512 2226 Enchiridio
532 2188 670 2221 affirmat
694 2185 790 2220 Fidei
818 2186 1011 2230 symbolum
1034 2209 1046 2227 ,
1067 2185 1144 2228 quia

256 2242 384 2278 cuneus
406 2238 616 2274 necessarium
638 2235 680 2271 ad
702 2236 861 2276 salutem,
888 2236 951 2270 effe
973 2247 1012 2270 ac
1029 2235 1146 2269 debete

256 2294 321 2329 esse
334 2290 555 2327 brevissimum
566 2313 577 2328 ,
604 2298 643 2321 ac
659 2286 769 2323 statim
783 2285 954 2331 adjungit:
982 2287 1146 2329 ,Quaritur

231 2344 239 2353 ’
256 2344 335 2389 quid
343 2341 518 2376 credendum
525 2338 563 2381 fit
578 2362 589 2378 ‚
615 2338 695 2381 quod
714 2338 759 2370 ad
781 2338 953 2381 religionem
969 2336 1148 2376 pertineat?

257 2396 339 2431 Hoc
352 2392 419 2433 est,
445 2390 502 2435 qui
519 2390 579 2422 sint
591 2387 721 2423 articuli
737 2385 892 2419 contenti
913 2385 948 2417 in
971 2383 1150 2425 symbolo?

256 2446 306 2481 Et
326 2442 519 2487 respondet:
547 2440 631 2471 satis
655 2435 692 2475 est
715 2433 888 2474 Christiano
913 2444 1010 2467 rerum
1032 2440 1147 2466 creata·

259 2506 329 2530 rum
348 2490 465 2535 causam
482 2514 493 2530 ,
512 2487 578 2530 five
599 2485 750 2525 coelestium
761 2508 773 2525 ‚
791 2482 857 2526 five
870 2482 1049 2523 terrestrium
1059 2507 1070 2523 ,
1085 2481 1151 2525 five

261 2543 445 2586 vifibilium,
465 2536 758 2580 fiveinvifibilium,
785 2533 903 2576 nonnisi
910 2534 1072 2567 benitatem
1095 2544 1151 2566 cre-

263 2595 335 2628 dere
350 2593 501 2624 Creaton's
513 2612 523 2628 ‚
550 2593 691 2630 quirinus
704 2588 739 2620 Θ
750 2596 841 2619 verus
866 2584 903 2624 est
913 2588 994 2618 Deus
1007 2609 1014 2616 .
1043 2583 1154 2618 Vide-

263 2652 318 2678 tur
335 2642 469 2676 asserere
491 2662 503 2679 ,
528 2637 619 2682 quod
640 2633 843 2670 haec'omnia
864 2634 925 2670 sint
945 2633 1088 2677 expressa
1115 2632 1150 2667 in

264 2693 375 2739 primo
391 2687 531 2725 articulo
543 2713 551 2720 .
579 2688 623 2721 Et
635 2687 669 2720 in
683 2685 780 2719 tertio
794 2684 879 2718 libro
891 2684 932 2718 de
945 2683 1098 2726 symbolo
1110 2684 1150 2717 ad

265 2740 538 2778 Catechumenos
563 2738 606 2770 fic
634 2738 755 2770 format
782 2735 923 2778 primum
951 2734 1125 2768 articulum
1142 2747 1153 2768 .-

265 2794 366 2827 eredo
393 2796 426 2825 in
448 2798 540 2822 unum
557 2790 656 2821 Deum
669 2788 794 2819 Patrem
817 2790 1067 2827 omnipotentem,
1095 2786 1153 2818 &a

269 2844 356 2891 Qae
369 2852 432 2875 vox
445 2849 513 2874 non
533 2837 660 2882 respicit
671 2837 860 2879 sequentem
875 2835 1050 2870 articulum
1062 2859 1072 2876 ‚
1098 2833 1152 2868 sed

269 2893 368 2937 primi
379 2889 507 2925 articuli
521 2887 781 2932 supplementum
793 2911 800 2918 .
829 2885 933 2920 Lucet
945 2897 986 2920 ex
1004 2885 1067 2920 alia
1078 2884 1156 2928 eJus-

270 2942 349 2978 dem
368 2939 499 2974 articuli
518 2939 701 2973 relatione.-
727 2937 897 2970 Credamus
920 2941 953 2968 in
975 2939 1071 2970 Deum
1095 2937 1157 2968 Pa-

271 3001 352 3027 trem
365 2994 611 3032 omnipotentem,
639 2985 842 3030 universorum
852 2990 1025 3019 Creatorem
1039 3011 1047 3018 .
1069 2986 1156 3033 Qae

271 3040 452 3087 posteriora
474 3037 569 3072 verba
591 3049 660 3072 non
681 3038 745 3071 esse
765 3036 1042 3072 commentarium
1065 3058 1076 3075 ,
1099 3035 1156 3077 sed

274 3102 406 3127 textum
419 3114 431 3131 ,
456 3089 647 3123 censuerunt
669 3088 753 3122 olim
773 3088 876 3121 nostri
888 3085 1035 3129 Majores
1046 3086 1157 3119 Lova-

273 3142 422 3177 aienses.
452 3139 564 3186 Qare
598 3150 635 3172 ea
662 3138 757 3172 verba
795 3136 922 3171 videtur
949 3135 1158 3180 Augustinus

278 3189 466 3235 compendii
478 3188 582 3234 gratia
592 3187 668 3222 alibi
688 3186 923 3232 praetermisisse.
949 3184 993 3219 Et
1015 3196 1057 3218 an
1078 3184 1136 3219 ista
1149 3208 1159 3224 ,

278 3252 350 3276 non
373 3251 480 3275 autem
501 3236 569 3272 haec
591 3238 685 3271 verba
698 3263 708 3278 ,
735 3244 904 3272 Creatorem
915 3237 1157 3276 coelissterrae,

279 3290 398 3331 fixerint
418 3290 452 3323 in
477 3288 637 3323 Africano
658 3288 810 3330 symbolo
833 3311 845 3328 ‚
871 3287 990 3332 ignoro
1008 3309 1016 3317 .
1045 3285 1158 3331 Quid-

280 3337 360 3391 quid
371 3339 406 3373 fit
418 3362 430 3383 ‚
444 3339 523 3376 211ae
548 3338 649 3377 etiam
667 3346 774 3382 praeter
784 3336 1028 3383 Aquilejenscm
1050 3335 1160 3372 Eccle-

871 152 1592 198 ScitoLtoN

1218 236 1268 270 siae
1279 235 1337 271 ista
1350 234 1446 270 verba
1457 246 1525 269 non
1542 232 1726 271 habuerunt
1740 261 1748 270 .
1774 234 1909 271 Etenim
1932 233 2017 281 apud
2032 237 2109 271 San-

1220 288 1307 322 &um
1320 285 1547 331 Augustinum
1567 287 1757 321 centesimus
1778 287 1925 321 decimus
1940 299 2049 321 nonus
2065 287 2108 321 de

1220 346 1367 381 tempore
1386 339 1502 372 Sermo
1520 335 1635 370 recitat
1654 345 1763 371 totum
1776 337 1972 380 Symbolum
1984 362 1994 378 ,
2022 337 2057 370 δε
2070 337 2109 371 il-

1222 388 1252 422 la
1269 387 1365 422 verba
1387 385 1529 421 omnine>
1551 387 1783 429 praetermittit.
1808 386 1965 421 Atistum
1978 388 2109 422 Sermo-

1222 449 1295 473 nem
1308 464 1318 479 ,
1345 437 1421 471 licet
1431 436 1597 470 eruditum
1610 436 1644 469 ὅ(
1655 437 1827 480 antiquum
1838 461 1850 476 ,
1877 449 1945 471 non
1957 438 2021 472 effe
2032 438 2107 472 vere

1221 488 1501 532 Augustinianum
1514 510 1526 527 ‚
1545 485 1654 520 statim
1668 486 1811 530 patebit.
1837 487 1995 534 Qaedam
2008 488 2107 522 istum

1218 538 1391 572 articulum
1415 536 1572 572 habentes
1594 537 1766 576 Ecclefiae,
1793 539 1963 571 Creatorem
1977 540 2053 571 Coeli
2072 539 2107 571 (τ

1218 598 1307 622 terrae
1316 613 1327 629 ,
1356 587 1500 632 quaedam
1512 587 1596 621 olim
1615 587 1764 632 legerunt
1777 612 1787 628 ,
1812 586 1967 620 Fadmm
1977 587 2057 623 Coeli
2070 589 2105 622 Θ

1217 647 1306 674 terra
1325 661 1333 670 .
1378 639 1464 672 Eum
1500 637 1735 684 assumpserunt
1756 647 1871 672 contra
1894 635 2105 683 blasphemias

1217 688 1454 723 Gnosticorum
1474 714 1481 721 .

1268 740 1305 772 H
1310 741 1340 772 ic
1361 739 1516 772 articulus
1534 739 1662 783 accepit
1677 740 1711 773 ὅ(
1721 738 1813 773 aliud
1824 738 2080 773 additamentum
2093 763 2104 779 ,

1217 789 1258 823 de
1281 801 1347 832 quo
1362 789 1535 832 Presbyter
1546 789 1720 823 Ruffinus:
1748 794 1808 824 His
1820 791 1967 829 additur,
1994 788 2105 822 Invisi-

1217 839 1315 874 bilem
1329 840 1361 873 &
1377 838 1603 882 impaffibilem
1615 865 1622 872 .
1652 842 1808 874 Sciendum
1823 840 1905 881 quod
1915 840 1970 871 duo
1990 837 2034 878 iffi
2043 837 2107 881 ser-

1215 901 1313 922 mones
1337 897 1371 923 in
1392 888 1526 930 Ecclefiae
1548 893 1693 924 Romanae
1713 891 1839 929 symbolo
1864 901 1922 922 non
1937 887 2083 921 habentur
2096 913 2104 922 .

1213 940 1336 980 constat
1350 948 1449 973 autem
1471 942 1615 982 apadnos
1634 942 1756 973 additos
1781 940 1923 983 baereftos
1948 937 2040 981 causa
2052 941 2107 971 Sa-

1213 991 1294 1024 belli!
1307 1015 1318 1031 ,
1345 992 1425 1023 illius
1445 990 1577 1033 profem
1598 1002 1668 1032 quae
1680 993 1714 1024 ό*
1728 993 1831 1023 Patris
1848 991 1983 1029 Pafflana
2005 991 2106 1031 appel-

1212 1042 1295 1073 latur
1307 1065 1318 1081 ‚
1344 1042 1379 1073 id
1388 1040 1425 1080 est
1435 1063 1445 1079 ,
1469 1052 1537 1082 quae
1562 1044 1687 1074 Patrem
1699 1040 1796 1084 ipsum
1808 1042 1905 1074 velex
1921 1043 2041 1083 Virgine
2053 1050 2108 1072 na-

1213 1101 1276 1124 tum
1289 1092 1362 1124 dicit
1374 1115 1384 1131 ,
1412 1092 1447 1124 (5
1459 1090 1601 1131 visibilem
1606 1090 1729 1132 sallum
1741 1116 1751 1132 ‚
1778 1092 1831 1123 vel
1844 1091 1961 1133 paffum
1973 1090 2105 1130 affirmat

1212 1148 1344 1174 incarne
1361 1164 1369 1172 .
1393 1145 1431 1173 Ut
1442 1152 1511 1185 ergo
1529 1142 1731 1174 excluderetur
1751 1143 1825 1173 talis
1849 1140 2024 1181 impietas&
2038 1141 2105 1171 Pa-

1211 1199 1257 1224 tre
1267 1217 1278 1232 ,
1305 1193 1449 1224 videntur
1473 1192 1536 1225 baee
1562 1191 1711 1233 addidiffe
1730 1192 1862 1228 Maiores
1886 1214 1896 1229 ‚
1921 1191 1956 1222 Θ
1976 1187 2105 1230 inmfibi²

1213 1242 1269 1274 lem
1283 1244 1407 1274 Patrem
1417 1249 1508 1282 atque
1522 1241 1719 1282 impaffibilem
1731 1241 1836 1284 dixff’
1846 1264 1854 1271 .
1882 1239 2035 1282 Ejusdem
2049 1238 2105 1273 ad-

1213 1291 1349 1326 ditionis
1363 1291 1515 1324 meminit
1528 1291 1679 1324 Erasmus
1690 1291 1724 1324 in
1740 1290 1964 1333 Responfione
1976 1288 2016 1322 ad
2029 1299 2105 1323 cen-

1188 1363 1201 2053 }
1215 1342 1319 1373 suram
1330 1339 1590 1381 Theologorum
1605 1337 1828 1372 parisiensium
1841 1352 1852 1371 .-
1878 1342 1915 1370 In
1937 1340 2037 1380 prior}
2053 1350 2105 1370 ar·

1212 1390 1297 1421 riculo
1308 1390 1479 1421 Orientales
1492 1387 1627 1430 Ecclefiae
1638 1398 1697 1421 non
1716 1386 1808 1431 solnm
1832 1389 1934 1432 legunt
1946 1412 1956 1428 ‚
1983 1391 2021 1420 In
2041 1390 2105 1421 Deo

1213 1442 1304 1471 Patre
1324 1444 1522 1480 omnipotente
1535 1462 1546 1478 ,
1566 1437 1626 1481 sed
1646 1440 1767 1471 addunt
1786 1461 1798 1477 ,
1825 1437 1971 1479 Invtfibili
1995 1438 2030 1471 ό·
2051 1443 2106 1470 im·

1209 1488 1349 1531 paffibili.
1382 1488 1599 1532 Aquilejenfis
1612 1487 1761 1523 Ecclesiae
1778 1487 2040 1522 additamentum
2053 1487 2107 1521 ad-

1213 1538 1319 1573 scribit
1341 1539 1485 1573 Ecclefiae
1507 1538 1670 1573 Orientali
1696 1563 1705 1571 .
1736 1537 1844 1572 Nullo
1869 1539 1968 1572 nixus
1989 1537 2107 1571 fimdn-

1212 1596 1342 1623 mento.
1371 1589 1421 1624 Ita
1446 1587 1526 1624 solet
1544 1588 1605 1623 iste
1630 1588 1773 1623 Litterio
1796 1589 1881 1625 circa
1906 1586 2104 1623 Ecclesiasti-

1212 1651 1284 1674 cam
1297 1639 1542 1683 Antiquitatem
1554 1638 1700 1673 deviare.
1733 1638 1828 1672 Alter
1849 1638 1918 1681 ejus
1930 1647 2018 1672 error
2029 1636 2075 1671 est
2091 1661 2104 1678 ,

1210 1689 1300 1734 quod
1323 1689 1411 1724 dicat
1434 1689 1611 1723 Ecclesiam
1626 1690 1831 1724 Orientalem
1853 1689 1953 1722 etiam
1975 1686 2102 1722 dicere:

1211 1742 1309 1775 credo
1323 1746 1356 1773 in
1368 1742 1426 1774 Deo
1438 1742 1532 1774 Patre
1555 1745 1755 1781 omnipotente
1769 1765 1777 1773 .
1804 1737 1938 1773 Etenim
1949 1739 1983 1772 ἀ
1997 1737 2105 1771 Nicae-

1210 1801 1290 1824 num
1303 1790 1337 1823 &
1349 1789 1764 1833 constantinopolitanum
1778 1812 1790 1829 ,
1815 1789 1849 1823 ἃ
1868 1789 1954 1822 varia
1967 1787 2106 1822 Ariana-

1211 1851 1282 1874 rum
1297 1840 1479 1873 fastionum
1503 1839 1654 1881 symbola
1677 1838 1933 1873 constantiffime
1954 1837 2102 1873 habent:

1210 1894 1247 1923 In
1261 1892 1355 1923 Deum
1370 1913 1378 1922 .
1403 1890 1446 1923 Et
1458 1888 1530 1932 quis
1545 1889 1666 1922 nesciat
1688 1888 1830 1929 primum
1853 1889 2008 1923 omnium
2028 1886 2104 1923 isto-

1209 1950 1282 1974 rum
1298 1941 1427 1973 fontem
1451 1940 1514 1973 esse
1526 1935 1758 1982 Apostolicum
1781 1938 1993 1978 symbolum?
2018 1939 2106 1985 Qi-

1209 1989 1285 2023 dam
1298 1988 1427 2021 Ruffini
1446 1985 1632 2027 Presbyteri
1645 1986 1788 2021 Codices
1799 1986 1882 2020 olim
1893 1986 2036 2020 omnino
2047 1989 2105 2020 ha·

1211 2038 1357 2073 buerunt
1368 2061 1379 2077 ‚
1405 2041 1444 2069 ln
1459 2039 1521 2069 Deo
1533 2037 1627 2069 Patre
1636 2041 1834 2077 omnipotente
1843 2060 1852 2068 .
1880 2035 1924 2073 Et
1937 2034 2017 2070 hinc
2029 2036 2106 2070 scri-

1211 2086 1260 2121 bit
1279 2085 1439 2120 Gerardus
1464 2086 1607 2129 Joannes
1628 2083 1759 2119 Vossius
1781 2097 1789 2118 :
1818 2085 1912 2129 ,Quod
1926 2094 1984 2117 non
2010 2089 2106 2129 gravi

1206 2137 1233 2183 s
1308 2134 1396 2180 causa
1409 2137 1560 2170 Pamelius
1570 2140 1603 2169 in
1613 2132 1770 2179 accusandi
1792 2133 1892 2178 casum
1909 2139 2100 2169 immutavit.

1212 2186 1340 2222 Verum
1363 2186 1452 2231 quod
1476 2186 1629 2220 meliores
1650 2184 1779 2230 antiqui
1793 2185 1934 2220 Codices
1945 2183 2104 2219 constan-

1214 2246 1263 2272 ter
1275 2237 1418 2272 habeant
1430 2261 1441 2278 ,
1467 2237 1564 2271 Credo
1577 2242 1622 2269 in
1633 2238 1729 2269 Deum
1740 2259 1752 2276 ,
1776 2234 2000 2271 demonstrant
2012 2234 2102 2270 idem

1216 2288 1353 2332 Iacobus
1373 2286 1541 2321 pamelius
1551 2310 1565 2337 a
1588 2297 1626 2320 ac
1639 2285 1802 2320 Nicolaus
1815 2286 1982 2331 Rigaltius
1992 2310 2000 2318 .

1268 2337 1434 2373 Secundus
1446 2336 1525 2379 Sym
1531 2336 1599 2371 boli
1611 2336 1768 2370 articulus
1777 2335 1823 2371 est
1836 2339 1900 2370 :Et
1908 2343 1942 2369 in
1953 2335 2102 2380 JEsuM

1217 2385 1503 2425 CHRISTUM,
1531 2386 1648 2417 Filium
1671 2388 1738 2424 ejus
1762 2391 1879 2418 unicum
1898 2409 1910 2424 ‚
1935 2389 2100 2419 Dominum

1217 2436 1363 2477 nostrum.
1389 2435 1539 2471 Praefazus
1562 2433 1696 2468 Vossius
1719 2433 1849 2468 scribit:
1879 2436 2012 2468 Alterum
2027 2437 2103 2472 sym-

1217 2487 1277 2520 boli
1287 2495 1375 2530 caput
1386 2486 1475 2529 vulg&
1490 2483 1531 2527 fic
1552 2482 1640 2517 babet
1651 2508 1663 2525 ,
1688 2486 1733 2516 Et
1743 2488 1776 2516 in
1790 2482 1946 2526 JESUM
1960 2482 2102 2518 CHRI-

1220 2536 1280 2572 ST
1283 2537 1365 2571 UM
1388 2536 1502 2571 Filium
1523 2535 1586 2575 ejus
1611 2538 1798 2578 unigenitum
1824 2558 1835 2574 ,
1874 2537 2032 2566 Dominum
2052 2544 2101 2566 no-

1210 2587 1304 2628 strum
1314 2612 1321 2619 .
1343 2590 1388 2619 Er
1399 2585 1502 2619 eadem
1512 2593 1608 2618 mente
1622 2584 1821 2627 Aquileiense.
1851 2587 1896 2616 Et
1922 2589 1956 2616 in
1968 2582 2104 2619 CHRI-

1217 2636 1353 2672 sTuM
1371 2635 1516 2678 JESUM
1526 2639 1645 2669 unicum
1656 2634 1770 2668 Filium
1781 2636 1845 2675 ejus
1858 2657 1869 2674 ,
1881 2637 2042 2667 Dominum
2050 2644 2101 2667 no-

1212 2686 1307 2728 strum
1322 2710 1331 2719 .
1356 2685 1483 2720 Verum
1496 2696 1566 2729 quae
1575 2684 1681 2720 editio
1700 2685 1744 2718 ita
1756 2684 1861 2729 vulgo
1873 2684 1960 2728 legat
1971 2708 1983 2724 ,
2008 2683 2102 2729 igno-

1218 2749 1255 2771 ro
1269 2761 1276 2769 .
1304 2736 1394 2771 Nam
1415 2737 1448 2770 &
1461 2734 1717 2770 Mediolanenfis
1738 2734 1879 2769 Ecclesia
1893 2734 1974 2779 legit
1983 2734 2104 2770 eodem

1218 2785 1321 2822 modo
1334 2811 1344 2828 ,
1366 2797 1433 2831 quo
1444 2786 1599 2820 Romana
1611 2809 1619 2818 .
1646 2785 1752 2820 Lucet
1761 2796 1803 2820 ex
1814 2783 1977 2828 Symbolo
1987 2809 1997 2825 ‚
2010 2783 2109 2826 quod„

1218 2846 1462 2872 commentatus
1483 2836 1546 2870 fuit
1557 2836 1692 2869 Sanetus
1706 2835 1898 2870 Ambrosius
1909 2860 1918 2869 .
1946 2835 2102 2870 Ruffinue

1218 2886 1389 2931 Presbyter
1410 2886 1561 2931 adjungit
1583 2899 1593 2920 :
1623 2890 1758 2919 Orientis
1778 2884 1913 2927 Ecclefiae
1935 2896 2034 2919 omnes
2055 2889 2102 2917 itae

1219 2938 1368 2982 tradunt3
1395 2936 1666 2971 Credoitrunum
1680 2935 1792 2970 Deum
1807 2960 1819 2977 ,
1845 2935 1974 2970 Patrem
1995 2933 2102 2969 omni·

1220 2998 1388 3031 potentem
1400 3012 1408 3020 .
1434 2990 1482 3020 Et
1495 2987 1612 3020 rur-siim
1622 2990 1655 3019 in
1661 2984 1799 3029 sequenti
1807 2984 1940 3029 sermone
1950 3009 1961 3024 ‚
1985 2983 2035 3016 ubi
2046 2994 2101 3016 nos

1220 3039 1364 3071 dicimus.
1394 3037 1438 3072 Et
1461 3037 1496 3071 in
1524 3035 1680 3080 JESUM
1708 3033 1972 3071 CHRISTUM
1993 3054 2004 3072 ⁹
2028 3033 2102 3066 Uni·

1219 3099 1294 3122 cum
1306 3088 1431 3123 Filium
1457 3086 1547 3131 ejus,
1572 3086 1762 3121 Dominum
1789 3085 1956 3123 nostrum,
1981 3083 2027 3116 illi
2038 3090 2103 3115 tra·

1218 3139 1310 3171 dunt:
1338 3140 1383 3173 Et
1401 3138 1435 3171 in
1445 3147 1550 3172 unum
1564 3137 1752 3172 Dominum
1776 3134 1921 3170 nostrum
1943 3132 2102 3177 JESUM

1221 3187 1486 3224 CHRISTUM
1500 3211 1511 3228 ,
1521 3187 1644 3221 Filium
1655 3187 1723 3230 ejus
1733 3211 1740 3219 .
1752 3182 1963 3228 Unumscilicet
1977 3186 2076 3216 Deum
2088 3206 2101 3222 ‚

1221 3240 1357 3273 &unum
1380 3241 1539 3271 Dominum
1564 3262 1576 3279 ‚
1596 3236 1757 3281 semaam
1774 3233 1986 3267 authoritatem
2011 3234 2102 3265 Pauli

1222 3288 1343 3330 Apostoli
1354 3314 1365 3331 ‚
1379 3287 1554 3331 profitentes
1566 3313 1574 3321 .
1601 3287 1703 3335 Qod
1714 3283 1976 3319 additamentum
1990 3282 2103 3316 multis

1224 3339 1352 3375 inlotis
1373 3338 1485 3376 laudat
1507 3339 1607 3376 etiam
1618 3336 1751 3373 Sanctus
1766 3333 1915 3371 Irenaeus.
1942 3331 2103 3417 Inrprimi

1996 3395 2004 3417 ι
2029 3393 2055 3417 η
