2346 3724
110 2823 185 2862 Cap·
203 2830 248 2859 57·

716 113 1128 155 CAPIT

1199 121 1215 150 1
1286 120 1306 149 s
1418 106 1589 151 XLII.

1895 125 1989 170 357

253 191 386 227 Avitam
395 190 535 229 exilii‚&
545 189 577 223 in
589 190 765 234 quodpiam
778 188 924 224 Romani
940 186 1066 231 Imperii
1077 198 1129 221 ex·
1187 192 1333 231 curatione
1344 192 1508 226 contempta
1521 210 1530 224 ,
1552 196 1752 227 procuratores
1763 189 2055 233 rerumsaecularium

251 253 393 286 tremum
403 250 531 274 antrum
542 242 780 284 deportationis
790 249 918 283 poenam
940 238 1046 270 voluit
1067 240 1128 272 effe

252 291 379 326 firmam
395 292 432 323 ac
447 288 672 325 inconcussam
684 315 691 324 .
720 290 831 326 Etiam
842 288 882 322 de
893 286 1048 322 haereticis
1060 287 1131 322 scri-

251 343 315 385 psit
333 340 374 374 ad
396 338 618 374 Timotheum
642 341 839 384 Apostolus.
867 341 920 372 Ex
931 336 978 369 bis
995 335 1068 380 sunt
1080 342 1131 380 qui

250 398 410 434 penetrant
432 390 549 429 domos,
574 393 608 424 &⁸
628 396 768 433 captivas
788 390 898 422 ducunt
922 387 1129 426 mulierculas,

254 449 390 476 oneratas
397 445 528 481 peccatis
539 466 546 473 .
574 442 653 475 Hoc
666 441 781 475 vitium
796 450 892 483 quam
908 436 1049 471 maxime
1061 439 1131 481 pos-

257 492 337 526 sedit
359 491 557 530 Gnosticos,
584 502 667 535 quos
687 492 728 525 ad
747 489 941 523 lubricatum
962 487 1132 522 mulierum

255 553 323 578 non
346 541 556 576 solummodo
575 552 726 580 carnem,
754 540 808 574 sed
829 538 928 573 etiam
944 548 1132 572 crumenam

254 591 481 637 captivandam
514 592 633 626 scimus
663 591 755 625 fuisse
781 588 987 625 salacissimos
1005 595 1019 621 ί
1051 589 1132 622 Haec

254 645 343 678 enirn
366 642 473 677 libido
496 641 648 675 Marcum
674 640 878 684 AEgyptiutn
899 638 1007 683 vagari
1023 638 1133 682 adegit

253 693 401 738 usquein
426 691 569 726 Galliam
591 691 846 736 Lugdunensem
860 714 867 722 .
893 691 1005 736 Qare
1017 690 1135 732 praeset-

254 745 316 778 tim
337 743 508 778 adversum
528 742 604 777 illos
616 741 724 777 noster
741 741 916 786 Septimius
927 737 1038 774 hocin
1057 740 1134 774 loco

253 794 401 839 loquitur
413 818 421 826 .

307 843 457 877 Eandem
478 842 617 887 vagandi
638 841 806 876 licentiam
826 840 860 874 in
875 840 939 874 suis
948 840 1045 874 etlam
1059 839 1135 882 Epi-

257 893 363 937 scopis
375 891 570 939 quandoque
582 893 664 936 passa
674 892 718 925 est
734 891 841 926 Mater
854 890 1052 929 Ecclefia‚ac
1061 891 1135 923 sem-

257 956 315 987 per
327 943 513 978 damnavit.
541 943 674 978 Etenim
690 943 722 975 in
736 943 883 976 sermone
893 939 934 974 de
947 940 1057 983 Lapfis
1068 938 1137 972 scri·

259 993 309 1029 bit
329 995 359 1028 S.
376 993 579 1036 Cyprianus:
606 991 744 1035 Episcopi
760 992 903 1033 plurimi,
929 1000 1003 1030 quo}
1022 990 1056 1022 ὁ*
1074 987 1137 1020 bor-

256 1051 387 1077 tamento
406 1051 514 1086 oportet
525 1048 641 1077 caeteris
653 1044 704 1085 effe
713 1043 746 1075 Θ
759 1040 890 1081 exemplo
902 1062 913 1078 ‚
939 1035 1058 1072 Divina
1067 1047 1136 1082 pro-

266 1140 1139 1184 —ss-—ffl-fl—

1185 237 1271 280 fieri,
1300 234 1436 268 den-lilla
1455 234 1631 275 Catbedra‚
1660 239 1744 272 Plebe
1763 239 1899 283 deserta,
1921 250 1977 283 per
1991 244 2060 273 alie-

1190 298 1246 319 nas
1268 289 1446 320 Provincias
1465 286 1633 321 oberrantes
1646 311 1656 325 ‚
1683 294 1884 330 negotiationis
1896 289 2061 334 quaestuosae

1189 337 1343 371 nundinas
1377 343 1518 379 aucupari
1545 362 1552 370 .
1593 337 1746 372 Affirmat
1780 337 1842 371 hoc
1870 342 1931 373 effe
1955 352 2063 376 unum

1190 387 1208 421 ὲ
1229 386 1367 430 peccatis
1387 411 1398 427 ,
1424 386 1540 431 quibus
1560 387 1684 421 Divina
1709 387 1849 421 vindicta
1877 390 1909 421 ὅ(
1934 402 2067 434 genera-

1191 437 1256 473 lem
1281 436 1498 480 pestilentiam
1531 438 1707 472 immiserat
1732 461 1743 477 ,
1778 438 1813 470 ὅ(
1847 439 2067 480 captivitatem

1191 488 1208 521 a
1228 486 1375 521 Barbaris
1395 512 1407 528 ,
1432 489 1466 522 ὃς
1486 487 1528 522 ab
1549 489 1746 531 Imperatore
1769 487 1877 522 Decio
1898 489 2072 522 crudelissi-

1192 549 1278 571 mam
1304 538 1577 580 persecutionem.
1605 538 1647 572 Et
1665 537 1743 572 hinc
1766 547 1901 571 omnem
1923 538 2017 572 istam
2033 539 2069 572 in

1195 586 1360 631 Episcopis
1370 589 1403 623 &
1414 588 1550 622 Clericis
1560 588 1727 623 licentiam
1739 587 1926 632 rigidiffime
1935 589 2070 622 circum-

1193 638 1306 672 cidunt
1328 638 1359 670 &
1379 638 1538 673 damnant
1549 639 1704 673 Canones
1724 638 1927 682 Apostolici,
1952 637 2072 672 Antio-

1193 688 1312 727 cheni‚
1339 688 1373 721 δε
1394 687 1611 723 Sardicenses.
1641 690 1727 732 lpsos
1749 689 1899 732 obligant
1920 687 1960 722 ad
1987 699 2072 723 con-

1194 738 1329 772 stantem
1352 738 1557 773 residentiam
1581 764 1588 771 .
1614 740 1707 786 Qin
1730 740 1763 773 &
1782 736 1950 773 Baccharii
1972 762 1983 778 ,
2011 738 2074 772 viri

1194 788 1311 822 eruditi
1336 789 1370 823 δε
1391 789 1499 823 Sansti
1517 814 1527 830 ,
1555 789 1848 834 peregrinationem
1872 811 1882 827 ,
1908 785 1983 822 licet
2006 788 2078 821 Dei

1196 849 1305 873 amore
1326 837 1443 873 factam
1465 839 1506 874 ad
1517 839 1703 881 exemplum
1716 837 1876 878 Abrahae,
1903 838 1988 880 apud
2007 837 2076 870 Ro-

1197 899 1330 923 manum
1342 888 1540 923 Pontificem
1551 889 1641 924 fuisse
1649 891 1832 923 accusatam
1842 911 1852 927 ‚
1877 889 1910 923 &
1923 887 2078 931 indiguis·

1198 940 1228 972 se
1238 939 1415 984 apologia,
1442 940 1575 973 testatur
1591 940 1624 973 in
1639 939 1970 974 virorumillustrium
1992 946 2079 971 cata·

1199 988 1280 1036 logo
1301 989 1494 1025 Gennadius
1513 990 1734 1025 Massiliensis.

605 1206 681 1289 C
737 1206 824 1290 A
883 1205 946 1288 P
1004 1203 1094 1289 U
1149 1206 1232 1288 T
1382 1207 1769 1289 XLIII.-

374 1367 658 1449 Notata
677 1361 1147 1446 haerericorum
1171 1391 1322 1441 cum
1359 1358 1634 1464 curiosts
1674 1362 1977 1441 omnibus

951 1477 1347 1558 commercia
1391 1539 1406 1554 .

501 1637 645 1682 Orata
691 1631 788 1682 sunt
835 1633 969 1682 etiam
1004 1633 1265 1681 commercia
1301 1632 1600 1681 haereticorum
1648 1648 1748 1679 cum
1785 1631 1929 1693 Magis
1964 1628 2100 1698 quam

536 1702 730 1771 pluribus
758 1741 772 1765 ‚
808 1720 907 1752 cum
962 1702 1309 1752 Circulatoribus
1349 1739 1362 1763 ‚
1401 1719 1502 1751 cum
1537 1701 1778 1763 Astrologis
1807 1737 1820 1760 ‚
1866 1718 1964 1749 cum
2001 1701 2104 1748 Phi-

538 1772 749 1841 losophiS,
788 1773 1024 1823 curiositati
1060 1770 1225 1822 scilicet
1249 1771 1440 1822 deditis.
1477 1774 1643 1837 Qaerite
1676 1775 1736 1816 ἐφ’
1759 1774 1974 1828 invenietis,
2009 1769 2106 1817 ubi-

534 1860 623 1906 que
657 1846 974 1891 meminerunt.
1014 1841 1144 1890 Adeo
1182 1847 1224 1890 ἅν.
1263 1841 1318 1889 de
1352 1856 1508 1903 genere
1542 1836 1879 1888 conversationis
1914 1840 2113 1906 qualitas

260 1910 362 1960 fidei
398 1908 597 1958 aestimari
631 1910 774 1974 potest
800 1946 813 1957 .
851 1912 1075 1960 Doctrinae
1108 1910 1237 1974 judex
1271 1905 1502 1975 disciplina
1535 1908 1599 1958 est
1633 1943 1646 1956 .
1695 1911 1877 1972 Negant
1911 1912 2106 1960 Deum-.-

261 1979 506 2030 timendum
535 2013 547 2024 .
583 1976 914 2042 Itaque-libera
948 1976 1044 2026 sunt
1081 1979 1169 2026 illis
1205 1979 1355 2026 omnia
1390 1981 1434 2027 8τ,
1468 1976 1635 2026 soluta.
1673 1976 1767 2027 Ubi
1802 1992 1946 2027 autem
1980 1983 2105 2030 Deus

261 2065 352 2096 non
388 2049 566 2095 timetur
589 2082 603 2107 ,
639 2046 718 2094 nisi
754 2045 828 2095 ubi
863 2063 953 2095 non
986 2046 1047 2096 cst
1087 2044 1107 2095 ?
1154 2047 1245 2097 Ubi
1281 2052 1405 2112 Deus
1440 2065 1528 2097 non
1563 2048 1624 2097 est
1653 2083 1667 2107 ,
1701 2066 1780 2097 nec
1816 2051 1977 2099 veritas
2013 2052 2104 2103 ulla

262 2117 325 2167 est
364 2136 376 2165 t
427 2115 521 2167 Ubi
557 2118 718 2165 veritas
753 2117 873 2166 nulla
908 2116 972 2166 est
1006 2153 1020 2177 ‚
1067 2118 1227 2167 merito
1273 2122 1317 2167 &
1353 2113 1456 2167 talis
1491 2116 1725 2186 disciplina
1772 2118 1831 2168 est
1859 2154 1871 2165 .
1919 2126 1985 2170 At
2019 2122 2100 2173 ubi

261 2193 389 2237 Deus
417 2224 431 2248 ‚
467 2186 531 2235 ibi
567 2202 707 2235 metus
743 2188 788 2236 in
825 2191 973 2236 Deum
999 2223 1013 2250 ,
1050 2187 1111 2235 ibi
1148 2191 1342 2251 gravitas
1378 2188 1555 2238 honesta
1590 2225 1603 2248 ,
1639 2192 1682 2237 δε
1717 2187 1947 2253 diligentia
1982 2207 2100 2242 atto-

264 2261 358 2306 nita
386 2294 399 2317 ,
435 2261 477 2306 δε
510 2268 615 2306 ‘cura
650 2256 836 2309 sollicita
867 2293 882 2317 ,
915 2261 959 2306 &
995 2256 1186 2307 adlectio
1222 2260 1450 2326 explorata
1485 2295 1499 2319 ‚
1534 2263 1578 2308 &
1612 2262 1956 2311 communicatio
1990 2261 2098 2324 delia

262 2328 414 2378 berata
439 2363 452 2387 ,
488 2332 532 2377 &
567 2329 792 2395 promotio
826 2329 1007 2377 emerita
1033 2364 1047 2388 ,
1082 2332 1126 2377 δε
1159 2325 1366 2392 subjectio
1400 2327 1601 2392 religiosa
1637 2366 1650 2389 ‚
1687 2334 1731 2379 &
1767 2334 1988 2398 apparitio
2021 2332 2097 2381 de-

264 2415 371 2448 vota
395 2435 409 2460 ‚
444 2401 487 2447 &
522 2396 733 2465 proceffio
768 2398 959 2450 modesta
989 2435 1002 2459 ‚
1038 2402 1082 2447 &
1118 2399 1321 2474 Ecclesia·
1344 2400 1467 2449 unita
1490 2435 1504 2460 ,
1538 2403 1581 2448 &
1616 2402 1710 2450 Dei
1744 2404 1919 2451 omnia.
2061 2419 2063 2421 ’

452 2529 480 2573 S
516 2543 542 2575 C
579 2543 609 2574 H
645 2544 677 2575 0
713 2544 737 2573 L
773 2545 788 2573 1
824 2544 858 2574 0
892 2544 923 2574 N
943 2561 957 2574 ο
1214 2527 1479 2563 emerevoluerat
1492 2527 1647 2572 Spiritum
1659 2529 1827 2564 Sannum.
1856 2531 2098 2575 Etiamdeejus

1214 2577 1374 2621 discipulo
1386 2579 1584 2621 Carpocrate
1595 2579 1703 2615 scribit
1714 2580 1910 2623 Septimius:
1935 2586 2098 2624 Carpocra—
2113 2598 2186 2637 (Ἀρ,
2203 2607 2250 2636 3ς,

1213 2634 1256 2660 tes
1264 2632 1383 2669 pariter
1395 2631 1514 2672 Magus,
1526 2635 1642 2670 pariter
1653 2633 1859 2664 Fornicart'us.
1889 2631 1932 2666 Et
1943 2634 1978 2665 in
1992 2632 2098 2675 primo

1213 2685 1329 2711 contra
1349 2678 1559 2713 Marcionem
1571 2677 1655 2713 libro
1674 2678 1785 2713 scribit
1805 2680 1847 2713 de
1859 2681 2071 2714 Marcionitis
2084 2695 2095 2716 .-

300 2666 529 2712 commercia
553 2663 800 2714 haereticorum
832 2685 917 2713 cum
947 2669 1088 2733 Magis
1102 2704 1115 2716 .

1214 2731 1302 2759 Nam
1318 2729 1353 2760 δ’
1373 2726 1580 2760 Mathematici
1597 2728 1757 2768 plurimum
1777 2731 1979 2763 Marcionita.
2007 2728 2097 2765 Con-

2111 2713 2187 2752 Cap.
2204 2717 2250 2743 18.

361 2815 464 2851 Ostor
488 2817 580 2861 plura
599 2816 681 2851 dicit
701 2816 736 2850 in
758 2816 841 2852 libro
852 2816 892 2853 de
901 2817 1043 2854 Anima:
1075 2824 1150 2855 Ecce

386 2865 473 2901 bodie
482 2870 607 2900 simonis
628 2867 779 2902 baerettcos
791 2876 880 2902 tanta
899 2867 1091 2912 praesumptlo
1102 2883 1149 2904 ar-

232 2935 235 2938 ·
266 2922 305 2949 tt‘s
319 2917 435 2950 extollit
449 2943 457 2958 ,
484 2928 517 2951 ut
528 2922 619 2951 etiam
631 2916 845 2960 Prophetarum
854 2923 970 2951 animas
981 2919 1019 2952 ab
1039 2920 1149 2961 Inferts

114 3172 187 3208 Cap·
202 3178 248 3206 34-

267 2977 383 3000 movere
390 2965 424 3010 se
430 2965 599 3011 spondeat,
624 2968 751 3002 &credo
761 2974 833 3010 qula
852 2969 1001 3002 mendacta
1016 2969 1147 3013 possunt.

266 3017 329 3050 Per
340 3016 484 3052 Simonis
495 3017 660 3052 haereticos
670 3016 827 3062 intelligit
837 3030 953 3052 omnes
970 3019 1148 3062 cujuscum-

267 3078 330 3110 que
342 3068 494 3103 factionis
505 3067 682 3105 Gnosticos
696 3080 705 3100 t
730 3067 833 3114 Qod
844 3080 958 3102 omnes
969 3070 987 3103 ὲ
1004 3070 1149 3105 Simonis

266 3118 437 3161 disciplina
450 3118 658 3163 processerint
670 3142 681 3158 ,
706 3126 861 3159 tanquam
878 3118 970 3163 fungi
982 3129 1023 3152 ex
1035 3120 1147 3155 eadem

267 3178 424 3212 corruptae
445 3169 568 3203 arboris
588 3168 712 3202 radice.
741 3166 785 3200 Et
809 3168 939 3211 quidem
951 3168 1064 3202 Simon
1077 3172 1146 3213 post

267 3214 322 3249 fibi
335 3217 490 3253 inflistam
511 3221 528 3252 a
552 3217 669 3252 Sancto
681 3217 779 3255 Petro
793 3217 956 3260 Apostolo
967 3218 1149 3255 damnatio·

267 3275 345 3298 nem
365 3268 427 3302 fuit
454 3279 561 3303 tantus
588 3268 710 3310 ejeratae
732 3268 854 3311 Magiae
873 3269 1054 3312 resumptor
1074 3295 1085 3311 ,
1111 3281 1147 3305 ut

267 3315 434 3351 Helenam
458 3319 602 3363 Tyriam
624 3317 824 3364 meretricem
844 3316 885 3351 ad
913 3317 980 3360 ejus
1005 3321 1147 3364 comple-

267 3374 416 3401 mentum
426 3368 444 3402 ἐ
456 3368 636 3413 prostibulo
646 3369 760 3405 emerit
773 3367 835 3413 isto
848 3369 918 3413 ipso
929 3369 1032 3414 pretio
1044 3392 1053 3410 ,
1079 3381 1146 3414 quo

1214 2778 1309 2810 sonat
1319 2777 1455 2810 Sanetus
1467 2775 1602 2810 Irenaeus
1615 2801 1622 2808 .
1649 2775 1794 2810 Simonis
1804 2777 1955 2822 Magiam
1965 2791 2003 2814 ac
2015 2779 2098 2825 dog-

1213 2836 1299 2859 mata
1308 2825 1415 2869 ample
1437 2826 1592 2868 exponit,
1618 2836 1716 2870 atque
1730 2828 1928 2869 prosequitur
1949 2828 1990 2863 de
2000 2831 2095 2864 omni

1214 2876 1308 2918 ipsius
1317 2875 1494 2919 turpiffima
1507 2876 1662 2920 progenie
1672 2888 1684 2908 .·
1709 2875 1804 2920 Igitur
1813 2877 1916 2912 horum
1927 2879 2030 2920 mystici
2040 2883 2092 2914 Sa-
2111 2867 2171 2898 Lib·
2197 2871 2226 2898 ¹³

1211 2927 1342 2959 cerdores
1362 2925 1519 2959 libidinose*
1539 2926 1657 2967 quidem
1681 2932 1792 2960 vivunt
1811 2951 1822 2967 ,
1850 2931 1970 2973 Magius
1991 2939 2092 2965 autem
2109 2913 2171 2946 αρ’
2183 2917 2229 2939 '¹⁰'

1209 2975 1366 3018 perficiunt
1383 3000 1396 3016 ,
1420 2977 1665 3018 quemadmodum
1685 2976 1775 3017 potest
1795 2977 1990 3022 unusquisque
2018 2979 2092 3024 ipso·

1212 3037 1276 3058 rum
1289 3050 1296 3058 .
1325 3029 1478 3058 Amatoria
1490 3037 1602 3068 quoque
1611 3027 1645 3060 o·
1657 3029 1796 3071 Agogima
1806 3052 1816 3068 ‚
1843 3030 1878 3062 (τ
1887 3035 1940 3071 qut
1953 3031 2093 3064 dicuntur

1214 3076 1341 3114 Paredri
1353 3099 1365 3116 ‚
1389 3076 1423 3108 (tt
1442 3080 1652 3118 oniropompi‚
1678 3078 1714 3111 ἐν
1734 3088 1919 3121 quaecumque
1935 3078 2008 3121 sunt
2030 3082 2092 3114 alia

1208 3134 1359 3169 parerga,
1384 3126 1468 3166 apud
1485 3136 1532 3158 eos
1547 3125 1677 3165 studiose
1696 3137 1883 3162 exercentur.
1910 3129 1954 3164 Et
1979 3130 2011 3163 in
2025 3130 2093 3165 alio

1212 3174 1314 3208 libro:
1342 3177 1433 3217 Super
1454 3174 1518 3208 haec
1537 3184 1694 3219 arguentur
1716 3183 1769 3219 qui
1783 3176 1856 3221 fiant
1872 3181 1892 3211 ἃ
1913 3182 2029 3214 simone
2055 3182 2090 3215 o·
2110 3173 2173 3204 Lib·
2194 3179 2222 3202 ²³

1211 3230 1408 3266 carpocrate,
1434 3224 1503 3267 &fi
1518 3230 1571 3268 qui
1594 3227 1649 3259 altr·
1660 3231 1791 3261 virtutes
1801 3234 1918 3270 operar!
1927 3231 2090 3272 dicuntur,
2110 3223 2172 3254 αρ’
2185 3216 2231 3250 5⁶⁸

1213 3287 1269 3307 non
1291 3281 1323 3307 in
1335 3280 1448 3309 virtute
1458 3279 1533 3316 Dei,
1559 3286 1653 3318 neque
1670 3282 1702 3309 in
1716 3282 1844 3311 veritate
1855 3302 1868 3319 ,
1893 3290 1985 3323 neque
1999 3285 2032 3314 in
2048 3281 2094 3314 be-

1212 3325 1320 3367 neficiis
1340 3323 1505 3359 hominibus
1519 3325 1670 3366 facientes
1690 3339 1727 3361 ea
1735 3339 1805 3370 quae
1824 3328 1964 3369 faciunt,
1986 3331 2045 3373 sed
2058 3336 2092 3363 in

1206 3380 1370 3418 perniciem
1393 3377 1426 3409 (tt
1447 3386 1571 3410 errorem
1580 3384 1635 3418 per
1646 3382 1775 3420 magicas
1798 3377 1936 3420 illusiones
1948 3405 1958 3421 ,
1986 3382 2094 3412 &uni-

1222 3444 1225 3447 <
1954 3426 2044 3470 versa
