<?xml version="1.0" encoding="UTF-8"?>
<!DOCTYPE html PUBLIC "-//W3C//DTD XHTML 1.0 Transitional//EN"
    "http://www.w3.org/TR/xhtml1/DTD/xhtml1-transitional.dtd">
<html xmlns="http://www.w3.org/1999/xhtml" xml:lang="en" lang="en">
 <head>
  <title>
</title>
<meta http-equiv="Content-Type" content="text/html;charset=utf-8" />
  <meta name='ocr-system' content='tesseract 3.04.00' />
  <meta name='ocr-capabilities' content='ocr_page ocr_carea ocr_par ocr_line ocrx_word'/>
</head>
<body>
  <div class='ocr_page' id='page_1' title='image "./operaomniastudio09lupuuoft_0125.png"; bbox 0 0 2346 3724; ppageno 0'>
   <div class='ocr_carea' id='block_1_1' title="bbox 747 211 980 257">
    <p class='ocr_par' dir='ltr' id='par_1_1' title="bbox 747 211 980 257">
     <span class='ocr_line' id='line_1_1' title="bbox 747 211 980 257; baseline -0.013 0"><span class='ocrx_word' id='word_1_1' title='bbox 747 211 980 257; x_wconf 65' lang='lat' dir='ltr'>Car</span> 
     </span>
    </p>
   </div>
   <div class='ocr_carea' id='block_1_2' title="bbox 235 291 1140 1441">
    <p class='ocr_par' dir='ltr' id='par_1_2' title="bbox 235 291 1140 1441">
     <span class='ocr_line' id='line_1_2' title="bbox 238 291 1123 342; baseline -0.02 0"><span class='ocrx_word' id='word_1_2' title='bbox 238 305 407 342; x_wconf 70' lang='lat' dir='ltr'>sestertius.</span> <span class='ocrx_word' id='word_1_3' title='bbox 438 301 481 334; x_wconf 85' lang='lat' dir='ltr'>Et</span> <span class='ocrx_word' id='word_1_4' title='bbox 495 299 569 333; x_wconf 87' lang='lat' dir='ltr'>licet</span> <span class='ocrx_word' id='word_1_5' title='bbox 582 293 666 330; x_wconf 89' lang='lat' dir='ltr'>istud</span> <span class='ocrx_word' id='word_1_6' title='bbox 678 293 834 331; x_wconf 81' lang='lat' dir='ltr'>charisma</span> <span class='ocrx_word' id='word_1_7' title='bbox 844 293 909 340; x_wconf 80' lang='lat' dir='ltr'>jam</span> <span class='ocrx_word' id='word_1_8' title='bbox 924 291 1047 335; x_wconf 82' lang='lat' dir='ltr'>pridem</span> <span class='ocrx_word' id='word_1_9' title='bbox 1058 292 1123 329; x_wconf 82' lang='lat' dir='ltr'>ces-</span> 
     </span>
     <span class='ocr_line' id='line_1_3' title="bbox 235 342 1122 393; baseline -0.024 0"><span class='ocrx_word' id='word_1_10' title='bbox 235 358 280 393; x_wconf 86' lang='lat' dir='ltr'>set</span> <span class='ocrx_word' id='word_1_11' title='bbox 298 356 330 391; x_wconf 81' lang='lat' dir='ltr'>iu</span> <span class='ocrx_word' id='word_1_12' title='bbox 347 350 514 393; x_wconf 73' lang='lat' dir='ltr'>Ecclesiis‚</span> <span class='ocrx_word' id='word_1_13' title='bbox 542 349 623 383; x_wconf 69' lang='lat' dir='ltr'>faeta</span> <span class='ocrx_word' id='word_1_14' title='bbox 648 358 756 380; x_wconf 84' lang='lat' dir='ltr'>tamen</span> <span class='ocrx_word' id='word_1_15' title='bbox 771 355 826 388; x_wconf 88' lang='lat' dir='ltr'>per</span> <span class='ocrx_word' id='word_1_16' title='bbox 840 344 943 387; x_wconf 86' lang='lat' dir='ltr'>ipsum</span> <span class='ocrx_word' id='word_1_17' title='bbox 966 342 1122 383; x_wconf 82' lang='lat' dir='ltr'>interpre-</span> 
     </span>
     <span class='ocr_line' id='line_1_4' title="bbox 237 389 1125 446; baseline -0.016 -9"><span class='ocrx_word' id='word_1_18' title='bbox 237 405 319 444; x_wconf 73' lang='lat' dir='ltr'>tatio</span> <span class='ocrx_word' id='word_1_19' title='bbox 343 410 508 446; x_wconf 88' lang='lat' dir='ltr'>permanet</span> <span class='ocrx_word' id='word_1_20' title='bbox 533 399 566 431; x_wconf 93' lang='lat' dir='ltr'>in</span> <span class='ocrx_word' id='word_1_21' title='bbox 590 397 720 434; x_wconf 85' lang='lat' dir='ltr'>istarum</span> <span class='ocrx_word' id='word_1_22' title='bbox 747 394 896 430; x_wconf 86' lang='lat' dir='ltr'>thesauro</span> <span class='ocrx_word' id='word_1_23' title='bbox 924 417 930 428; x_wconf 74' lang='grc'>,</span> <span class='ocrx_word' id='word_1_24' title='bbox 960 392 1014 426; x_wconf 77' lang='lat' dir='ltr'>Est</span> <span class='ocrx_word' id='word_1_25' title='bbox 1040 389 1125 427; x_wconf 85' lang='lat' dir='ltr'>istud</span> 
     </span>
     <span class='ocr_line' id='line_1_5' title="bbox 238 442 1126 499; baseline -0.014 -11"><span class='ocrx_word' id='word_1_26' title='bbox 238 453 493 499; x_wconf 69' lang='lat' dir='ltr'>pretiosissimum</span> <span class='ocrx_word' id='word_1_27' title='bbox 508 449 704 491; x_wconf 84' lang='lat' dir='ltr'>Depositum</span> <span class='ocrx_word' id='word_1_28' title='bbox 719 471 728 487; x_wconf 88' lang='lat'>‚</span> <span class='ocrx_word' id='word_1_29' title='bbox 755 443 843 490; x_wconf 87' lang='lat' dir='ltr'>quod</span> <span class='ocrx_word' id='word_1_30' title='bbox 854 442 1043 476; x_wconf 85' lang='lat' dir='ltr'>Timotheo</span> <span class='ocrx_word' id='word_1_31' title='bbox 1066 453 1126 476; x_wconf 87' lang='lat' dir='ltr'>tra-</span> 
     </span>
     <span class='ocr_line' id='line_1_6' title="bbox 238 492 1125 548; baseline -0.019 -10"><span class='ocrx_word' id='word_1_32' title='bbox 238 505 323 543; x_wconf 81' lang='lat' dir='ltr'>didit</span> <span class='ocrx_word' id='word_1_33' title='bbox 349 504 435 538; x_wconf 88' lang='lat' dir='ltr'>idem</span> <span class='ocrx_word' id='word_1_34' title='bbox 459 500 602 539; x_wconf 80' lang='lat' dir='ltr'>Paulus,</span> <span class='ocrx_word' id='word_1_35' title='bbox 628 500 663 535; x_wconf 75' lang='grc' dir='ltr'>δε</span> <span class='ocrx_word' id='word_1_36' title='bbox 686 496 850 539; x_wconf 72' lang='lat' dir='ltr'>adjunxit:</span> <span class='ocrx_word' id='word_1_37' title='bbox 879 492 1016 535; x_wconf 80' lang='lat' dir='ltr'>Custodi,</span> <span class='ocrx_word' id='word_1_38' title='bbox 1046 492 1125 548; x_wconf 58' lang='lat' dir='ltr'>Hof:</span> 
     </span>
     <span class='ocr_line' id='line_1_7' title="bbox 239 543 1127 597; baseline -0.012 -9"><span class='ocrx_word' id='word_1_39' title='bbox 239 556 346 597; x_wconf 82' lang='lat' dir='ltr'>ipsum</span> <span class='ocrx_word' id='word_1_40' title='bbox 371 550 563 589; x_wconf 80' lang='lat' dir='ltr'>mandatum</span> <span class='ocrx_word' id='word_1_41' title='bbox 586 549 677 583; x_wconf 87' lang='lat' dir='ltr'>dedit</span> <span class='ocrx_word' id='word_1_42' title='bbox 703 548 736 583; x_wconf 68' lang='grc' dir='ltr'>ὅ(</span> <span class='ocrx_word' id='word_1_43' title='bbox 766 544 866 580; x_wconf 61' lang='lat' dir='ltr'>aliisi),</span> <span class='ocrx_word' id='word_1_44' title='bbox 889 545 920 581; x_wconf 78' lang='lat' dir='ltr'>se</span> <span class='ocrx_word' id='word_1_45' title='bbox 932 543 1127 579; x_wconf 81' lang='lat' dir='ltr'>consecratis</span> 
     </span>
     <span class='ocr_line' id='line_1_8' title="bbox 239 594 1127 648; baseline -0.016 -9"><span class='ocrx_word' id='word_1_46' title='bbox 239 604 432 648; x_wconf 84' lang='lat' dir='ltr'>Episcopis.</span> <span class='ocrx_word' id='word_1_47' title='bbox 462 602 571 634; x_wconf 87' lang='lat' dir='ltr'>Etiam</span> <span class='ocrx_word' id='word_1_48' title='bbox 597 595 880 638; x_wconf 63' lang='lat' dir='ltr'>SanctusPetrus,</span> <span class='ocrx_word' id='word_1_49' title='bbox 905 594 1028 639; x_wconf 85' lang='lat' dir='ltr'>aliique</span> <span class='ocrx_word' id='word_1_50' title='bbox 1050 603 1127 626; x_wconf 83' lang='lat' dir='ltr'>om-</span> 
     </span>
     <span class='ocr_line' id='line_1_9' title="bbox 240 645 1127 697; baseline -0.015 -8"><span class='ocrx_word' id='word_1_51' title='bbox 240 666 298 691; x_wconf 84' lang='lat' dir='ltr'>nes</span> <span class='ocrx_word' id='word_1_52' title='bbox 314 653 488 697; x_wconf 76' lang='lat' dir='ltr'>Apostoli.</span> <span class='ocrx_word' id='word_1_53' title='bbox 518 652 571 686; x_wconf 86' lang='lat' dir='ltr'>Sic</span> <span class='ocrx_word' id='word_1_54' title='bbox 587 652 676 687; x_wconf 78' lang='lat' dir='ltr'>venit</span> <span class='ocrx_word' id='word_1_55' title='bbox 688 647 728 685; x_wconf 85' lang='lat' dir='ltr'>ad</span> <span class='ocrx_word' id='word_1_56' title='bbox 744 648 860 680; x_wconf 86' lang='lat' dir='ltr'>horum</span> <span class='ocrx_word' id='word_1_57' title='bbox 889 645 1127 690; x_wconf 79' lang='lat' dir='ltr'>Episcoporum</span> 
     </span>
     <span class='ocr_line' id='line_1_10' title="bbox 241 693 1128 749; baseline -0.012 -12"><span class='ocrx_word' id='word_1_58' title='bbox 241 705 455 745; x_wconf 76' lang='lat' dir='ltr'>successore5‚</span> <span class='ocrx_word' id='word_1_59' title='bbox 481 703 514 738; x_wconf 89' lang='lat'>&amp;</span> <span class='ocrx_word' id='word_1_60' title='bbox 538 701 580 735; x_wconf 87' lang='lat' dir='ltr'>ab</span> <span class='ocrx_word' id='word_1_61' title='bbox 602 700 651 733; x_wconf 88' lang='lat' dir='ltr'>his</span> <span class='ocrx_word' id='word_1_62' title='bbox 663 698 796 733; x_wconf 87' lang='lat' dir='ltr'>tandem</span> <span class='ocrx_word' id='word_1_63' title='bbox 820 695 860 732; x_wconf 83' lang='lat' dir='ltr'>ad</span> <span class='ocrx_word' id='word_1_64' title='bbox 874 706 934 732; x_wconf 86' lang='lat' dir='ltr'>nos</span> <span class='ocrx_word' id='word_1_65' title='bbox 949 719 956 730; x_wconf 75' lang='lat'><strong>.</strong></span> <span class='ocrx_word' id='word_1_66' title='bbox 984 693 1128 749; x_wconf 67' lang='lat' dir='ltr'>Proinde</span> 
     </span>
     <span class='ocr_line' id='line_1_11' title="bbox 240 744 1130 795; baseline -0.016 -6"><span class='ocrx_word' id='word_1_67' title='bbox 240 755 272 794; x_wconf 64' lang='grc' dir='ltr'>ὅ(</span> <span class='ocrx_word' id='word_1_68' title='bbox 286 754 353 790; x_wconf 84' lang='lat' dir='ltr'>haec</span> <span class='ocrx_word' id='word_1_69' title='bbox 366 753 588 795; x_wconf 80' lang='lat' dir='ltr'>interpretatio</span> <span class='ocrx_word' id='word_1_70' title='bbox 601 750 645 787; x_wconf 85' lang='lat' dir='ltr'>est</span> <span class='ocrx_word' id='word_1_71' title='bbox 658 758 761 784; x_wconf 86' lang='lat' dir='ltr'>unum</span> <span class='ocrx_word' id='word_1_72' title='bbox 775 747 909 782; x_wconf 84' lang='lat' dir='ltr'>istorum</span> <span class='ocrx_word' id='word_1_73' title='bbox 923 771 935 786; x_wconf 87' lang='lat'>‚</span> <span class='ocrx_word' id='word_1_74' title='bbox 961 756 1032 788; x_wconf 84' lang='lat' dir='ltr'>quae</span> <span class='ocrx_word' id='word_1_75' title='bbox 1054 744 1130 786; x_wconf 71' lang='lat' dir='ltr'>Epr-</span> 
     </span>
     <span class='ocr_line' id='line_1_12' title="bbox 240 793 1130 851; baseline -0.015 -12"><span class='ocrx_word' id='word_1_76' title='bbox 240 807 412 848; x_wconf 88' lang='lat' dir='ltr'>scoporum</span> <span class='ocrx_word' id='word_1_77' title='bbox 426 804 573 849; x_wconf 81' lang='lat' dir='ltr'>legitima</span> <span class='ocrx_word' id='word_1_78' title='bbox 586 799 738 840; x_wconf 79' lang='lat' dir='ltr'>successio</span> <span class='ocrx_word' id='word_1_79' title='bbox 750 797 873 840; x_wconf 84' lang='lat' dir='ltr'>accepit</span> <span class='ocrx_word' id='word_1_80' title='bbox 888 796 929 829; x_wconf 87' lang='lat' dir='ltr'>ab</span> <span class='ocrx_word' id='word_1_81' title='bbox 941 796 969 829; x_wconf 83' lang='lat' dir='ltr'>A</span> <span class='ocrx_word' id='word_1_82' title='bbox 975 793 1110 851; x_wconf 79' lang='lat' dir='ltr'>postolis</span> <span class='ocrx_word' id='word_1_83' title='bbox 1121 818 1130 832; x_wconf 91' lang='lat'>‚</span> 
     </span>
     <span class='ocr_line' id='line_1_13' title="bbox 241 842 1130 900; baseline -0.016 -11"><span class='ocrx_word' id='word_1_84' title='bbox 241 855 399 898; x_wconf 77' lang='lat' dir='ltr'>Apostoli</span> <span class='ocrx_word' id='word_1_85' title='bbox 421 857 437 889; x_wconf 72' lang='lat' dir='ltr'>a</span> <span class='ocrx_word' id='word_1_86' title='bbox 460 851 619 890; x_wconf 82' lang='lat' dir='ltr'>Christo,</span> <span class='ocrx_word' id='word_1_87' title='bbox 647 848 796 884; x_wconf 85' lang='lat' dir='ltr'>Christus</span> <span class='ocrx_word' id='word_1_88' title='bbox 816 846 834 880; x_wconf 75' lang='grc' dir='ltr'>ὲ</span> <span class='ocrx_word' id='word_1_89' title='bbox 858 848 951 880; x_wconf 70' lang='lat' dir='ltr'>Deo,</span> <span class='ocrx_word' id='word_1_90' title='bbox 982 846 1027 880; x_wconf 89' lang='lat' dir='ltr'>Et</span> <span class='ocrx_word' id='word_1_91' title='bbox 1050 842 1130 900; x_wconf 74' lang='lat' dir='ltr'>hinc</span> 
     </span>
     <span class='ocr_line' id='line_1_14' title="bbox 242 894 1130 948; baseline -0.014 -10"><span class='ocrx_word' id='word_1_92' title='bbox 242 907 342 943; x_wconf 85' lang='lat' dir='ltr'>ritum</span> <span class='ocrx_word' id='word_1_93' title='bbox 358 930 368 945; x_wconf 92' lang='lat'><strong>,</strong></span> <span class='ocrx_word' id='word_1_94' title='bbox 394 904 450 948; x_wconf 88' lang='lat' dir='ltr'>qui</span> <span class='ocrx_word' id='word_1_95' title='bbox 478 898 705 937; x_wconf 83' lang='lat' dir='ltr'>consecrandis</span> <span class='ocrx_word' id='word_1_96' title='bbox 728 897 900 942; x_wconf 87' lang='lat' dir='ltr'>Episcopis</span> <span class='ocrx_word' id='word_1_97' title='bbox 912 896 1029 930; x_wconf 87' lang='lat' dir='ltr'>Divini</span> <span class='ocrx_word' id='word_1_98' title='bbox 1044 894 1130 927; x_wconf 80' lang='lat' dir='ltr'>verbs</span> 
     </span>
     <span class='ocr_line' id='line_1_15' title="bbox 243 943 1131 997; baseline -0.015 -9"><span class='ocrx_word' id='word_1_99' title='bbox 243 954 393 993; x_wconf 83' lang='lat' dir='ltr'>codicem</span> <span class='ocrx_word' id='word_1_100' title='bbox 408 949 508 997; x_wconf 44' lang='lat' dir='ltr'>‘ponit</span> <span class='ocrx_word' id='word_1_101' title='bbox 521 952 612 993; x_wconf 85' lang='lat' dir='ltr'>super</span> <span class='ocrx_word' id='word_1_102' title='bbox 622 959 719 993; x_wconf 82' lang='lat' dir='ltr'>caput</span> <span class='ocrx_word' id='word_1_103' title='bbox 729 973 739 988; x_wconf 89' lang='lat'>‚</span> <span class='ocrx_word' id='word_1_104' title='bbox 765 949 826 981; x_wconf 78' lang='lat' dir='ltr'>effe</span> <span class='ocrx_word' id='word_1_105' title='bbox 841 946 1071 990; x_wconf 80' lang='lat' dir='ltr'>Apostolicum</span> <span class='ocrx_word' id='word_1_106' title='bbox 1083 943 1131 976; x_wconf 90' lang='lat' dir='ltr'>In-</span> 
     </span>
     <span class='ocr_line' id='line_1_16' title="bbox 243 994 1134 1045; baseline -0.015 -6"><span class='ocrx_word' id='word_1_107' title='bbox 243 999 421 1045; x_wconf 46' lang='lat' dir='ltr'>stitutumj</span> <span class='ocrx_word' id='word_1_108' title='bbox 446 1003 526 1039; x_wconf 72' lang='lat' dir='ltr'>ret‘te</span> <span class='ocrx_word' id='word_1_109' title='bbox 539 1002 678 1035; x_wconf 86' lang='lat' dir='ltr'>affirmat</span> <span class='ocrx_word' id='word_1_110' title='bbox 693 999 847 1042; x_wconf 83' lang='lat' dir='ltr'>antiquus</span> <span class='ocrx_word' id='word_1_111' title='bbox 859 997 916 1033; x_wconf 76' lang='lat' dir='ltr'>ille</span> <span class='ocrx_word' id='word_1_112' title='bbox 941 1006 978 1031; x_wconf 90' lang='lat' dir='ltr'>ac</span> <span class='ocrx_word' id='word_1_113' title='bbox 988 994 1134 1029; x_wconf 87' lang='lat' dir='ltr'>eruditus</span> 
     </span>
     <span class='ocr_line' id='line_1_17' title="bbox 245 1044 1133 1099; baseline -0.014 -10"><span class='ocrx_word' id='word_1_114' title='bbox 245 1055 391 1099; x_wconf 85' lang='lat' dir='ltr'>Scriptor</span> <span class='ocrx_word' id='word_1_115' title='bbox 404 1078 415 1094; x_wconf 86' lang='lat'>,</span> <span class='ocrx_word' id='word_1_116' title='bbox 443 1053 500 1099; x_wconf 87' lang='lat' dir='ltr'>qui</span> <span class='ocrx_word' id='word_1_117' title='bbox 514 1051 623 1096; x_wconf 79' lang='lat' dir='ltr'>pasiim</span> <span class='ocrx_word' id='word_1_118' title='bbox 636 1048 777 1083; x_wconf 86' lang='lat' dir='ltr'>creditur</span> <span class='ocrx_word' id='word_1_119' title='bbox 788 1048 850 1083; x_wconf 78' lang='lat' dir='ltr'>effe</span> <span class='ocrx_word' id='word_1_120' title='bbox 861 1046 996 1083; x_wconf 62' lang='lat' dir='ltr'>,Sanctus</span> <span class='ocrx_word' id='word_1_121' title='bbox 1004 1044 1133 1087; x_wconf 87' lang='lat' dir='ltr'>Diony·</span> 
     </span>
     <span class='ocr_line' id='line_1_18' title="bbox 244 1096 1135 1152; baseline -0.018 -10"><span class='ocrx_word' id='word_1_122' title='bbox 244 1104 304 1142; x_wconf 75' lang='lat' dir='ltr'>sius</span> <span class='ocrx_word' id='word_1_123' title='bbox 319 1103 539 1152; x_wconf 79' lang='lat' dir='ltr'>Areopagita.</span> <span class='ocrx_word' id='word_1_124' title='bbox 572 1099 681 1134; x_wconf 88' lang='lat' dir='ltr'>Edicit</span> <span class='ocrx_word' id='word_1_125' title='bbox 693 1109 746 1141; x_wconf 86' lang='lat' dir='ltr'>per</span> <span class='ocrx_word' id='word_1_126' title='bbox 770 1096 997 1140; x_wconf 83' lang='lat' dir='ltr'>Episcopalem</span> <span class='ocrx_word' id='word_1_127' title='bbox 1018 1096 1135 1130; x_wconf 73' lang='lat' dir='ltr'>conse-</span> 
     </span>
     <span class='ocr_line' id='line_1_19' title="bbox 244 1147 1135 1194; baseline -0.01 -7"><span class='ocrx_word' id='word_1_128' title='bbox 244 1155 427 1194; x_wconf 65' lang='lat' dir='ltr'>orationem</span> <span class='ocrx_word' id='word_1_129' title='bbox 442 1153 474 1186; x_wconf 91' lang='lat' dir='ltr'>in</span> <span class='ocrx_word' id='word_1_130' title='bbox 488 1151 572 1194; x_wconf 67' lang='lat' dir='ltr'>ipsos</span> <span class='ocrx_word' id='word_1_131' title='bbox 585 1150 710 1185; x_wconf 78' lang='lat' dir='ltr'>traduci</span> <span class='ocrx_word' id='word_1_132' title='bbox 726 1148 911 1192; x_wconf 86' lang='lat' dir='ltr'>legitimum</span> <span class='ocrx_word' id='word_1_133' title='bbox 925 1147 1021 1188; x_wconf 63' lang='lat' dir='ltr'>rectar-</span> <span class='ocrx_word' id='word_1_134' title='bbox 1032 1147 1135 1181; x_wconf 85' lang='lat' dir='ltr'>inter-</span> 
     </span>
     <span class='ocr_line' id='line_1_20' title="bbox 244 1196 1135 1249; baseline -0.009 -12"><span class='ocrx_word' id='word_1_135' title='bbox 244 1204 439 1247; x_wconf 80' lang='lat' dir='ltr'>pretationis</span> <span class='ocrx_word' id='word_1_136' title='bbox 450 1203 579 1237; x_wconf 89' lang='lat' dir='ltr'>donum</span> <span class='ocrx_word' id='word_1_137' title='bbox 590 1225 597 1234; x_wconf 85' lang='lat'><em>.</em></span> <span class='ocrx_word' id='word_1_138' title='bbox 625 1200 728 1249; x_wconf 84' lang='lat' dir='ltr'>Qod</span> <span class='ocrx_word' id='word_1_139' title='bbox 740 1198 780 1234; x_wconf 87' lang='lat' dir='ltr'>ad</span> <span class='ocrx_word' id='word_1_140' title='bbox 796 1196 880 1233; x_wconf 83' lang='lat' dir='ltr'>istud</span> <span class='ocrx_word' id='word_1_141' title='bbox 891 1196 991 1233; x_wconf 79' lang='lat' dir='ltr'>etiam</span> <span class='ocrx_word' id='word_1_142' title='bbox 1001 1211 1004 1213; x_wconf 96' lang='lat'>·</span> <span class='ocrx_word' id='word_1_143' title='bbox 1013 1207 1066 1241; x_wconf 86' lang='lat' dir='ltr'>per</span> <span class='ocrx_word' id='word_1_144' title='bbox 1092 1197 1135 1229; x_wconf 87' lang='lat' dir='ltr'>sa·</span> 
     </span>
     <span class='ocr_line' id='line_1_21' title="bbox 244 1249 1138 1295; baseline -0.009 -8"><span class='ocrx_word' id='word_1_145' title='bbox 244 1255 463 1292; x_wconf 65' lang='lat' dir='ltr'>cro-sanctum</span> <span class='ocrx_word' id='word_1_146' title='bbox 487 1249 762 1295; x_wconf 77' lang='lat' dir='ltr'>Regenerationis</span> <span class='ocrx_word' id='word_1_147' title='bbox 782 1249 1028 1283; x_wconf 81' lang='lat' dir='ltr'>Sacramentum</span> <span class='ocrx_word' id='word_1_148' title='bbox 1052 1257 1138 1289; x_wconf 85' lang='lat' dir='ltr'>pare·</span> 
     </span>
     <span class='ocr_line' id='line_1_22' title="bbox 245 1296 1139 1342; baseline -0.011 -4"><span class='ocrx_word' id='word_1_149' title='bbox 245 1315 319 1342; x_wconf 83' lang='lat' dir='ltr'>mut</span> <span class='ocrx_word' id='word_1_150' title='bbox 347 1316 383 1337; x_wconf 89' lang='lat' dir='ltr'>ac</span> <span class='ocrx_word' id='word_1_151' title='bbox 398 1302 604 1341; x_wconf 83' lang='lat' dir='ltr'>imbuamur,</span> <span class='ocrx_word' id='word_1_152' title='bbox 633 1301 772 1336; x_wconf 85' lang='lat' dir='ltr'>affirmat</span> <span class='ocrx_word' id='word_1_153' title='bbox 783 1298 871 1340; x_wconf 86' lang='lat' dir='ltr'>apud</span> <span class='ocrx_word' id='word_1_154' title='bbox 882 1297 1031 1334; x_wconf 61' lang='lat' dir='ltr'>Sanitium</span> <span class='ocrx_word' id='word_1_155' title='bbox 1044 1296 1139 1339; x_wconf 80' lang='lat' dir='ltr'>Joan·</span> 
     </span>
     <span class='ocr_line' id='line_1_23' title="bbox 245 1345 1138 1393; baseline -0.008 -7"><span class='ocrx_word' id='word_1_156' title='bbox 245 1365 322 1387; x_wconf 88' lang='lat' dir='ltr'>nem</span> <span class='ocrx_word' id='word_1_157' title='bbox 348 1350 622 1393; x_wconf 75' lang='lat' dir='ltr'>,Chrysostomurn</span> <span class='ocrx_word' id='word_1_158' title='bbox 644 1351 757 1385; x_wconf 62' lang='lat' dir='ltr'>audior</span> <span class='ocrx_word' id='word_1_159' title='bbox 781 1347 1077 1391; x_wconf 63' lang='lat' dir='ltr'>operisimperfedti</span> <span class='ocrx_word' id='word_1_160' title='bbox 1104 1345 1138 1379; x_wconf 91' lang='lat' dir='ltr'>in</span> 
     </span>
     <span class='ocr_line' id='line_1_24' title="bbox 246 1396 1140 1441; baseline -0.01 -4"><span class='ocrx_word' id='word_1_161' title='bbox 246 1403 400 1437; x_wconf 64' lang='lat' dir='ltr'>sanctum</span> <span class='ocrx_word' id='word_1_162' title='bbox 411 1401 627 1435; x_wconf 76' lang='lat' dir='ltr'>Matthaeum.</span> <span class='ocrx_word' id='word_1_163' title='bbox 658 1399 822 1441; x_wconf 81' lang='lat' dir='ltr'>Baptistna</span> <span class='ocrx_word' id='word_1_164' title='bbox 834 1397 923 1432; x_wconf 87' lang='lat' dir='ltr'>enim</span> <span class='ocrx_word' id='word_1_165' title='bbox 937 1396 982 1431; x_wconf 89' lang='lat' dir='ltr'>est</span> <span class='ocrx_word' id='word_1_166' title='bbox 1005 1396 1140 1434; x_wconf 70' lang='lat' dir='ltr'>unctio,</span> 
     </span>
    </p>
   </div>
   <div class='ocr_carea' id='block_1_3' title="bbox 1052 220 1070 248">
    <p class='ocr_par' dir='ltr' id='par_1_3' title="bbox 1052 220 1070 248">
     <span class='ocr_line' id='line_1_25' title="bbox 1052 220 1070 248; baseline 0 0"><span class='ocrx_word' id='word_1_167' title='bbox 1052 220 1070 248; x_wconf 87' lang='grc' dir='ltr'>Ι</span> 
     </span>
    </p>
   </div>
   <div class='ocr_carea' id='block_1_4' title="bbox 112 1377 228 1415">
    <p class='ocr_par' dir='ltr' id='par_1_4' title="bbox 112 1377 228 1415">
     <span class='ocr_line' id='line_1_26' title="bbox 112 1377 228 1415; baseline 0.017 -7"><span class='ocrx_word' id='word_1_168' title='bbox 112 1377 228 1415; x_wconf 51' lang='lat' dir='ltr'>iol-30»</span> 
     </span>
    </p>
   </div>
   <div class='ocr_carea' id='block_1_5' title="bbox 123 1446 1155 3449">
    <p class='ocr_par' dir='ltr' id='par_1_5' title="bbox 246 1446 1140 1688">
     <span class='ocr_line' id='line_1_27' title="bbox 246 1446 1140 1495; baseline -0.007 -10"><span class='ocrx_word' id='word_1_169' title='bbox 246 1454 265 1489; x_wconf 71' lang='grc' dir='ltr'>ὲ</span> <span class='ocrx_word' id='word_1_170' title='bbox 279 1463 343 1495; x_wconf 80' lang='lat' dir='ltr'>qua</span> <span class='ocrx_word' id='word_1_171' title='bbox 355 1462 416 1485; x_wconf 86' lang='lat' dir='ltr'>nos</span> <span class='ocrx_word' id='word_1_172' title='bbox 430 1450 541 1484; x_wconf 91' lang='lat' dir='ltr'>doceri</span> <span class='ocrx_word' id='word_1_173' title='bbox 555 1448 666 1483; x_wconf 83' lang='lat' dir='ltr'>scribit</span> <span class='ocrx_word' id='word_1_174' title='bbox 679 1449 814 1482; x_wconf 68' lang='lat' dir='ltr'>sanstus</span> <span class='ocrx_word' id='word_1_175' title='bbox 830 1448 975 1489; x_wconf 89' lang='lat' dir='ltr'>Joannes</span> <span class='ocrx_word' id='word_1_176' title='bbox 998 1446 1140 1488; x_wconf 81' lang='lat' dir='ltr'>Aposto-</span> 
     </span>
     <span class='ocr_line' id='line_1_28' title="bbox 246 1494 1140 1538; baseline -0.009 -3"><span class='ocrx_word' id='word_1_177' title='bbox 246 1503 316 1538; x_wconf 64' lang='grc' dir='ltr'>1ος,Δ</span> <span class='ocrx_word' id='word_1_178' title='bbox 343 1502 388 1535; x_wconf 89' lang='lat' dir='ltr'>Et</span> <span class='ocrx_word' id='word_1_179' title='bbox 398 1510 439 1533; x_wconf 86' lang='lat' dir='ltr'>ex</span> <span class='ocrx_word' id='word_1_180' title='bbox 452 1499 515 1531; x_wconf 83' lang='lat' dir='ltr'>hoc</span> <span class='ocrx_word' id='word_1_181' title='bbox 528 1499 623 1531; x_wconf 84' lang='lat' dir='ltr'>fonte</span> <span class='ocrx_word' id='word_1_182' title='bbox 635 1497 726 1530; x_wconf 80' lang='lat' dir='ltr'>ven&#39;it</span> <span class='ocrx_word' id='word_1_183' title='bbox 746 1506 899 1538; x_wconf 85' lang='lat' dir='ltr'>perpetua</span> <span class='ocrx_word' id='word_1_184' title='bbox 926 1494 1072 1529; x_wconf 71' lang='lat' dir='ltr'>Ecclesiae</span> <span class='ocrx_word' id='word_1_185' title='bbox 1097 1506 1140 1530; x_wconf 84' lang='lat' dir='ltr'>re-</span> 
     </span>
     <span class='ocr_line' id='line_1_29' title="bbox 247 1542 1140 1598; baseline -0.011 -13"><span class='ocrx_word' id='word_1_186' title='bbox 247 1552 349 1598; x_wconf 82' lang='lat' dir='ltr'>gula,</span> <span class='ocrx_word' id='word_1_187' title='bbox 375 1548 566 1594; x_wconf 69' lang='lat' dir='ltr'>rigidissime</span> <span class='ocrx_word' id='word_1_188' title='bbox 576 1546 735 1581; x_wconf 80' lang='lat' dir='ltr'>mandans</span> <span class='ocrx_word' id='word_1_189' title='bbox 749 1544 982 1581; x_wconf 87' lang='lat' dir='ltr'>sacraslittcras</span> <span class='ocrx_word' id='word_1_190' title='bbox 1004 1542 1046 1577; x_wconf 83' lang='lat' dir='ltr'>ab</span> <span class='ocrx_word' id='word_1_191' title='bbox 1071 1553 1140 1577; x_wconf 88' lang='lat' dir='ltr'>om-</span> 
     </span>
     <span class='ocr_line' id='line_1_30' title="bbox 248 1592 1140 1646; baseline -0.01 -11"><span class='ocrx_word' id='word_1_192' title='bbox 248 1601 346 1637; x_wconf 84' lang='lat' dir='ltr'>nibus</span> <span class='ocrx_word' id='word_1_193' title='bbox 367 1600 508 1646; x_wconf 82' lang='lat' dir='ltr'>intelligi</span> <span class='ocrx_word' id='word_1_194' title='bbox 536 1607 635 1644; x_wconf 86' lang='lat' dir='ltr'>atque</span> <span class='ocrx_word' id='word_1_195' title='bbox 661 1596 786 1640; x_wconf 83' lang='lat' dir='ltr'>exponi</span> <span class='ocrx_word' id='word_1_196' title='bbox 807 1595 900 1639; x_wconf 82' lang='lat' dir='ltr'>juxta</span> <span class='ocrx_word' id='word_1_197' title='bbox 927 1592 1140 1630; x_wconf 80' lang='lat' dir='ltr'>traditionem</span> 
     </span>
     <span class='ocr_line' id='line_1_31' title="bbox 248 1651 409 1688; baseline -0.012 0"><span class='ocrx_word' id='word_1_198' title='bbox 248 1651 387 1688; x_wconf 84' lang='lat' dir='ltr'>Patrum</span> <span class='ocrx_word' id='word_1_199' title='bbox 401 1676 409 1686; x_wconf 81' lang='grc'><strong>.</strong></span> 
     </span>
    </p>

    <p class='ocr_par' dir='ltr' id='par_1_6' title="bbox 123 1694 1155 3297">
     <span class='ocr_line' id='line_1_32' title="bbox 299 1694 1140 1735; baseline -0.01 0"><span class='ocrx_word' id='word_1_200' title='bbox 299 1702 394 1735; x_wconf 90' lang='lat' dir='ltr'>Hinc</span> <span class='ocrx_word' id='word_1_201' title='bbox 418 1701 552 1735; x_wconf 69' lang='lat' dir='ltr'>Sanetus</span> <span class='ocrx_word' id='word_1_202' title='bbox 574 1698 710 1732; x_wconf 82' lang='lat' dir='ltr'>lrenaeus</span> <span class='ocrx_word' id='word_1_203' title='bbox 733 1696 818 1732; x_wconf 84' lang='lat' dir='ltr'>inter</span> <span class='ocrx_word' id='word_1_204' title='bbox 839 1695 942 1731; x_wconf 84' lang='lat' dir='ltr'>varias</span> <span class='ocrx_word' id='word_1_205' title='bbox 963 1706 1041 1730; x_wconf 69' lang='lat' dir='ltr'>verz</span> <span class='ocrx_word' id='word_1_206' title='bbox 1066 1694 1140 1728; x_wconf 87' lang='lat' dir='ltr'>fidei</span> 
     </span>
     <span class='ocr_line' id='line_1_33' title="bbox 251 1744 1133 1791; baseline -0.009 -5"><span class='ocrx_word' id='word_1_207' title='bbox 251 1762 348 1789; x_wconf 85' lang='lat' dir='ltr'>notas</span> <span class='ocrx_word' id='word_1_208' title='bbox 375 1763 412 1784; x_wconf 89' lang='lat' dir='ltr'>ae</span> <span class='ocrx_word' id='word_1_209' title='bbox 425 1750 575 1784; x_wconf 82' lang='lat' dir='ltr'>Ecclesiae</span> <span class='ocrx_word' id='word_1_210' title='bbox 587 1749 803 1785; x_wconf 84' lang='lat' dir='ltr'>fundamenta</span> <span class='ocrx_word' id='word_1_211' title='bbox 816 1747 916 1791; x_wconf 63' lang='lat' dir='ltr'>ponit*</span> <span class='ocrx_word' id='word_1_212' title='bbox 936 1747 970 1783; x_wconf 72' lang='lat' dir='ltr'>&lt;Sc</span> <span class='ocrx_word' id='word_1_213' title='bbox 983 1744 1069 1780; x_wconf 88' lang='lat' dir='ltr'>hoc:</span> <span class='ocrx_word' id='word_1_214' title='bbox 1097 1747 1133 1778; x_wconf 87' lang='lat' dir='ltr'>se</span> 
     </span>
     <span class='ocr_line' id='line_1_34' title="bbox 249 1795 1143 1844; baseline -0.012 -6"><span class='ocrx_word' id='word_1_215' title='bbox 249 1803 379 1839; x_wconf 59' lang='lat' dir='ltr'>cundum</span> <span class='ocrx_word' id='word_1_216' title='bbox 394 1803 564 1841; x_wconf 72' lang='lat' dir='ltr'>scripturas</span> <span class='ocrx_word' id='word_1_217' title='bbox 577 1797 714 1841; x_wconf 74' lang='lat' dir='ltr'>expofitto</span> <span class='ocrx_word' id='word_1_218' title='bbox 726 1801 862 1844; x_wconf 80' lang='lat' dir='ltr'>legitima</span> <span class='ocrx_word' id='word_1_219' title='bbox 881 1799 916 1831; x_wconf 65' lang='grc' dir='ltr'><strong><em>Θ</em></strong></span> <span class='ocrx_word' id='word_1_220' title='bbox 925 1797 1053 1840; x_wconf 81' lang='lat' dir='ltr'>diligens</span> <span class='ocrx_word' id='word_1_221' title='bbox 1066 1820 1073 1829; x_wconf 83' lang='grc'><em>.</em></span> <span class='ocrx_word' id='word_1_222' title='bbox 1102 1795 1143 1830; x_wconf 84' lang='lat' dir='ltr'>Et</span> 
     </span>
     <span class='ocr_line' id='line_1_35' title="bbox 250 1845 1145 1899; baseline -0.01 -12"><span class='ocrx_word' id='word_1_223' title='bbox 250 1852 383 1899; x_wconf 89' lang='lat' dir='ltr'>quidem</span> <span class='ocrx_word' id='word_1_224' title='bbox 405 1851 586 1892; x_wconf 78' lang='lat' dir='ltr'>expolitio,</span> <span class='ocrx_word' id='word_1_225' title='bbox 613 1860 683 1891; x_wconf 81' lang='lat' dir='ltr'>quae</span> <span class='ocrx_word' id='word_1_226' title='bbox 706 1849 742 1884; x_wconf 85' lang='lat' dir='ltr'>sit</span> <span class='ocrx_word' id='word_1_227' title='bbox 761 1847 957 1891; x_wconf 81' lang='lat' dir='ltr'>Apostolica</span> <span class='ocrx_word' id='word_1_228' title='bbox 975 1845 1121 1882; x_wconf 74' lang='lat' dir='ltr'>doctrina</span> <span class='ocrx_word' id='word_1_229' title='bbox 1134 1869 1145 1885; x_wconf 88' lang='lat'>‚</span> 
     </span>
     <span class='ocr_line' id='line_1_36' title="bbox 250 1894 1143 1939; baseline -0.01 -2"><span class='ocrx_word' id='word_1_230' title='bbox 250 1905 335 1939; x_wconf 82' lang='lat' dir='ltr'>bene</span> <span class='ocrx_word' id='word_1_231' title='bbox 356 1902 519 1938; x_wconf 82' lang='lat' dir='ltr'>custodita</span> <span class='ocrx_word' id='word_1_232' title='bbox 542 1898 584 1931; x_wconf 90' lang='lat' dir='ltr'>ab</span> <span class='ocrx_word' id='word_1_233' title='bbox 598 1897 752 1934; x_wconf 76' lang='lat' dir='ltr'>Ecclesiis</span> <span class='ocrx_word' id='word_1_234' title='bbox 765 1898 780 1937; x_wconf 81' lang='grc'>,’</span> <span class='ocrx_word' id='word_1_235' title='bbox 801 1898 835 1933; x_wconf 87' lang='lat'>&amp;</span> <span class='ocrx_word' id='word_1_236' title='bbox 855 1897 895 1931; x_wconf 88' lang='lat' dir='ltr'>ad</span> <span class='ocrx_word' id='word_1_237' title='bbox 918 1907 980 1931; x_wconf 83' lang='lat' dir='ltr'>nos</span> <span class='ocrx_word' id='word_1_238' title='bbox 1000 1894 1143 1931; x_wconf 66' lang='lat' dir='ltr'>traducta</span> 
     </span>
     <span class='ocr_line' id='line_1_37' title="bbox 249 1945 1144 2000; baseline -0.011 -12"><span class='ocrx_word' id='word_1_239' title='bbox 249 1965 306 2000; x_wconf 84' lang='lat' dir='ltr'>per</span> <span class='ocrx_word' id='word_1_240' title='bbox 318 1949 500 1996; x_wconf 83' lang='lat' dir='ltr'>legitimam</span> <span class='ocrx_word' id='word_1_241' title='bbox 514 1948 747 1984; x_wconf 69' lang='lat' dir='ltr'>successionem</span> <span class='ocrx_word' id='word_1_242' title='bbox 762 1947 1002 1990; x_wconf 85' lang='lat' dir='ltr'>Episcoporum</span> <span class='ocrx_word' id='word_1_243' title='bbox 1013 1971 1020 1980; x_wconf 94' lang='lat'><em>.</em></span> <span class='ocrx_word' id='word_1_244' title='bbox 1049 1946 1095 1980; x_wconf 83' lang='lat' dir='ltr'>Et</span> <span class='ocrx_word' id='word_1_245' title='bbox 1111 1945 1144 1978; x_wconf 89' lang='lat' dir='ltr'>in</span> 
     </span>
     <span class='ocr_line' id='line_1_38' title="bbox 249 1994 1145 2044; baseline -0.013 -5"><span class='ocrx_word' id='word_1_246' title='bbox 249 2004 338 2039; x_wconf 86' lang='lat' dir='ltr'>libro</span> <span class='ocrx_word' id='word_1_247' title='bbox 349 2003 390 2036; x_wconf 91' lang='lat' dir='ltr'>de</span> <span class='ocrx_word' id='word_1_248' title='bbox 406 1999 567 2044; x_wconf 85' lang='lat' dir='ltr'>pudicitia</span> <span class='ocrx_word' id='word_1_249' title='bbox 579 1997 834 2031; x_wconf 81' lang='lat' dir='ltr'>Tertullianus:</span> <span class='ocrx_word' id='word_1_250' title='bbox 862 1998 1057 2031; x_wconf 81' lang='lat' dir='ltr'>Malumusin</span> <span class='ocrx_word' id='word_1_251' title='bbox 1072 1994 1145 2038; x_wconf 81' lang='lat' dir='ltr'>scri-</span> 
     </span>
     <span class='ocr_line' id='line_1_39' title="bbox 246 2047 1146 2100; baseline -0.008 -15"><span class='ocrx_word' id='word_1_252' title='bbox 246 2055 350 2100; x_wconf 79' lang='lat' dir='ltr'>pturis</span> <span class='ocrx_word' id='word_1_253' title='bbox 363 2052 461 2083; x_wconf 70' lang='lat' dir='ltr'>minus</span> <span class='ocrx_word' id='word_1_254' title='bbox 475 2074 484 2087; x_wconf 94' lang='lat'>,</span> <span class='ocrx_word' id='word_1_255' title='bbox 507 2048 621 2090; x_wconf 74' lang='lat' dir='ltr'>fiforte?</span> <span class='ocrx_word' id='word_1_256' title='bbox 631 2073 641 2087; x_wconf 89' lang='lat'>,</span> <span class='ocrx_word' id='word_1_257' title='bbox 662 2047 767 2090; x_wconf 80' lang='lat' dir='ltr'>sapere</span> <span class='ocrx_word' id='word_1_258' title='bbox 779 2071 790 2087; x_wconf 91' lang='lat'>‚</span> <span class='ocrx_word' id='word_1_259' title='bbox 820 2048 913 2089; x_wconf 73' lang='lat' dir='ltr'>quam</span> <span class='ocrx_word' id='word_1_260' title='bbox 922 2056 1026 2081; x_wconf 86' lang='lat' dir='ltr'>contra</span> <span class='ocrx_word' id='word_1_261' title='bbox 1039 2072 1046 2081; x_wconf 81' lang='grc'>,</span> <span class='ocrx_word' id='word_1_262' title='bbox 1075 2049 1146 2079; x_wconf 86' lang='lat' dir='ltr'>Pro-</span> 
     </span>
     <span class='ocr_line' id='line_1_40' title="bbox 251 2096 1145 2144; baseline -0.011 -6"><span class='ocrx_word' id='word_1_263' title='bbox 251 2098 451 2144; x_wconf 69' lang='lat' dir='ltr'>indefensum</span> <span class='ocrx_word' id='word_1_264' title='bbox 464 2103 583 2131; x_wconf 79' lang='lat' dir='ltr'>Domini</span> <span class='ocrx_word' id='word_1_265' title='bbox 604 2097 743 2133; x_wconf 56' lang='lat' dir='ltr'>sutoriae</span> <span class='ocrx_word' id='word_1_266' title='bbox 766 2096 904 2130; x_wconf 84' lang='lat' dir='ltr'>debemus</span> <span class='ocrx_word' id='word_1_267' title='bbox 918 2120 930 2136; x_wconf 82' lang='lat'>,</span> <span class='ocrx_word' id='word_1_268' title='bbox 953 2104 1045 2138; x_wconf 85' lang='lat' dir='ltr'>atque</span> <span class='ocrx_word' id='word_1_269' title='bbox 1064 2104 1145 2139; x_wconf 81' lang='lat' dir='ltr'>prae-</span> 
     </span>
     <span class='ocr_line' id='line_1_41' title="bbox 252 2146 1146 2196; baseline -0.007 -10"><span class='ocrx_word' id='word_1_270' title='bbox 252 2161 379 2196; x_wconf 78' lang='lat' dir='ltr'>ceptum.</span> <span class='ocrx_word' id='word_1_271' title='bbox 409 2154 480 2183; x_wconf 86' lang='lat' dir='ltr'>Non</span> <span class='ocrx_word' id='word_1_272' title='bbox 493 2148 635 2190; x_wconf 78' lang='lat' dir='ltr'>estlev10r</span> <span class='ocrx_word' id='word_1_273' title='bbox 647 2146 822 2191; x_wconf 68' lang='lat' dir='ltr'>transsrffo</span> <span class='ocrx_word' id='word_1_274' title='bbox 834 2151 868 2179; x_wconf 73' lang='lat' dir='ltr'>in</span> <span class='ocrx_word' id='word_1_275' title='bbox 878 2151 1124 2191; x_wconf 75' lang='lat' dir='ltr'>interpretatione</span> <span class='ocrx_word' id='word_1_276' title='bbox 1137 2172 1146 2186; x_wconf 93' lang='lat'>,</span> 
     </span>
     <span class='ocr_line' id='line_1_42' title="bbox 253 2196 1147 2247; baseline -0.01 -11"><span class='ocrx_word' id='word_1_277' title='bbox 253 2214 344 2247; x_wconf 82' lang='lat' dir='ltr'>quam</span> <span class='ocrx_word' id='word_1_278' title='bbox 356 2204 389 2237; x_wconf 75' lang='lat' dir='ltr'>in</span> <span class='ocrx_word' id='word_1_279' title='bbox 398 2197 636 2242; x_wconf 78' lang='lat' dir='ltr'>conversatione.</span> <span class='ocrx_word' id='word_1_280' title='bbox 668 2199 709 2231; x_wconf 88' lang='lat' dir='ltr'>Et</span> <span class='ocrx_word' id='word_1_281' title='bbox 724 2200 756 2230; x_wconf 84' lang='lat' dir='ltr'>in</span> <span class='ocrx_word' id='word_1_282' title='bbox 771 2197 973 2238; x_wconf 74' lang='lat' dir='ltr'>Apostolicae</span> <span class='ocrx_word' id='word_1_283' title='bbox 993 2197 1032 2229; x_wconf 89' lang='lat' dir='ltr'>ad</span> <span class='ocrx_word' id='word_1_284' title='bbox 1052 2196 1147 2228; x_wconf 88' lang='lat' dir='ltr'>Gala-</span> 
     </span>
     <span class='ocr_line' id='line_1_43' title="bbox 252 2247 1145 2296; baseline -0.015 -8"><span class='ocrx_word' id='word_1_285' title='bbox 252 2263 302 2288; x_wconf 82' lang='lat' dir='ltr'>tas</span> <span class='ocrx_word' id='word_1_286' title='bbox 312 2251 455 2296; x_wconf 73' lang='lat' dir='ltr'>epistolae</span> <span class='ocrx_word' id='word_1_287' title='bbox 466 2247 714 2283; x_wconf 84' lang='lat' dir='ltr'>commentariis</span> <span class='ocrx_word' id='word_1_288' title='bbox 734 2248 869 2280; x_wconf 65' lang='lat' dir='ltr'>Sanctus</span> <span class='ocrx_word' id='word_1_289' title='bbox 895 2247 1122 2287; x_wconf 81' lang='lat' dir='ltr'>Hieronymus</span> <span class='ocrx_word' id='word_1_290' title='bbox 1141 2258 1145 2274; x_wconf 83' lang='lat' dir='ltr'>z</span> 
     </span>
     <span class='ocr_line' id='line_1_44' title="bbox 254 2292 1148 2347; baseline -0.011 -11"><span class='ocrx_word' id='word_1_291' title='bbox 254 2307 442 2347; x_wconf 71' lang='lat' dir='ltr'>,Quicumque</span> <span class='ocrx_word' id='word_1_292' title='bbox 465 2300 553 2333; x_wconf 83' lang='lat' dir='ltr'>aliter</span> <span class='ocrx_word' id='word_1_293' title='bbox 574 2299 759 2338; x_wconf 76' lang='lat' dir='ltr'>scripturam</span> <span class='ocrx_word' id='word_1_294' title='bbox 779 2292 917 2338; x_wconf 79' lang='lat' dir='ltr'>intelligit</span> <span class='ocrx_word' id='word_1_295' title='bbox 930 2319 941 2336; x_wconf 85' lang='lat'>,</span> <span class='ocrx_word' id='word_1_296' title='bbox 966 2297 1060 2338; x_wconf 73' lang='lat' dir='ltr'>quam</span> <span class='ocrx_word' id='word_1_297' title='bbox 1073 2292 1148 2338; x_wconf 83' lang='lat' dir='ltr'>sen·-</span> 
     </span>
     <span class='ocr_line' id='line_1_45' title="bbox 248 2343 1147 2397; baseline -0.011 -12"><span class='ocrx_word' id='word_1_298' title='bbox 248 2356 305 2397; x_wconf 82' lang='lat' dir='ltr'>Jus</span> <span class='ocrx_word' id='word_1_299' title='bbox 321 2355 449 2394; x_wconf 79' lang='lat' dir='ltr'>spiritus</span> <span class='ocrx_word' id='word_1_300' title='bbox 460 2348 562 2382; x_wconf 74' lang='lat' dir='ltr'>sam‘lt</span> <span class='ocrx_word' id='word_1_301' title='bbox 570 2346 713 2390; x_wconf 80' lang='lat' dir='ltr'>flagitat,</span> <span class='ocrx_word' id='word_1_302' title='bbox 739 2357 795 2387; x_wconf 84' lang='lat' dir='ltr'>quo</span> <span class='ocrx_word' id='word_1_303' title='bbox 805 2343 971 2385; x_wconf 72' lang='lat' dir='ltr'>conscripta</span> <span class='ocrx_word' id='word_1_304' title='bbox 998 2343 1035 2382; x_wconf 83' lang='lat' dir='ltr'>est</span> <span class='ocrx_word' id='word_1_305' title='bbox 1046 2366 1059 2382; x_wconf 86' lang='lat'>,</span> <span class='ocrx_word' id='word_1_306' title='bbox 1082 2343 1147 2377; x_wconf 86' lang='lat' dir='ltr'>licet</span> 
     </span>
     <span class='ocr_line' id='line_1_46' title="bbox 256 2392 1149 2439; baseline -0.011 -5"><span class='ocrx_word' id='word_1_307' title='bbox 256 2405 294 2437; x_wconf 82' lang='lat' dir='ltr'>de</span> <span class='ocrx_word' id='word_1_308' title='bbox 305 2398 432 2439; x_wconf 80' lang='lat' dir='ltr'>Ecclefia</span> <span class='ocrx_word' id='word_1_309' title='bbox 453 2409 511 2431; x_wconf 87' lang='lat' dir='ltr'>non</span> <span class='ocrx_word' id='word_1_310' title='bbox 520 2396 661 2438; x_wconf 83' lang='lat' dir='ltr'>recefferit</span> <span class='ocrx_word' id='word_1_311' title='bbox 673 2419 684 2435; x_wconf 90' lang='lat'><strong>,</strong></span> <span class='ocrx_word' id='word_1_312' title='bbox 713 2402 816 2426; x_wconf 78' lang='lat' dir='ltr'>tamen</span> <span class='ocrx_word' id='word_1_313' title='bbox 832 2392 987 2425; x_wconf 77' lang='lat' dir='ltr'>haereticus</span> <span class='ocrx_word' id='word_1_314' title='bbox 999 2392 1149 2435; x_wconf 82' lang='lat' dir='ltr'>appellari</span> 
     </span>
     <span class='ocr_line' id='line_1_47' title="bbox 246 2443 1148 2496; baseline -0.009 -14"><span class='ocrx_word' id='word_1_315' title='bbox 246 2450 346 2496; x_wconf 74' lang='lat' dir='ltr'>potest</span> <span class='ocrx_word' id='word_1_316' title='bbox 355 2475 366 2490; x_wconf 93' lang='lat'>‚</span> <span class='ocrx_word' id='word_1_317' title='bbox 392 2450 427 2482; x_wconf 66' lang='lat' dir='ltr'>Gr</span> <span class='ocrx_word' id='word_1_318' title='bbox 439 2448 476 2480; x_wconf 74' lang='lat' dir='ltr'>de</span> <span class='ocrx_word' id='word_1_319' title='bbox 486 2453 587 2479; x_wconf 87' lang='lat' dir='ltr'>carnis</span> <span class='ocrx_word' id='word_1_320' title='bbox 603 2445 736 2487; x_wconf 85' lang='lat' dir='ltr'>operibus</span> <span class='ocrx_word' id='word_1_321' title='bbox 750 2443 787 2482; x_wconf 78' lang='lat' dir='ltr'>est</span> <span class='ocrx_word' id='word_1_322' title='bbox 798 2468 809 2483; x_wconf 95' lang='lat'>,</span> <span class='ocrx_word' id='word_1_323' title='bbox 837 2443 947 2485; x_wconf 87' lang='lat' dir='ltr'>eligens</span> <span class='ocrx_word' id='word_1_324' title='bbox 969 2453 1037 2484; x_wconf 86' lang='lat' dir='ltr'>quae</span> <span class='ocrx_word' id='word_1_325' title='bbox 1044 2443 1148 2483; x_wconf 83' lang='lat' dir='ltr'>pejora</span> 
     </span>
     <span class='ocr_line' id='line_1_48' title="bbox 252 2492 1147 2546; baseline -0.009 -12"><span class='ocrx_word' id='word_1_326' title='bbox 252 2501 332 2546; x_wconf 68' lang='lat' dir='ltr'>sunt,</span> <span class='ocrx_word' id='word_1_327' title='bbox 360 2499 561 2533; x_wconf 82' lang='lat' dir='ltr'>Hincmarus</span> <span class='ocrx_word' id='word_1_328' title='bbox 573 2494 790 2538; x_wconf 73' lang='lat' dir='ltr'>Metropolim</span> <span class='ocrx_word' id='word_1_329' title='bbox 804 2493 974 2529; x_wconf 83' lang='lat' dir='ltr'>Remensis</span> <span class='ocrx_word' id='word_1_330' title='bbox 986 2492 1019 2526; x_wconf 91' lang='lat' dir='ltr'>in</span> <span class='ocrx_word' id='word_1_331' title='bbox 1032 2492 1147 2536; x_wconf 84' lang='lat' dir='ltr'>episto·</span> 
     </span>
     <span class='ocr_line' id='line_1_49' title="bbox 259 2543 1146 2587; baseline -0.011 0"><span class='ocrx_word' id='word_1_332' title='bbox 259 2553 290 2587; x_wconf 83' lang='lat' dir='ltr'>la</span> <span class='ocrx_word' id='word_1_333' title='bbox 303 2551 343 2586; x_wconf 86' lang='lat' dir='ltr'>ad</span> <span class='ocrx_word' id='word_1_334' title='bbox 367 2550 590 2583; x_wconf 87' lang='lat' dir='ltr'>Hincmarum</span> <span class='ocrx_word' id='word_1_335' title='bbox 611 2545 865 2580; x_wconf 87' lang='lat' dir='ltr'>Laudunensem</span> <span class='ocrx_word' id='word_1_336' title='bbox 881 2543 1081 2587; x_wconf 86' lang='lat' dir='ltr'>Episcopum</span> <span class='ocrx_word' id='word_1_337' title='bbox 1092 2554 1146 2577; x_wconf 82' lang='lat' dir='ltr'>ex-</span> 
     </span>
     <span class='ocr_line' id='line_1_50' title="bbox 262 2593 1150 2646; baseline -0.009 -11"><span class='ocrx_word' id='word_1_338' title='bbox 262 2603 357 2646; x_wconf 86' lang='lat' dir='ltr'>ponit</span> <span class='ocrx_word' id='word_1_339' title='bbox 370 2614 381 2634; x_wconf 75' lang='lat'><em>:</em></span> <span class='ocrx_word' id='word_1_340' title='bbox 407 2602 472 2646; x_wconf 72' lang='lat' dir='ltr'>‚Qui</span> <span class='ocrx_word' id='word_1_341' title='bbox 480 2597 574 2642; x_wconf 81' lang='lat' dir='ltr'>sacrae</span> <span class='ocrx_word' id='word_1_342' title='bbox 584 2599 657 2642; x_wconf 84' lang='lat' dir='ltr'>legis</span> <span class='ocrx_word' id='word_1_343' title='bbox 680 2596 773 2630; x_wconf 79' lang='lat' dir='ltr'>verba</span> <span class='ocrx_word' id='word_1_344' title='bbox 797 2606 855 2628; x_wconf 88' lang='lat' dir='ltr'>non</span> <span class='ocrx_word' id='word_1_345' title='bbox 868 2593 947 2627; x_wconf 59' lang='lat' dir='ltr'>rede</span> <span class='ocrx_word' id='word_1_346' title='bbox 956 2594 1128 2638; x_wconf 75' lang='lat' dir='ltr'>intelligunt</span> <span class='ocrx_word' id='word_1_347' title='bbox 1140 2618 1150 2634; x_wconf 89' lang='lat'><em>‚</em></span> 
     </span>
     <span class='ocr_line' id='line_1_51' title="bbox 261 2643 1149 2698; baseline -0.009 -14"><span class='ocrx_word' id='word_1_348' title='bbox 261 2651 488 2698; x_wconf 76' lang='lat' dir='ltr'>saluberrimum</span> <span class='ocrx_word' id='word_1_349' title='bbox 500 2655 578 2684; x_wconf 76' lang='lat' dir='ltr'>vitae</span> <span class='ocrx_word' id='word_1_350' title='bbox 587 2656 691 2690; x_wconf 83' lang='lat' dir='ltr'>potum</span> <span class='ocrx_word' id='word_1_351' title='bbox 703 2653 735 2679; x_wconf 87' lang='lat' dir='ltr'>in</span> <span class='ocrx_word' id='word_1_352' title='bbox 746 2651 856 2680; x_wconf 81' lang='lat' dir='ltr'>veneni</span> <span class='ocrx_word' id='word_1_353' title='bbox 861 2643 918 2688; x_wconf 78' lang='lat' dir='ltr'>fibi</span> <span class='ocrx_word' id='word_1_354' title='bbox 925 2646 1063 2686; x_wconf 81' lang='lat' dir='ltr'>poculum</span> <span class='ocrx_word' id='word_1_355' title='bbox 1082 2657 1149 2679; x_wconf 84' lang='lat' dir='ltr'>ver-</span> 
     </span>
     <span class='ocr_line' id='line_1_52' title="bbox 264 2693 1151 2744; baseline -0.009 -9"><span class='ocrx_word' id='word_1_356' title='bbox 264 2710 334 2736; x_wconf 85' lang='lat' dir='ltr'>tunt</span> <span class='ocrx_word' id='word_1_357' title='bbox 348 2726 359 2742; x_wconf 93' lang='lat'>‚</span> <span class='ocrx_word' id='word_1_358' title='bbox 385 2713 419 2735; x_wconf 85' lang='lat' dir='ltr'>ac</span> <span class='ocrx_word' id='word_1_359' title='bbox 426 2710 483 2744; x_wconf 89' lang='lat' dir='ltr'>per</span> <span class='ocrx_word' id='word_1_360' title='bbox 502 2699 677 2735; x_wconf 73' lang='lat' dir='ltr'>medicinale</span> <span class='ocrx_word' id='word_1_361' title='bbox 691 2697 811 2739; x_wconf 83' lang='lat' dir='ltr'>ferrum</span> <span class='ocrx_word' id='word_1_362' title='bbox 833 2696 959 2730; x_wconf 83' lang='lat' dir='ltr'>vulnere</span> <span class='ocrx_word' id='word_1_363' title='bbox 976 2693 1011 2739; x_wconf 82' lang='lat' dir='ltr'>se</span> <span class='ocrx_word' id='word_1_364' title='bbox 1031 2696 1151 2728; x_wconf 75' lang='lat' dir='ltr'>mortali</span> 
     </span>
     <span class='ocr_line' id='line_1_53' title="bbox 258 2746 1154 2796; baseline -0.01 -10"><span class='ocrx_word' id='word_1_365' title='bbox 258 2753 380 2796; x_wconf 86' lang='lat' dir='ltr'>feriunt</span> <span class='ocrx_word' id='word_1_366' title='bbox 394 2776 405 2793; x_wconf 88' lang='lat'>,</span> <span class='ocrx_word' id='word_1_367' title='bbox 431 2753 503 2785; x_wconf 80' lang='lat' dir='ltr'>dum</span> <span class='ocrx_word' id='word_1_368' title='bbox 512 2758 567 2793; x_wconf 85' lang='lat' dir='ltr'>per</span> <span class='ocrx_word' id='word_1_369' title='bbox 578 2748 670 2783; x_wconf 77' lang='lat' dir='ltr'>hocin</span> <span class='ocrx_word' id='word_1_370' title='bbox 680 2746 714 2790; x_wconf 88' lang='lat' dir='ltr'>se</span> <span class='ocrx_word' id='word_1_371' title='bbox 722 2746 800 2791; x_wconf 86' lang='lat' dir='ltr'>sana</span> <span class='ocrx_word' id='word_1_372' title='bbox 808 2752 962 2789; x_wconf 75' lang='lat' dir='ltr'>perimunt</span> <span class='ocrx_word' id='word_1_373' title='bbox 971 2770 983 2786; x_wconf 86' lang='lat'>,</span> <span class='ocrx_word' id='word_1_374' title='bbox 1003 2753 1062 2787; x_wconf 86' lang='lat' dir='ltr'>per</span> <span class='ocrx_word' id='word_1_375' title='bbox 1073 2747 1154 2790; x_wconf 88' lang='lat' dir='ltr'>quod</span> 
     </span>
     <span class='ocr_line' id='line_1_54' title="bbox 261 2797 1150 2849; baseline -0.01 -13"><span class='ocrx_word' id='word_1_376' title='bbox 261 2803 424 2849; x_wconf 77' lang='lat' dir='ltr'>salubriter</span> <span class='ocrx_word' id='word_1_377' title='bbox 442 2800 613 2846; x_wconf 71' lang='lat' dir='ltr'>abscindere</span> <span class='ocrx_word' id='word_1_378' title='bbox 628 2797 765 2842; x_wconf 85' lang='lat' dir='ltr'>sauciata</span> <span class='ocrx_word' id='word_1_379' title='bbox 784 2797 968 2831; x_wconf 85' lang='lat' dir='ltr'>debuerunt.</span> <span class='ocrx_word' id='word_1_380' title='bbox 998 2797 1150 2832; x_wconf 79' lang='lat' dir='ltr'>Affirmat</span> 
     </span>
     <span class='ocr_line' id='line_1_55' title="bbox 264 2846 1150 2899; baseline -0.01 -10"><span class='ocrx_word' id='word_1_381' title='bbox 264 2854 295 2891; x_wconf 81' lang='lat' dir='ltr'>id</span> <span class='ocrx_word' id='word_1_382' title='bbox 335 2851 509 2899; x_wconf 84' lang='lat' dir='ltr'>procedere</span> <span class='ocrx_word' id='word_1_383' title='bbox 530 2863 570 2884; x_wconf 81' lang='lat' dir='ltr'>ex</span> <span class='ocrx_word' id='word_1_384' title='bbox 598 2848 760 2894; x_wconf 85' lang='lat' dir='ltr'>petulanti</span> <span class='ocrx_word' id='word_1_385' title='bbox 784 2846 932 2891; x_wconf 83' lang='lat' dir='ltr'>superbia</span> <span class='ocrx_word' id='word_1_386' title='bbox 955 2857 993 2880; x_wconf 89' lang='lat' dir='ltr'>ac</span> <span class='ocrx_word' id='word_1_387' title='bbox 1031 2847 1150 2890; x_wconf 83' lang='lat' dir='ltr'>proprii</span> 
     </span>
     <span class='ocr_line' id='line_1_56' title="bbox 265 2895 1152 2946; baseline -0.011 -6"><span class='ocrx_word' id='word_1_388' title='bbox 265 2905 376 2940; x_wconf 74' lang='lat' dir='ltr'>sensus</span> <span class='ocrx_word' id='word_1_389' title='bbox 398 2901 576 2946; x_wconf 82' lang='lat' dir='ltr'>philautia,</span> <span class='ocrx_word' id='word_1_390' title='bbox 602 2901 636 2935; x_wconf 73' lang='grc' dir='ltr'>ὅ(</span> <span class='ocrx_word' id='word_1_391' title='bbox 663 2899 834 2934; x_wconf 85' lang='lat' dir='ltr'>concludit</span> <span class='ocrx_word' id='word_1_392' title='bbox 859 2910 867 2930; x_wconf 92' lang='lat'>:</span> <span class='ocrx_word' id='word_1_393' title='bbox 895 2902 984 2931; x_wconf 86' lang='lat' dir='ltr'>Nam</span> <span class='ocrx_word' id='word_1_394' title='bbox 1005 2895 1152 2930; x_wconf 83' lang='lat' dir='ltr'>Catholici</span> 
     </span>
     <span class='ocr_line' id='line_1_57' title="bbox 267 2947 1150 2992; baseline -0.009 -5"><span class='ocrx_word' id='word_1_395' title='bbox 267 2956 406 2992; x_wconf 70' lang='lat' dir='ltr'>Dollores</span> <span class='ocrx_word' id='word_1_396' title='bbox 422 2975 432 2991; x_wconf 84' lang='lat'>‚</span> <span class='ocrx_word' id='word_1_397' title='bbox 457 2954 490 2986; x_wconf 66' lang='grc' dir='ltr'>Θ</span> <span class='ocrx_word' id='word_1_398' title='bbox 503 2949 636 2992; x_wconf 79' lang='lat' dir='ltr'>Ecclefiae</span> <span class='ocrx_word' id='word_1_399' title='bbox 645 2949 759 2992; x_wconf 66' lang='lat' dir='ltr'>sanc‘lae</span> <span class='ocrx_word' id='word_1_400' title='bbox 773 2951 880 2982; x_wconf 83' lang='lat' dir='ltr'>Patres</span> <span class='ocrx_word' id='word_1_401' title='bbox 889 2973 900 2989; x_wconf 82' lang='lat'>,</span> <span class='ocrx_word' id='word_1_402' title='bbox 930 2953 983 2990; x_wconf 84' lang='lat' dir='ltr'>qui</span> <span class='ocrx_word' id='word_1_403' title='bbox 994 2948 1031 2981; x_wconf 85' lang='lat' dir='ltr'>de</span> <span class='ocrx_word' id='word_1_404' title='bbox 1042 2947 1150 2990; x_wconf 73' lang='lat' dir='ltr'>herest-</span> 
     </span>
     <span class='ocr_line' id='line_1_58' title="bbox 267 2998 1153 3049; baseline -0.009 -10"><span class='ocrx_word' id='word_1_405' title='bbox 267 3008 320 3043; x_wconf 87' lang='lat' dir='ltr'>bus</span> <span class='ocrx_word' id='word_1_406' title='bbox 339 3002 544 3049; x_wconf 77' lang='lat' dir='ltr'>scripserunt,</span> <span class='ocrx_word' id='word_1_407' title='bbox 571 3011 618 3034; x_wconf 79' lang='lat' dir='ltr'>eos</span> <span class='ocrx_word' id='word_1_408' title='bbox 643 3006 694 3042; x_wconf 86' lang='lat' dir='ltr'>qui</span> <span class='ocrx_word' id='word_1_409' title='bbox 715 3000 808 3032; x_wconf 84' lang='lat' dir='ltr'>verba</span> <span class='ocrx_word' id='word_1_410' title='bbox 830 3001 941 3034; x_wconf 77' lang='lat' dir='ltr'>Divini</span> <span class='ocrx_word' id='word_1_411' title='bbox 965 2998 1072 3040; x_wconf 86' lang='lat' dir='ltr'>eloquii</span> <span class='ocrx_word' id='word_1_412' title='bbox 1096 3010 1153 3032; x_wconf 85' lang='lat' dir='ltr'>non</span> 
     </span>
     <span class='ocr_line' id='line_1_59' title="bbox 268 3048 1155 3096; baseline -0.012 -5"><span class='ocrx_word' id='word_1_413' title='bbox 268 3056 346 3091; x_wconf 64' lang='lat' dir='ltr'>recle</span> <span class='ocrx_word' id='word_1_414' title='bbox 366 3053 538 3096; x_wconf 81' lang='lat' dir='ltr'>intelligunt</span> <span class='ocrx_word' id='word_1_415' title='bbox 550 3074 561 3090; x_wconf 89' lang='lat'>‚</span> <span class='ocrx_word' id='word_1_416' title='bbox 589 3051 639 3083; x_wconf 85' lang='lat' dir='ltr'>vel</span> <span class='ocrx_word' id='word_1_417' title='bbox 648 3062 706 3083; x_wconf 82' lang='lat' dir='ltr'>non</span> <span class='ocrx_word' id='word_1_418' title='bbox 718 3049 795 3083; x_wconf 61' lang='lat' dir='ltr'>rell&amp;</span> <span class='ocrx_word' id='word_1_419' title='bbox 813 3055 1051 3091; x_wconf 84' lang='lat' dir='ltr'>interpretantur</span> <span class='ocrx_word' id='word_1_420' title='bbox 1062 3073 1074 3089; x_wconf 89' lang='lat'><strong>,</strong></span> <span class='ocrx_word' id='word_1_421' title='bbox 1097 3048 1155 3092; x_wconf 83' lang='lat' dir='ltr'>sed</span> 
     </span>
     <span class='ocr_line' id='line_1_60' title="bbox 269 3100 1154 3149; baseline -0.009 -8"><span class='ocrx_word' id='word_1_422' title='bbox 269 3109 316 3141; x_wconf 82' lang='lat' dir='ltr'>ad</span> <span class='ocrx_word' id='word_1_423' title='bbox 332 3104 399 3149; x_wconf 80' lang='lat' dir='ltr'>suos</span> <span class='ocrx_word' id='word_1_424' title='bbox 420 3101 525 3147; x_wconf 79' lang='lat' dir='ltr'>sensus</span> <span class='ocrx_word' id='word_1_425' title='bbox 548 3102 602 3134; x_wconf 86' lang='lat' dir='ltr'>illa</span> <span class='ocrx_word' id='word_1_426' title='bbox 623 3101 839 3143; x_wconf 78' lang='lat' dir='ltr'>allegorizant,</span> <span class='ocrx_word' id='word_1_427' title='bbox 862 3105 895 3132; x_wconf 86' lang='lat' dir='ltr'>in</span> <span class='ocrx_word' id='word_1_428' title='bbox 907 3100 1036 3142; x_wconf 88' lang='lat' dir='ltr'>catalogo</span> <span class='ocrx_word' id='word_1_429' title='bbox 1052 3102 1154 3141; x_wconf 64' lang='lat' dir='ltr'>prave*</span> 
     </span>
     <span class='ocr_line' id='line_1_61' title="bbox 269 3149 1150 3202; baseline -0.01 -12"><span class='ocrx_word' id='word_1_430' title='bbox 269 3157 463 3202; x_wconf 79' lang='lat' dir='ltr'>sentientium</span> <span class='ocrx_word' id='word_1_431' title='bbox 474 3178 484 3194; x_wconf 83' lang='lat'><em>‚</em></span> <span class='ocrx_word' id='word_1_432' title='bbox 511 3151 660 3185; x_wconf 76' lang='lat' dir='ltr'>haemim</span> <span class='ocrx_word' id='word_1_433' title='bbox 672 3159 913 3183; x_wconf 81' lang='lat' dir='ltr'>connumerantes</span> <span class='ocrx_word' id='word_1_434' title='bbox 930 3174 939 3189; x_wconf 89' lang='lat'><strong>,</strong></span> <span class='ocrx_word' id='word_1_435' title='bbox 961 3149 1150 3191; x_wconf 80' lang='lat' dir='ltr'>adscribunt.</span> 
     </span>
     <span class='ocr_line' id='line_1_62' title="bbox 143 3198 1153 3244; baseline -0.002 -8"><span class='ocrx_word' id='word_1_436' title='bbox 143 3205 202 3236; x_wconf 71' lang='lat' dir='ltr'>ij.</span> <span class='ocrx_word' id='word_1_437' title='bbox 214 3216 236 3235; x_wconf 85' lang='lat'>¹·</span> <span class='ocrx_word' id='word_1_438' title='bbox 274 3210 357 3244; x_wconf 87' lang='lat' dir='ltr'>Non</span> <span class='ocrx_word' id='word_1_439' title='bbox 382 3206 463 3241; x_wconf 86' lang='lat' dir='ltr'>dicit</span> <span class='ocrx_word' id='word_1_440' title='bbox 476 3204 537 3238; x_wconf 72' lang='lat' dir='ltr'>esse</span> <span class='ocrx_word' id='word_1_441' title='bbox 549 3200 735 3240; x_wconf 81' lang='lat' dir='ltr'>haereticos,</span> <span class='ocrx_word' id='word_1_442' title='bbox 763 3199 815 3233; x_wconf 89' lang='lat' dir='ltr'>sed</span> <span class='ocrx_word' id='word_1_443' title='bbox 833 3200 907 3242; x_wconf 89' lang='lat' dir='ltr'>ipfis</span> <span class='ocrx_word' id='word_1_444' title='bbox 927 3198 1129 3235; x_wconf 88' lang='lat' dir='ltr'>adnumerari</span> <span class='ocrx_word' id='word_1_445' title='bbox 1146 3226 1153 3234; x_wconf 93' lang='lat'><strong>.</strong></span> 
     </span>
     <span class='ocr_line' id='line_1_63' title="bbox 123 3245 1155 3297; baseline -0.014 1"><span class='ocrx_word' id='word_1_446' title='bbox 123 3245 219 3288; x_wconf 44' lang='lat' dir='ltr'>‘3¹¹³‘sp</span> <span class='ocrx_word' id='word_1_447' title='bbox 233 3251 259 3276; x_wconf 72' lang='lat'>⁶⁶</span> <span class='ocrx_word' id='word_1_448' title='bbox 275 3262 335 3297; x_wconf 80' lang='lat' dir='ltr'>Eis</span> <span class='ocrx_word' id='word_1_449' title='bbox 356 3258 419 3293; x_wconf 79' lang='lat' dir='ltr'>esse</span> <span class='ocrx_word' id='word_1_450' title='bbox 432 3255 558 3290; x_wconf 87' lang='lat' dir='ltr'>vicinos</span> <span class='ocrx_word' id='word_1_451' title='bbox 570 3275 577 3286; x_wconf 81' lang='grc'><em>.</em></span> <span class='ocrx_word' id='word_1_452' title='bbox 607 3252 650 3286; x_wconf 87' lang='lat' dir='ltr'>Et</span> <span class='ocrx_word' id='word_1_453' title='bbox 671 3251 704 3283; x_wconf 89' lang='lat' dir='ltr'>in</span> <span class='ocrx_word' id='word_1_454' title='bbox 729 3249 819 3283; x_wconf 92' lang='lat' dir='ltr'>libris</span> <span class='ocrx_word' id='word_1_455' title='bbox 832 3251 871 3283; x_wconf 90' lang='lat' dir='ltr'>de</span> <span class='ocrx_word' id='word_1_456' title='bbox 882 3250 1035 3285; x_wconf 85' lang='lat' dir='ltr'>Lotharii</span> <span class='ocrx_word' id='word_1_457' title='bbox 1054 3250 1155 3295; x_wconf 86' lang='lat' dir='ltr'>Regis</span> 
     </span>
    </p>

    <p class='ocr_par' dir='ltr' id='par_1_7' title="bbox 271 3301 1155 3449">
     <span class='ocr_line' id='line_1_64' title="bbox 271 3301 1154 3347; baseline -0.012 -3"><span class='ocrx_word' id='word_1_458' title='bbox 271 3309 420 3347; x_wconf 79' lang='lat' dir='ltr'>divortio</span> <span class='ocrx_word' id='word_1_459' title='bbox 443 3306 582 3342; x_wconf 89' lang='lat' dir='ltr'>affirmat</span> <span class='ocrx_word' id='word_1_460' title='bbox 605 3303 707 3337; x_wconf 87' lang='lat' dir='ltr'>sacras</span> <span class='ocrx_word' id='word_1_461' title='bbox 728 3301 850 3335; x_wconf 82' lang='lat' dir='ltr'>litteras</span> <span class='ocrx_word' id='word_1_462' title='bbox 870 3301 932 3335; x_wconf 79' lang='lat' dir='ltr'>esse</span> <span class='ocrx_word' id='word_1_463' title='bbox 943 3302 1154 3345; x_wconf 78' lang='lat' dir='ltr'>margaritum</span> 
     </span>
     <span class='ocr_line' id='line_1_65' title="bbox 275 3351 1153 3399; baseline -0.013 -4"><span class='ocrx_word' id='word_1_464' title='bbox 275 3372 316 3395; x_wconf 82' lang='lat' dir='ltr'>ex</span> <span class='ocrx_word' id='word_1_465' title='bbox 337 3357 429 3394; x_wconf 85' lang='lat' dir='ltr'>omni</span> <span class='ocrx_word' id='word_1_466' title='bbox 454 3367 541 3399; x_wconf 87' lang='lat' dir='ltr'>parte</span> <span class='ocrx_word' id='word_1_467' title='bbox 560 3355 665 3388; x_wconf 85' lang='lat' dir='ltr'>lucere</span> <span class='ocrx_word' id='word_1_468' title='bbox 676 3362 785 3393; x_wconf 87' lang='lat' dir='ltr'>aptum</span> <span class='ocrx_word' id='word_1_469' title='bbox 799 3374 808 3389; x_wconf 91' lang='lat'><strong>,</strong></span> <span class='ocrx_word' id='word_1_470' title='bbox 835 3351 974 3393; x_wconf 85' lang='lat' dir='ltr'>ideoque</span> <span class='ocrx_word' id='word_1_471' title='bbox 987 3351 1062 3386; x_wconf 90' lang='lat' dir='ltr'>illos</span> <span class='ocrx_word' id='word_1_472' title='bbox 1075 3376 1085 3392; x_wconf 92' lang='lat'>,</span> <span class='ocrx_word' id='word_1_473' title='bbox 1098 3352 1153 3395; x_wconf 89' lang='lat' dir='ltr'>qui</span> 
     </span>
     <span class='ocr_line' id='line_1_66' title="bbox 275 3402 1155 3449; baseline -0.013 -2"><span class='ocrx_word' id='word_1_474' title='bbox 275 3420 329 3446; x_wconf 76' lang='lat' dir='ltr'>eas</span> <span class='ocrx_word' id='word_1_475' title='bbox 350 3409 391 3443; x_wconf 84' lang='lat' dir='ltr'>ad</span> <span class='ocrx_word' id='word_1_476' title='bbox 418 3405 564 3442; x_wconf 85' lang='lat' dir='ltr'>fidelium</span> <span class='ocrx_word' id='word_1_477' title='bbox 587 3404 831 3439; x_wconf 56' lang='lat' dir='ltr'>instructionem</span> <span class='ocrx_word' id='word_1_478' title='bbox 853 3412 1027 3449; x_wconf 79' lang='lat' dir='ltr'>exponunt</span> <span class='ocrx_word' id='word_1_479' title='bbox 1050 3402 1086 3439; x_wconf 86' lang='lat' dir='ltr'>in</span> <span class='ocrx_word' id='word_1_480' title='bbox 1105 3412 1155 3436; x_wconf 87' lang='lat' dir='ltr'>or-</span> 
     </span>
    </p>
   </div>
   <div class='ocr_carea' id='block_1_6' title="bbox 122 2323 236 2361">
    <p class='ocr_par' dir='ltr' id='par_1_8' title="bbox 122 2323 236 2361">
     <span class='ocr_line' id='line_1_67' title="bbox 122 2323 236 2361; baseline -0.018 -10"><span class='ocrx_word' id='word_1_481' title='bbox 122 2323 196 2361; x_wconf 57' lang='lat' dir='ltr'>Cap&lt;</span> <span class='ocrx_word' id='word_1_482' title='bbox 212 2333 236 2357; x_wconf 85' lang='lat'>9.</span> 
     </span>
    </p>
   </div>
   <div class='ocr_carea' id='block_1_7' title="bbox 126 2633 247 2708">
    <p class='ocr_par' dir='ltr' id='par_1_9' title="bbox 126 2633 247 2708">
     <span class='ocr_line' id='line_1_68' title="bbox 126 2633 226 2665; baseline 0.04 -4"><span class='ocrx_word' id='word_1_483' title='bbox 126 2633 226 2665; x_wconf 55' lang='lat' dir='ltr'>izv-33·</span> 
     </span>
     <span class='ocr_line' id='line_1_69' title="bbox 128 2671 247 2708; baseline -0.017 -11"><span class='ocrx_word' id='word_1_484' title='bbox 128 2680 190 2708; x_wconf 70' lang='lat' dir='ltr'>cap.</span> <span class='ocrx_word' id='word_1_485' title='bbox 202 2671 247 2705; x_wconf 74' lang='lat'>38.</span> 
     </span>
    </p>
   </div>
   <div class='ocr_carea' id='block_1_8' title="bbox 1135 299 1174 3394">
    <p class='ocr_par' dir='ltr' id='par_1_10' title="bbox 1135 299 1174 3394">
     <span class='ocr_line' id='line_1_70' title="bbox 1135 299 1159 1190; baseline 0 0"><span class='ocrx_word' id='word_1_486' title='bbox 1135 299 1159 1190; x_wconf 95' lang='lat' dir='ltr'>  </span> 
     </span>
     <span class='ocr_line' id='line_1_71' title="bbox 1144 1190 1168 1926; baseline 0 0"><span class='ocrx_word' id='word_1_487' title='bbox 1144 1190 1168 1926; x_wconf 95' lang='lat' dir='ltr'>  </span> 
     </span>
     <span class='ocr_line' id='line_1_72' title="bbox 1150 1926 1174 2672; baseline 0 0"><span class='ocrx_word' id='word_1_488' title='bbox 1150 1926 1174 2672; x_wconf 95' lang='lat' dir='ltr'>  </span> 
     </span>
     <span class='ocr_line' id='line_1_73' title="bbox 1157 2672 1174 3394; baseline 0 330"><span class='ocrx_word' id='word_1_489' title='bbox 1157 2672 1174 3394; x_wconf 95' lang='lat' dir='ltr'> </span> 
     </span>
    </p>
   </div>
   <div class='ocr_carea' id='block_1_9' title="bbox 1141 219 1344 250">
    <p class='ocr_par' dir='ltr' id='par_1_11' title="bbox 1141 219 1344 250">
     <span class='ocr_line' id='line_1_74' title="bbox 1141 219 1344 250; baseline 0.005 -1"><span class='ocrx_word' id='word_1_490' title='bbox 1141 220 1166 249; x_wconf 75' lang='lat' dir='ltr'>T</span> <span class='ocrx_word' id='word_1_491' title='bbox 1324 219 1344 250; x_wconf 83' lang='lat' dir='ltr'><strong>S</strong></span> 
     </span>
    </p>
   </div>
   <div class='ocr_carea' id='block_1_10' title="bbox 1237 206 1993 272">
    <p class='ocr_par' dir='ltr' id='par_1_12' title="bbox 1237 206 1993 272">
     <span class='ocr_line' id='line_1_75' title="bbox 1237 206 1993 272; baseline 0.011 -20"><span class='ocrx_word' id='word_1_492' title='bbox 1237 220 1254 252; x_wconf 87' lang='lat'>1</span> <span class='ocrx_word' id='word_1_493' title='bbox 1452 206 1562 253; x_wconf 82' lang='lat' dir='ltr'>IX.</span> <span class='ocrx_word' id='word_1_494' title='bbox 1904 228 1993 272; x_wconf 83' lang='lat'>123</span> 
     </span>
    </p>
   </div>
   <div class='ocr_carea' id='block_1_11' title="bbox 1181 288 2084 939">
    <p class='ocr_par' dir='ltr' id='par_1_13' title="bbox 1181 288 2084 939">
     <span class='ocr_line' id='line_1_76' title="bbox 1181 288 2069 335; baseline 0.012 -13"><span class='ocrx_word' id='word_1_495' title='bbox 1181 288 1387 332; x_wconf 82' lang='lat' dir='ltr'>thodoxum,</span> <span class='ocrx_word' id='word_1_496' title='bbox 1417 290 1493 328; x_wconf 83' lang='lat' dir='ltr'>licet</span> <span class='ocrx_word' id='word_1_497' title='bbox 1505 293 1522 326; x_wconf 71' lang='lat' dir='ltr'>a</span> <span class='ocrx_word' id='word_1_498' title='bbox 1537 291 1658 335; x_wconf 82' lang='lat' dir='ltr'>Spiritu</span> <span class='ocrx_word' id='word_1_499' title='bbox 1671 293 1791 327; x_wconf 71' lang='lat' dir='ltr'>Sansto</span> <span class='ocrx_word' id='word_1_500' title='bbox 1812 306 1878 329; x_wconf 88' lang='lat' dir='ltr'>non</span> <span class='ocrx_word' id='word_1_501' title='bbox 1902 297 2069 333; x_wconf 85' lang='lat' dir='ltr'>intentum</span> 
     </span>
     <span class='ocr_line' id='line_1_77' title="bbox 1182 341 2071 387; baseline 0.002 -13"><span class='ocrx_word' id='word_1_502' title='bbox 1182 341 1330 381; x_wconf 81' lang='lat' dir='ltr'>sensum,</span> <span class='ocrx_word' id='word_1_503' title='bbox 1358 350 1425 374; x_wconf 89' lang='lat' dir='ltr'>non</span> <span class='ocrx_word' id='word_1_504' title='bbox 1449 343 1512 376; x_wconf 80' lang='lat' dir='ltr'>effe</span> <span class='ocrx_word' id='word_1_505' title='bbox 1536 341 1699 377; x_wconf 87' lang='lat' dir='ltr'>mendacii</span> <span class='ocrx_word' id='word_1_506' title='bbox 1718 342 1926 379; x_wconf 71' lang='lat' dir='ltr'>fabricatores</span> <span class='ocrx_word' id='word_1_507' title='bbox 1943 372 1953 387; x_wconf 91' lang='lat'>,</span> <span class='ocrx_word' id='word_1_508' title='bbox 1980 349 2071 383; x_wconf 79' lang='lat' dir='ltr'>ideo.</span> 
     </span>
     <span class='ocr_line' id='line_1_78' title="bbox 1183 391 2070 437; baseline 0.009 -14"><span class='ocrx_word' id='word_1_509' title='bbox 1183 402 1246 433; x_wconf 92' lang='lat' dir='ltr'>que</span> <span class='ocrx_word' id='word_1_510' title='bbox 1267 391 1375 427; x_wconf 74' lang='lat' dir='ltr'>multo</span> <span class='ocrx_word' id='word_1_511' title='bbox 1396 393 1508 427; x_wconf 72' lang='lat' dir='ltr'>minus</span> <span class='ocrx_word' id='word_1_512' title='bbox 1537 392 1706 429; x_wconf 78' lang='lat' dir='ltr'>haereticos</span> <span class='ocrx_word' id='word_1_513' title='bbox 1734 418 1740 427; x_wconf 86' lang='lat'>.</span> <span class='ocrx_word' id='word_1_514' title='bbox 1778 392 1940 437; x_wconf 85' lang='lat' dir='ltr'>Rigidum</span> <span class='ocrx_word' id='word_1_515' title='bbox 1960 397 2070 433; x_wconf 69' lang='lat' dir='ltr'>Sansti</span> 
     </span>
     <span class='ocr_line' id='line_1_79' title="bbox 1186 441 2034 491; baseline 0.008 -19"><span class='ocrx_word' id='word_1_516' title='bbox 1186 441 1385 486; x_wconf 81' lang='lat' dir='ltr'>Hieronymi</span> <span class='ocrx_word' id='word_1_517' title='bbox 1397 442 1519 480; x_wconf 63' lang='lat' dir='ltr'>dictum</span> <span class='ocrx_word' id='word_1_518' title='bbox 1535 444 1761 491; x_wconf 86' lang='lat' dir='ltr'>interpretatur</span> <span class='ocrx_word' id='word_1_519' title='bbox 1779 455 1817 477; x_wconf 87' lang='lat' dir='ltr'>ac</span> <span class='ocrx_word' id='word_1_520' title='bbox 1830 444 2016 479; x_wconf 84' lang='lat' dir='ltr'>moderatur</span> <span class='ocrx_word' id='word_1_521' title='bbox 2026 471 2034 479; x_wconf 88' lang='lat'>.</span> 
     </span>
     <span class='ocr_line' id='line_1_80' title="bbox 1235 489 2073 531; baseline 0.007 -6"><span class='ocrx_word' id='word_1_522' title='bbox 1235 489 1407 528; x_wconf 79' lang='lat' dir='ltr'>Consonat</span> <span class='ocrx_word' id='word_1_523' title='bbox 1440 495 1475 527; x_wconf 88' lang='lat' dir='ltr'>in</span> <span class='ocrx_word' id='word_1_524' title='bbox 1499 493 1644 529; x_wconf 89' lang='lat' dir='ltr'>secundo</span> <span class='ocrx_word' id='word_1_525' title='bbox 1666 494 1752 530; x_wconf 85' lang='lat' dir='ltr'>libro</span> <span class='ocrx_word' id='word_1_526' title='bbox 1771 494 1812 529; x_wconf 83' lang='lat' dir='ltr'>de</span> <span class='ocrx_word' id='word_1_527' title='bbox 1834 495 2073 531; x_wconf 71' lang='lat' dir='ltr'>sacro-Sancta</span> 
     </span>
     <span class='ocr_line' id='line_1_81' title="bbox 1185 541 2075 588; baseline 0.002 -11"><span class='ocrx_word' id='word_1_528' title='bbox 1185 541 1356 581; x_wconf 84' lang='lat' dir='ltr'>Trinitare</span> <span class='ocrx_word' id='word_1_529' title='bbox 1376 543 1508 577; x_wconf 68' lang='lat' dir='ltr'>sanctus</span> <span class='ocrx_word' id='word_1_530' title='bbox 1533 543 1683 580; x_wconf 83' lang='lat' dir='ltr'>Hilarius</span> <span class='ocrx_word' id='word_1_531' title='bbox 1704 543 1914 580; x_wconf 68' lang='lat' dir='ltr'>pictaviensis</span> <span class='ocrx_word' id='word_1_532' title='bbox 1941 544 2075 588; x_wconf 89' lang='lat' dir='ltr'>Episco-</span> 
     </span>
     <span class='ocr_line' id='line_1_82' title="bbox 1189 595 2077 638; baseline 0.003 -13"><span class='ocrx_word' id='word_1_533' title='bbox 1189 603 1265 633; x_wconf 68' lang='lat' dir='ltr'>pus:</span> <span class='ocrx_word' id='word_1_534' title='bbox 1294 595 1475 629; x_wconf 78' lang='lat' dir='ltr'>Extiterunt</span> <span class='ocrx_word' id='word_1_535' title='bbox 1493 595 1597 635; x_wconf 84' lang='lat' dir='ltr'>plures</span> <span class='ocrx_word' id='word_1_536' title='bbox 1622 620 1632 636; x_wconf 94' lang='lat'>,</span> <span class='ocrx_word' id='word_1_537' title='bbox 1670 602 1722 638; x_wconf 85' lang='lat' dir='ltr'>qui</span> <span class='ocrx_word' id='word_1_538' title='bbox 1740 595 1892 637; x_wconf 69' lang='lat' dir='ltr'>coelestium</span> <span class='ocrx_word' id='word_1_539' title='bbox 1917 595 2077 628; x_wconf 81' lang='lat' dir='ltr'>verborum</span> 
     </span>
     <span class='ocr_line' id='line_1_83' title="bbox 1183 641 2079 690; baseline 0.004 -16"><span class='ocrx_word' id='word_1_540' title='bbox 1183 641 1399 687; x_wconf 77' lang='lat' dir='ltr'>simplicitatem</span> <span class='ocrx_word' id='word_1_541' title='bbox 1414 652 1472 686; x_wconf 85' lang='lat' dir='ltr'>pro</span> <span class='ocrx_word' id='word_1_542' title='bbox 1482 645 1651 678; x_wconf 85' lang='lat' dir='ltr'>voluntatis</span> <span class='ocrx_word' id='word_1_543' title='bbox 1670 645 1738 688; x_wconf 81' lang='lat' dir='ltr'>suae</span> <span class='ocrx_word' id='word_1_544' title='bbox 1754 644 1863 690; x_wconf 70' lang='lat' dir='ltr'>sensu,</span> <span class='ocrx_word' id='word_1_545' title='bbox 1891 656 1949 678; x_wconf 85' lang='lat' dir='ltr'>non</span> <span class='ocrx_word' id='word_1_546' title='bbox 1958 653 2016 687; x_wconf 84' lang='lat' dir='ltr'>pro</span> <span class='ocrx_word' id='word_1_547' title='bbox 2025 656 2079 678; x_wconf 71' lang='lat' dir='ltr'>ve·</span> 
     </span>
     <span class='ocr_line' id='line_1_84' title="bbox 1186 692 2076 740; baseline 0.004 -16"><span class='ocrx_word' id='word_1_548' title='bbox 1186 698 1288 728; x_wconf 85' lang='lat' dir='ltr'>ritatis</span> <span class='ocrx_word' id='word_1_549' title='bbox 1315 692 1405 736; x_wconf 79' lang='lat' dir='ltr'>ipfius</span> <span class='ocrx_word' id='word_1_550' title='bbox 1418 693 1595 738; x_wconf 85' lang='lat' dir='ltr'>absolutione</span> <span class='ocrx_word' id='word_1_551' title='bbox 1601 694 1785 740; x_wconf 78' lang='lat' dir='ltr'>susciperent</span> <span class='ocrx_word' id='word_1_552' title='bbox 1798 722 1808 737; x_wconf 95' lang='lat'><em>,</em></span> <span class='ocrx_word' id='word_1_553' title='bbox 1834 697 1922 729; x_wconf 85' lang='lat' dir='ltr'>aliter</span> <span class='ocrx_word' id='word_1_554' title='bbox 1934 700 2076 738; x_wconf 82' lang='lat' dir='ltr'>interpre-</span> 
     </span>
     <span class='ocr_line' id='line_1_85' title="bbox 1190 745 2082 789; baseline 0.003 -14"><span class='ocrx_word' id='word_1_555' title='bbox 1190 752 1293 776; x_wconf 83' lang='lat' dir='ltr'>tantes</span> <span class='ocrx_word' id='word_1_556' title='bbox 1307 768 1318 784; x_wconf 87' lang='lat'>,</span> <span class='ocrx_word' id='word_1_557' title='bbox 1344 748 1436 788; x_wconf 66' lang='lat' dir='ltr'>quam</span> <span class='ocrx_word' id='word_1_558' title='bbox 1453 745 1608 779; x_wconf 63' lang='lat' dir='ltr'>Dictorum</span> <span class='ocrx_word' id='word_1_559' title='bbox 1631 753 1733 780; x_wconf 84' lang='lat' dir='ltr'>virtus</span> <span class='ocrx_word' id='word_1_560' title='bbox 1753 746 1930 789; x_wconf 75' lang='lat' dir='ltr'>postulares.</span> <span class='ocrx_word' id='word_1_561' title='bbox 1960 750 2006 780; x_wconf 93' lang='lat' dir='ltr'>De</span> <span class='ocrx_word' id='word_1_562' title='bbox 2028 751 2082 778; x_wconf 82' lang='lat' dir='ltr'>in·-</span> 
     </span>
     <span class='ocr_line' id='line_1_86' title="bbox 1191 793 2082 841; baseline 0.006 -17"><span class='ocrx_word' id='word_1_563' title='bbox 1191 793 1354 836; x_wconf 70' lang='lat' dir='ltr'>tellige‘ntta</span> <span class='ocrx_word' id='word_1_564' title='bbox 1377 799 1455 829; x_wconf 63' lang='lat' dir='ltr'>enlm</span> <span class='ocrx_word' id='word_1_565' title='bbox 1478 796 1613 839; x_wconf 81' lang='lat' dir='ltr'>baerefis,</span> <span class='ocrx_word' id='word_1_566' title='bbox 1642 809 1699 830; x_wconf 89' lang='lat' dir='ltr'>non</span> <span class='ocrx_word' id='word_1_567' title='bbox 1721 799 1758 831; x_wconf 87' lang='lat' dir='ltr'>de</span> <span class='ocrx_word' id='word_1_568' title='bbox 1777 797 1932 841; x_wconf 84' lang='lat' dir='ltr'>scriptura</span> <span class='ocrx_word' id='word_1_569' title='bbox 1948 797 2003 837; x_wconf 84' lang='lat' dir='ltr'>est.</span> <span class='ocrx_word' id='word_1_570' title='bbox 2034 799 2082 829; x_wconf 77' lang='lat' dir='ltr'>Et</span> 
     </span>
     <span class='ocr_line' id='line_1_87' title="bbox 1187 842 2083 891; baseline 0.003 -15"><span class='ocrx_word' id='word_1_571' title='bbox 1187 842 1288 886; x_wconf 79' lang='lat' dir='ltr'>sensus</span> <span class='ocrx_word' id='word_1_572' title='bbox 1300 871 1309 885; x_wconf 88' lang='lat'>,</span> <span class='ocrx_word' id='word_1_573' title='bbox 1333 857 1390 878; x_wconf 85' lang='lat' dir='ltr'>non</span> <span class='ocrx_word' id='word_1_574' title='bbox 1397 845 1495 890; x_wconf 87' lang='lat' dir='ltr'>sermo</span> <span class='ocrx_word' id='word_1_575' title='bbox 1502 848 1541 889; x_wconf 82' lang='lat' dir='ltr'>fit</span> <span class='ocrx_word' id='word_1_576' title='bbox 1552 854 1680 883; x_wconf 85' lang='lat' dir='ltr'>crimen.</span> <span class='ocrx_word' id='word_1_577' title='bbox 1709 847 1863 883; x_wconf 81' lang='lat' dir='ltr'>Affirmat</span> <span class='ocrx_word' id='word_1_578' title='bbox 1878 857 1994 882; x_wconf 91' lang='lat' dir='ltr'>omnes</span> <span class='ocrx_word' id='word_1_579' title='bbox 2015 847 2083 891; x_wconf 90' lang='lat' dir='ltr'>pas·</span> 
     </span>
     <span class='ocr_line' id='line_1_88' title="bbox 1194 894 2084 939; baseline 0.004 -13"><span class='ocrx_word' id='word_1_580' title='bbox 1194 895 1248 926; x_wconf 76' lang='lat' dir='ltr'>sim</span> <span class='ocrx_word' id='word_1_581' title='bbox 1273 894 1403 931; x_wconf 76' lang='lat' dir='ltr'>haereses</span> <span class='ocrx_word' id='word_1_582' title='bbox 1424 907 1464 929; x_wconf 89' lang='lat' dir='ltr'>ex</span> <span class='ocrx_word' id='word_1_583' title='bbox 1487 908 1582 939; x_wconf 88' lang='lat' dir='ltr'>prava</span> <span class='ocrx_word' id='word_1_584' title='bbox 1606 899 1766 933; x_wconf 85' lang='lat' dir='ltr'>sacrarum</span> <span class='ocrx_word' id='word_1_585' title='bbox 1791 896 2084 933; x_wconf 85' lang='lat' dir='ltr'>litteraruminter-</span> 
     </span>
    </p>
   </div>
   <div class='ocr_carea' id='block_1_12' title="bbox 1160 288 1210 3563">
    <p class='ocr_par' dir='ltr' id='par_1_14' title="bbox 1160 288 1210 3563">
     <span class='ocr_line' id='line_1_89' title="bbox 1160 288 1176 454; baseline 0 -96"><span class='ocrx_word' id='word_1_586' title='bbox 1160 288 1176 454; x_wconf 95' lang='lat' dir='ltr'>   </span> 
     </span>
     <span class='ocr_line' id='line_1_90' title="bbox 1162 454 1178 611; baseline 0 -94"><span class='ocrx_word' id='word_1_587' title='bbox 1162 454 1178 611; x_wconf 95' lang='lat' dir='ltr'>   </span> 
     </span>
     <span class='ocr_line' id='line_1_91' title="bbox 1163 611 1181 764; baseline 0 -105"><span class='ocrx_word' id='word_1_588' title='bbox 1163 611 1181 764; x_wconf 95' lang='lat' dir='ltr'>   </span> 
     </span>
     <span class='ocr_line' id='line_1_92' title="bbox 1167 764 1182 811; baseline 0 2913"><span class='ocrx_word' id='word_1_589' title='bbox 1167 764 1182 811; x_wconf 95' lang='lat' dir='ltr'> </span> 
     </span>
     <span class='ocr_line' id='line_1_93' title="bbox 1168 811 1184 961; baseline 0 -96"><span class='ocrx_word' id='word_1_590' title='bbox 1168 811 1184 961; x_wconf 95' lang='lat' dir='ltr'>   </span> 
     </span>
     <span class='ocr_line' id='line_1_94' title="bbox 1172 970 1188 1108; baseline 0 -42"><span class='ocrx_word' id='word_1_591' title='bbox 1172 970 1188 1108; x_wconf 95' lang='lat' dir='ltr'>  </span> 
     </span>
     <span class='ocr_line' id='line_1_95' title="bbox 1173 1108 1190 1262; baseline 0 -45"><span class='ocrx_word' id='word_1_592' title='bbox 1173 1108 1190 1262; x_wconf 95' lang='lat' dir='ltr'>   </span> 
     </span>
     <span class='ocr_line' id='line_1_96' title="bbox 1177 1366 1196 1515; baseline 0 -102"><span class='ocrx_word' id='word_1_593' title='bbox 1177 1366 1196 1515; x_wconf 95' lang='lat' dir='ltr'>   </span> 
     </span>
     <span class='ocr_line' id='line_1_97' title="bbox 1180 1515 1196 1562; baseline 0 2162"><span class='ocrx_word' id='word_1_594' title='bbox 1180 1515 1196 1562; x_wconf 95' lang='lat' dir='ltr'> </span> 
     </span>
     <span class='ocr_line' id='line_1_98' title="bbox 1181 1562 1198 1611; baseline 0 2113"><span class='ocrx_word' id='word_1_595' title='bbox 1181 1562 1198 1611; x_wconf 95' lang='lat' dir='ltr'> </span> 
     </span>
     <span class='ocr_line' id='line_1_99' title="bbox 1182 1611 1198 1663; baseline 0 2061"><span class='ocrx_word' id='word_1_596' title='bbox 1182 1611 1198 1663; x_wconf 95' lang='lat' dir='ltr'> </span> 
     </span>
     <span class='ocr_line' id='line_1_100' title="bbox 1182 1663 1199 1768; baseline 0 0"><span class='ocrx_word' id='word_1_597' title='bbox 1182 1663 1199 1768; x_wconf 95' lang='lat' dir='ltr'>  </span> 
     </span>
     <span class='ocr_line' id='line_1_101' title="bbox 1184 1768 1200 1815; baseline 0 1909"><span class='ocrx_word' id='word_1_598' title='bbox 1184 1768 1200 1815; x_wconf 95' lang='lat' dir='ltr'> </span> 
     </span>
     <span class='ocr_line' id='line_1_102' title="bbox 1185 1815 1201 1864; baseline 0 1860"><span class='ocrx_word' id='word_1_599' title='bbox 1185 1815 1201 1864; x_wconf 95' lang='lat' dir='ltr'> </span> 
     </span>
     <span class='ocr_line' id='line_1_103' title="bbox 1185 1864 1202 1915; baseline 0 1809"><span class='ocrx_word' id='word_1_600' title='bbox 1185 1864 1202 1915; x_wconf 95' lang='lat' dir='ltr'> </span> 
     </span>
     <span class='ocr_line' id='line_1_104' title="bbox 1185 1915 1203 2064; baseline 0 -51"><span class='ocrx_word' id='word_1_601' title='bbox 1185 1915 1203 2064; x_wconf 95' lang='lat' dir='ltr'>   </span> 
     </span>
     <span class='ocr_line' id='line_1_105' title="bbox 1186 2064 1210 3563; baseline 0 0"><span class='ocrx_word' id='word_1_602' title='bbox 1186 2064 1210 3563; x_wconf 95' lang='lat' dir='ltr'>  </span> 
     </span>
    </p>
   </div>
   <div class='ocr_carea' id='block_1_13' title="bbox 1193 946 2108 2745">
    <p class='ocr_par' dir='ltr' id='par_1_15' title="bbox 1193 946 2108 2745">
     <span class='ocr_line' id='line_1_106' title="bbox 1195 946 2085 990; baseline 0.003 -14"><span class='ocrx_word' id='word_1_603' title='bbox 1195 946 1375 986; x_wconf 86' lang='lat' dir='ltr'>pretatione</span> <span class='ocrx_word' id='word_1_604' title='bbox 1395 947 1487 983; x_wconf 72' lang='lat' dir='ltr'>fuisse</span> <span class='ocrx_word' id='word_1_605' title='bbox 1507 959 1640 990; x_wconf 67' lang='lat' dir='ltr'>entitas,</span> <span class='ocrx_word' id='word_1_606' title='bbox 1667 960 1705 983; x_wconf 90' lang='lat' dir='ltr'>ac</span> <span class='ocrx_word' id='word_1_607' title='bbox 1718 948 1811 984; x_wconf 84' lang='lat' dir='ltr'>istam</span> <span class='ocrx_word' id='word_1_608' title='bbox 1823 949 1887 984; x_wconf 81' lang='lat' dir='ltr'>effe</span> <span class='ocrx_word' id='word_1_609' title='bbox 1898 949 1998 983; x_wconf 85' lang='lat' dir='ltr'>etiam</span> <span class='ocrx_word' id='word_1_610' title='bbox 2012 947 2085 980; x_wconf 87' lang='lat' dir='ltr'>fon-</span> 
     </span>
     <span class='ocr_line' id='line_1_107' title="bbox 1193 994 2085 1042; baseline 0.003 -15"><span class='ocrx_word' id='word_1_611' title='bbox 1193 1006 1259 1027; x_wconf 87' lang='lat' dir='ltr'>tem</span> <span class='ocrx_word' id='word_1_612' title='bbox 1283 997 1416 1033; x_wconf 78' lang='lat' dir='ltr'>Arianae</span> <span class='ocrx_word' id='word_1_613' title='bbox 1439 998 1578 1041; x_wconf 84' lang='lat' dir='ltr'>perfidiae</span> <span class='ocrx_word' id='word_1_614' title='bbox 1599 1023 1606 1032; x_wconf 82' lang='grc'><strong>.</strong></span> <span class='ocrx_word' id='word_1_615' title='bbox 1645 999 1727 1033; x_wconf 89' lang='lat' dir='ltr'>Non</span> <span class='ocrx_word' id='word_1_616' title='bbox 1751 999 1834 1042; x_wconf 82' lang='lat' dir='ltr'>ipsas</span> <span class='ocrx_word' id='word_1_617' title='bbox 1862 1000 2003 1036; x_wconf 88' lang='lat' dir='ltr'>litteras,</span> <span class='ocrx_word' id='word_1_618' title='bbox 2030 994 2085 1031; x_wconf 75' lang='lat' dir='ltr'>sed</span> 
     </span>
     <span class='ocr_line' id='line_1_108' title="bbox 1196 1045 2088 1087; baseline 0.003 -10"><span class='ocrx_word' id='word_1_619' title='bbox 1196 1045 1284 1087; x_wconf 84' lang='lat' dir='ltr'>pravi</span> <span class='ocrx_word' id='word_1_620' title='bbox 1306 1047 1417 1082; x_wconf 78' lang='lat' dir='ltr'>sensus</span> <span class='ocrx_word' id='word_1_621' title='bbox 1443 1047 1608 1083; x_wconf 86' lang='lat' dir='ltr'>licentiam</span> <span class='ocrx_word' id='word_1_622' title='bbox 1622 1074 1629 1081; x_wconf 92' lang='lat'><strong>.</strong></span> <span class='ocrx_word' id='word_1_623' title='bbox 1658 1050 1751 1082; x_wconf 88' lang='lat' dir='ltr'>Hinc</span> <span class='ocrx_word' id='word_1_624' title='bbox 1774 1050 1815 1085; x_wconf 87' lang='lat' dir='ltr'>de</span> <span class='ocrx_word' id='word_1_625' title='bbox 1829 1049 1961 1083; x_wconf 84' lang='lat' dir='ltr'>Arianis</span> <span class='ocrx_word' id='word_1_626' title='bbox 1974 1047 2088 1082; x_wconf 86' lang='lat' dir='ltr'>scribit:</span> 
     </span>
     <span class='ocr_line' id='line_1_109' title="bbox 1195 1095 2088 1143; baseline 0.004 -16"><span class='ocrx_word' id='word_1_627' title='bbox 1195 1095 1274 1129; x_wconf 88' lang='lat' dir='ltr'>&amp;in</span> <span class='ocrx_word' id='word_1_628' title='bbox 1300 1108 1419 1139; x_wconf 87' lang='lat' dir='ltr'>quarto</span> <span class='ocrx_word' id='word_1_629' title='bbox 1442 1097 1546 1131; x_wconf 85' lang='lat' dir='ltr'>libro:</span> <span class='ocrx_word' id='word_1_630' title='bbox 1575 1101 1724 1133; x_wconf 83' lang='lat' dir='ltr'>Videntur</span> <span class='ocrx_word' id='word_1_631' title='bbox 1729 1099 1785 1140; x_wconf 82' lang='lat' dir='ltr'>fibi</span> <span class='ocrx_word' id='word_1_632' title='bbox 1797 1101 1835 1132; x_wconf 86' lang='lat' dir='ltr'>de</span> <span class='ocrx_word' id='word_1_633' title='bbox 1839 1099 1989 1143; x_wconf 82' lang='lat' dir='ltr'>singulis,</span> <span class='ocrx_word' id='word_1_634' title='bbox 2018 1109 2088 1140; x_wconf 79' lang='lat' dir='ltr'>quae</span> 
     </span>
     <span class='ocr_line' id='line_1_110' title="bbox 1196 1145 2090 1193; baseline 0.002 -16"><span class='ocrx_word' id='word_1_635' title='bbox 1196 1145 1344 1189; x_wconf 79' lang='lat' dir='ltr'>afferunt,</span> <span class='ocrx_word' id='word_1_636' title='bbox 1367 1148 1512 1188; x_wconf 82' lang='lat' dir='ltr'>praestare</span> <span class='ocrx_word' id='word_1_637' title='bbox 1538 1154 1682 1181; x_wconf 75' lang='lat' dir='ltr'>rationem</span> <span class='ocrx_word' id='word_1_638' title='bbox 1695 1173 1705 1189; x_wconf 93' lang='lat'>‚</span> <span class='ocrx_word' id='word_1_639' title='bbox 1732 1155 1804 1191; x_wconf 84' lang='lat' dir='ltr'>quia</span> <span class='ocrx_word' id='word_1_640' title='bbox 1821 1147 1944 1193; x_wconf 74' lang='lat' dir='ltr'>singulis</span> <span class='ocrx_word' id='word_1_641' title='bbox 1963 1149 2090 1190; x_wconf 78' lang='lat' dir='ltr'>assertio·</span> 
     </span>
     <span class='ocr_line' id='line_1_111' title="bbox 1199 1195 2092 1240; baseline 0.001 -12"><span class='ocrx_word' id='word_1_642' title='bbox 1199 1196 1286 1229; x_wconf 78' lang='lat' dir='ltr'>nibus</span> <span class='ocrx_word' id='word_1_643' title='bbox 1306 1195 1371 1240; x_wconf 84' lang='lat' dir='ltr'>suis</span> <span class='ocrx_word' id='word_1_644' title='bbox 1386 1199 1525 1239; x_wconf 86' lang='lat' dir='ltr'>quaedam</span> <span class='ocrx_word' id='word_1_645' title='bbox 1547 1210 1585 1233; x_wconf 81' lang='lat' dir='ltr'>ex</span> <span class='ocrx_word' id='word_1_646' title='bbox 1599 1201 1726 1233; x_wconf 84' lang='lat' dir='ltr'>Divinis</span> <span class='ocrx_word' id='word_1_647' title='bbox 1738 1199 1940 1232; x_wconf 79' lang='lat' dir='ltr'>volumInibus</span> <span class='ocrx_word' id='word_1_648' title='bbox 1961 1197 2092 1237; x_wconf 80' lang='lat' dir='ltr'>testimo-</span> 
     </span>
     <span class='ocr_line' id='line_1_112' title="bbox 1199 1245 2091 1293; baseline 0.003 -16"><span class='ocrx_word' id='word_1_649' title='bbox 1199 1252 1251 1278; x_wconf 84' lang='lat' dir='ltr'>nia</span> <span class='ocrx_word' id='word_1_650' title='bbox 1267 1247 1467 1291; x_wconf 81' lang='lat' dir='ltr'>subdiderunt</span> <span class='ocrx_word' id='word_1_651' title='bbox 1492 1272 1502 1287; x_wconf 88' lang='lat'>‚</span> <span class='ocrx_word' id='word_1_652' title='bbox 1530 1260 1599 1290; x_wconf 86' lang='lat' dir='ltr'>quae</span> <span class='ocrx_word' id='word_1_653' title='bbox 1622 1258 1755 1291; x_wconf 81' lang='lat' dir='ltr'>corrupto</span> <span class='ocrx_word' id='word_1_654' title='bbox 1775 1249 1983 1293; x_wconf 63' lang='lat' dir='ltr'>intelligentia·</span> <span class='ocrx_word' id='word_1_655' title='bbox 2002 1245 2091 1291; x_wconf 78' lang='lat' dir='ltr'>sensu</span> 
     </span>
     <span class='ocr_line' id='line_1_113' title="bbox 1194 1294 2094 1342; baseline 0.001 -13"><span class='ocrx_word' id='word_1_656' title='bbox 1194 1294 1267 1339; x_wconf 82' lang='lat' dir='ltr'>solis</span> <span class='ocrx_word' id='word_1_657' title='bbox 1288 1299 1410 1331; x_wconf 70' lang='lat' dir='ltr'>tantum</span> <span class='ocrx_word' id='word_1_658' title='bbox 1434 1299 1639 1341; x_wconf 75' lang='lat' dir='ltr'>ignorantibus</span> <span class='ocrx_word' id='word_1_659' title='bbox 1654 1300 1857 1332; x_wconf 84' lang='lat' dir='ltr'>blandiantur·</span> <span class='ocrx_word' id='word_1_660' title='bbox 1871 1323 1882 1339; x_wconf 85' lang='lat'>‚</span> <span class='ocrx_word' id='word_1_661' title='bbox 1902 1297 2029 1342; x_wconf 85' lang='lat' dir='ltr'>speciem</span> <span class='ocrx_word' id='word_1_662' title='bbox 2041 1309 2094 1331; x_wconf 84' lang='lat' dir='ltr'>ve-</span> 
     </span>
     <span class='ocr_line' id='line_1_114' title="bbox 1200 1347 2096 1391; baseline 0.002 -13"><span class='ocrx_word' id='word_1_663' title='bbox 1200 1353 1304 1380; x_wconf 74' lang='lat' dir='ltr'>ritatis</span> <span class='ocrx_word' id='word_1_664' title='bbox 1323 1347 1485 1391; x_wconf 61' lang='lat' dir='ltr'>fecundum</span> <span class='ocrx_word' id='word_1_665' title='bbox 1502 1355 1694 1390; x_wconf 72' lang='lat' dir='ltr'>pravitatem</span> <span class='ocrx_word' id='word_1_666' title='bbox 1732 1354 1998 1391; x_wconf 80' lang='lat' dir='ltr'>interpretantium</span> <span class='ocrx_word' id='word_1_667' title='bbox 2016 1356 2096 1390; x_wconf 81' lang='lat' dir='ltr'>prae-</span> 
     </span>
     <span class='ocr_line' id='line_1_115' title="bbox 1195 1396 2098 1443; baseline 0.003 -15"><span class='ocrx_word' id='word_1_668' title='bbox 1195 1396 1306 1436; x_wconf 82' lang='lat' dir='ltr'>stitura</span> <span class='ocrx_word' id='word_1_669' title='bbox 1329 1421 1336 1429; x_wconf 87' lang='lat'><strong>.</strong></span> <span class='ocrx_word' id='word_1_670' title='bbox 1364 1397 1409 1434; x_wconf 88' lang='lat' dir='ltr'>Et</span> <span class='ocrx_word' id='word_1_671' title='bbox 1433 1397 1467 1434; x_wconf 89' lang='lat' dir='ltr'>in</span> <span class='ocrx_word' id='word_1_672' title='bbox 1497 1398 1582 1435; x_wconf 90' lang='lat' dir='ltr'>libro</span> <span class='ocrx_word' id='word_1_673' title='bbox 1603 1398 1644 1432; x_wconf 91' lang='lat' dir='ltr'>ad</span> <span class='ocrx_word' id='word_1_674' title='bbox 1669 1399 1904 1443; x_wconf 78' lang='lat' dir='ltr'>Imperatorem</span> <span class='ocrx_word' id='word_1_675' title='bbox 1933 1398 2098 1432; x_wconf 84' lang='lat' dir='ltr'>Constan-</span> 
     </span>
     <span class='ocr_line' id='line_1_116' title="bbox 1203 1445 2097 1492; baseline 0.001 -13"><span class='ocrx_word' id='word_1_676' title='bbox 1203 1447 1286 1480; x_wconf 89' lang='lat' dir='ltr'>tium</span> <span class='ocrx_word' id='word_1_677' title='bbox 1301 1460 1312 1481; x_wconf 66' lang='lat'>.-</span> <span class='ocrx_word' id='word_1_678' title='bbox 1342 1451 1490 1482; x_wconf 84' lang='lat' dir='ltr'>Memento</span> <span class='ocrx_word' id='word_1_679' title='bbox 1502 1454 1650 1483; x_wconf 77' lang='lat' dir='ltr'>neminem</span> <span class='ocrx_word' id='word_1_680' title='bbox 1676 1449 1881 1486; x_wconf 60' lang='lat' dir='ltr'>haereticorum</span> <span class='ocrx_word' id='word_1_681' title='bbox 1893 1450 1964 1492; x_wconf 80' lang='lat' dir='ltr'>effe,</span> <span class='ocrx_word' id='word_1_682' title='bbox 1989 1454 2042 1490; x_wconf 81' lang='lat' dir='ltr'>qui</span> <span class='ocrx_word' id='word_1_683' title='bbox 2064 1445 2097 1491; x_wconf 82' lang='lat' dir='ltr'>se</span> 
     </span>
     <span class='ocr_line' id='line_1_117' title="bbox 1203 1496 2097 1540; baseline 0.003 -13"><span class='ocrx_word' id='word_1_684' title='bbox 1203 1507 1280 1530; x_wconf 75' lang='lat' dir='ltr'>nune</span> <span class='ocrx_word' id='word_1_685' title='bbox 1305 1496 1534 1539; x_wconf 65' lang='lat' dir='ltr'>notificandum</span> <span class='ocrx_word' id='word_1_686' title='bbox 1543 1498 1713 1540; x_wconf 84' lang='lat' dir='ltr'>scripturas</span> <span class='ocrx_word' id='word_1_687' title='bbox 1724 1501 1895 1540; x_wconf 69' lang='lat' dir='ltr'>praedicare</span> <span class='ocrx_word' id='word_1_688' title='bbox 1912 1510 1945 1531; x_wconf 74' lang='lat' dir='ltr'>aa</span> <span class='ocrx_word' id='word_1_689' title='bbox 1958 1521 1967 1537; x_wconf 84' lang='lat'><strong>,</strong></span> <span class='ocrx_word' id='word_1_690' title='bbox 1989 1498 2097 1540; x_wconf 74' lang='lat' dir='ltr'>quibus</span> 
     </span>
     <span class='ocr_line' id='line_1_118' title="bbox 1205 1544 2101 1589; baseline 0.008 -14"><span class='ocrx_word' id='word_1_691' title='bbox 1205 1544 1416 1589; x_wconf 79' lang='lat' dir='ltr'>blasphemat,</span> <span class='ocrx_word' id='word_1_692' title='bbox 1443 1552 1628 1582; x_wconf 59' lang='lat' dir='ltr'>mentiatur,</span> <span class='ocrx_word' id='word_1_693' title='bbox 1656 1553 1742 1583; x_wconf 77' lang='lat' dir='ltr'>Hinc</span> <span class='ocrx_word' id='word_1_694' title='bbox 1759 1553 1838 1581; x_wconf 86' lang='lat' dir='ltr'>enim</span> <span class='ocrx_word' id='word_1_695' title='bbox 1849 1548 2006 1582; x_wconf 82' lang='lat' dir='ltr'>Marcellus</span> <span class='ocrx_word' id='word_1_696' title='bbox 2028 1552 2101 1581; x_wconf 63' lang='lat' dir='ltr'>Vec-</span> 
     </span>
     <span class='ocr_line' id='line_1_119' title="bbox 1204 1594 2102 1640; baseline 0.004 -14"><span class='ocrx_word' id='word_1_697' title='bbox 1204 1594 1275 1626; x_wconf 87' lang='lat' dir='ltr'>bum</span> <span class='ocrx_word' id='word_1_698' title='bbox 1298 1597 1377 1635; x_wconf 84' lang='lat' dir='ltr'>Dei,</span> <span class='ocrx_word' id='word_1_699' title='bbox 1403 1596 1468 1628; x_wconf 66' lang='lat' dir='ltr'>cum</span> <span class='ocrx_word' id='word_1_700' title='bbox 1489 1597 1584 1640; x_wconf 84' lang='lat' dir='ltr'>legit,</span> <span class='ocrx_word' id='word_1_701' title='bbox 1612 1596 1701 1640; x_wconf 86' lang='lat' dir='ltr'>nescit</span> <span class='ocrx_word' id='word_1_702' title='bbox 1720 1622 1727 1629; x_wconf 88' lang='lat'><strong>.</strong></span> <span class='ocrx_word' id='word_1_703' title='bbox 1758 1601 1834 1632; x_wconf 79' lang='lat' dir='ltr'>Hinc</span> <span class='ocrx_word' id='word_1_704' title='bbox 1857 1598 2031 1638; x_wconf 83' lang='lat' dir='ltr'>Photinus,</span> <span class='ocrx_word' id='word_1_705' title='bbox 2053 1596 2102 1630; x_wconf 81' lang='lat' dir='ltr'>bo-</span> 
     </span>
     <span class='ocr_line' id='line_1_120' title="bbox 1205 1645 2102 1693; baseline 0.004 -17"><span class='ocrx_word' id='word_1_706' title='bbox 1205 1650 1314 1678; x_wconf 81' lang='lat' dir='ltr'>minem</span> <span class='ocrx_word' id='word_1_707' title='bbox 1327 1645 1485 1687; x_wconf 84' lang='lat' dir='ltr'><strong>JESUM</strong></span> <span class='ocrx_word' id='word_1_708' title='bbox 1498 1647 1767 1683; x_wconf 89' lang='lat' dir='ltr'>CHRISTUM</span> <span class='ocrx_word' id='word_1_709' title='bbox 1780 1660 1845 1683; x_wconf 86' lang='lat' dir='ltr'>cum</span> <span class='ocrx_word' id='word_1_710' title='bbox 1856 1650 1986 1693; x_wconf 81' lang='lat' dir='ltr'>loquitur</span> <span class='ocrx_word' id='word_1_711' title='bbox 1997 1673 2007 1688; x_wconf 89' lang='lat'>‚</span> <span class='ocrx_word' id='word_1_712' title='bbox 2021 1653 2102 1692; x_wconf 83' lang='lat' dir='ltr'>igno-</span> 
     </span>
     <span class='ocr_line' id='line_1_121' title="bbox 1205 1693 2103 1744; baseline 0.007 -18"><span class='ocrx_word' id='word_1_713' title='bbox 1205 1702 1256 1726; x_wconf 83' lang='lat' dir='ltr'>rat</span> <span class='ocrx_word' id='word_1_714' title='bbox 1271 1719 1278 1727; x_wconf 86' lang='lat'><strong>.</strong></span> <span class='ocrx_word' id='word_1_715' title='bbox 1305 1697 1381 1729; x_wconf 75' lang='lat' dir='ltr'>Hinc</span> <span class='ocrx_word' id='word_1_716' title='bbox 1393 1698 1429 1732; x_wconf 66' lang='grc'>6·</span> <span class='ocrx_word' id='word_1_717' title='bbox 1440 1696 1586 1731; x_wconf 77' lang='lat' dir='ltr'>Sabellius</span> <span class='ocrx_word' id='word_1_718' title='bbox 1597 1722 1607 1738; x_wconf 80' lang='lat'>,</span> <span class='ocrx_word' id='word_1_719' title='bbox 1633 1700 1706 1732; x_wconf 86' lang='lat' dir='ltr'>dum</span> <span class='ocrx_word' id='word_1_720' title='bbox 1731 1701 1812 1742; x_wconf 87' lang='lat' dir='ltr'>quod</span> <span class='ocrx_word' id='word_1_721' title='bbox 1825 1700 1899 1744; x_wconf 84' lang='lat' dir='ltr'>Ego</span> <span class='ocrx_word' id='word_1_722' title='bbox 1911 1700 1944 1734; x_wconf 72' lang='grc' dir='ltr'>ὃς</span> <span class='ocrx_word' id='word_1_723' title='bbox 1957 1699 2056 1732; x_wconf 80' lang='lat' dir='ltr'>Pater.</span> <span class='ocrx_word' id='word_1_724' title='bbox 2067 1693 2103 1732; x_wconf 77' lang='lat' dir='ltr'>u-</span> 
     </span>
     <span class='ocr_line' id='line_1_122' title="bbox 1209 1746 2108 1792; baseline 0.002 -14"><span class='ocrx_word' id='word_1_725' title='bbox 1209 1756 1288 1779; x_wconf 90' lang='lat' dir='ltr'>num</span> <span class='ocrx_word' id='word_1_726' title='bbox 1311 1746 1439 1788; x_wconf 68' lang='lat' dir='ltr'>sumus,</span> <span class='ocrx_word' id='word_1_727' title='bbox 1465 1757 1524 1780; x_wconf 77' lang='lat' dir='ltr'>noa</span> <span class='ocrx_word' id='word_1_728' title='bbox 1548 1749 1713 1792; x_wconf 82' lang='lat' dir='ltr'>intelligit,</span> <span class='ocrx_word' id='word_1_729' title='bbox 1734 1748 1797 1790; x_wconf 85' lang='lat' dir='ltr'>fine</span> <span class='ocrx_word' id='word_1_730' title='bbox 1809 1754 1878 1782; x_wconf 70' lang='lat' dir='ltr'>Dea</span> <span class='ocrx_word' id='word_1_731' title='bbox 1890 1749 2029 1784; x_wconf 72' lang='lat' dir='ltr'>Patre&amp;</span> <span class='ocrx_word' id='word_1_732' title='bbox 2043 1747 2108 1789; x_wconf 79' lang='lat' dir='ltr'>fine</span> 
     </span>
     <span class='ocr_line' id='line_1_123' title="bbox 1210 1795 2106 1841; baseline 0.006 -15"><span class='ocrx_word' id='word_1_733' title='bbox 1210 1798 1271 1828; x_wconf 89' lang='lat' dir='ltr'>Deo</span> <span class='ocrx_word' id='word_1_734' title='bbox 1285 1796 1365 1829; x_wconf 60' lang='lat' dir='ltr'>Filio</span> <span class='ocrx_word' id='word_1_735' title='bbox 1383 1795 1421 1837; x_wconf 82' lang='lat' dir='ltr'>est</span> <span class='ocrx_word' id='word_1_736' title='bbox 1433 1820 1441 1830; x_wconf 88' lang='lat'>.</span> <span class='ocrx_word' id='word_1_737' title='bbox 1469 1803 1549 1833; x_wconf 85' lang='lat' dir='ltr'>Hinc</span> <span class='ocrx_word' id='word_1_738' title='bbox 1561 1800 1595 1833; x_wconf 61' lang='grc' dir='ltr'>(θ’</span> <span class='ocrx_word' id='word_1_739' title='bbox 1606 1801 1770 1832; x_wconf 77' lang='lat' dir='ltr'>Montanus</span> <span class='ocrx_word' id='word_1_740' title='bbox 1788 1808 1844 1841; x_wconf 84' lang='lat' dir='ltr'>per</span> <span class='ocrx_word' id='word_1_741' title='bbox 1860 1798 1982 1841; x_wconf 82' lang='lat' dir='ltr'>insanas</span> <span class='ocrx_word' id='word_1_742' title='bbox 2000 1797 2106 1840; x_wconf 80' lang='lat' dir='ltr'>foemi·</span> 
     </span>
     <span class='ocr_line' id='line_1_124' title="bbox 1209 1843 2108 1891; baseline 0.004 -13"><span class='ocrx_word' id='word_1_743' title='bbox 1209 1856 1264 1878; x_wconf 86' lang='lat' dir='ltr'>nas</span> <span class='ocrx_word' id='word_1_744' title='bbox 1273 1843 1348 1887; x_wconf 73' lang='lat' dir='ltr'>ficas</span> <span class='ocrx_word' id='word_1_745' title='bbox 1363 1847 1556 1883; x_wconf 83' lang='lat' dir='ltr'>Paracletum</span> <span class='ocrx_word' id='word_1_746' title='bbox 1569 1849 1663 1882; x_wconf 87' lang='lat' dir='ltr'>alium</span> <span class='ocrx_word' id='word_1_747' title='bbox 1676 1849 1816 1891; x_wconf 79' lang='lat' dir='ltr'>defendit</span> <span class='ocrx_word' id='word_1_748' title='bbox 1830 1873 1837 1880; x_wconf 88' lang='lat'><strong>.</strong></span> <span class='ocrx_word' id='word_1_749' title='bbox 1862 1854 1943 1885; x_wconf 85' lang='lat' dir='ltr'>Hinc</span> <span class='ocrx_word' id='word_1_750' title='bbox 1960 1850 1994 1883; x_wconf 67' lang='lat'>&amp;⁵</span> <span class='ocrx_word' id='word_1_751' title='bbox 2005 1852 2108 1882; x_wconf 82' lang='lat' dir='ltr'>Mani-</span> 
     </span>
     <span class='ocr_line' id='line_1_125' title="bbox 1207 1894 2107 1942; baseline 0.006 -14"><span class='ocrx_word' id='word_1_752' title='bbox 1207 1894 1307 1931; x_wconf 83' lang='lat' dir='ltr'>cbaeus</span> <span class='ocrx_word' id='word_1_753' title='bbox 1319 1897 1353 1932; x_wconf 65' lang='grc'>6,*</span> <span class='ocrx_word' id='word_1_754' title='bbox 1365 1900 1500 1931; x_wconf 83' lang='lat' dir='ltr'>Marcion</span> <span class='ocrx_word' id='word_1_755' title='bbox 1514 1898 1605 1941; x_wconf 83' lang='lat' dir='ltr'>legem</span> <span class='ocrx_word' id='word_1_756' title='bbox 1618 1901 1684 1934; x_wconf 80' lang='lat' dir='ltr'>odit</span> <span class='ocrx_word' id='word_1_757' title='bbox 1697 1924 1708 1940; x_wconf 89' lang='lat'>‚</span> <span class='ocrx_word' id='word_1_758' title='bbox 1734 1907 1806 1942; x_wconf 86' lang='lat' dir='ltr'>quia</span> <span class='ocrx_word' id='word_1_759' title='bbox 1817 1901 1921 1933; x_wconf 85' lang='lat' dir='ltr'>littera</span> <span class='ocrx_word' id='word_1_760' title='bbox 1932 1900 2037 1932; x_wconf 85' lang='lat' dir='ltr'>occidit</span> <span class='ocrx_word' id='word_1_761' title='bbox 2049 1924 2059 1939; x_wconf 88' lang='lat'>‚</span> <span class='ocrx_word' id='word_1_762' title='bbox 2070 1900 2107 1933; x_wconf 69' lang='lat'>&amp;¹</span> 
     </span>
     <span class='ocr_line' id='line_1_126' title="bbox 1205 1946 2105 1991; baseline 0.002 -12"><span class='ocrx_word' id='word_1_763' title='bbox 1205 1950 1348 1988; x_wconf 78' lang='lat' dir='ltr'>princeps</span> <span class='ocrx_word' id='word_1_764' title='bbox 1371 1948 1476 1980; x_wconf 78' lang='lat' dir='ltr'>munds·</span> <span class='ocrx_word' id='word_1_765' title='bbox 1500 1948 1634 1982; x_wconf 86' lang='lat' dir='ltr'>diabolus</span> <span class='ocrx_word' id='word_1_766' title='bbox 1657 1949 1695 1990; x_wconf 78' lang='lat' dir='ltr'>est</span> <span class='ocrx_word' id='word_1_767' title='bbox 1709 1975 1716 1981; x_wconf 89' lang='lat'><strong>.</strong></span> <span class='ocrx_word' id='word_1_768' title='bbox 1744 1957 1854 1986; x_wconf 85' lang='lat' dir='ltr'>omnes</span> <span class='ocrx_word' id='word_1_769' title='bbox 1867 1953 2037 1991; x_wconf 72' lang='lat' dir='ltr'>scripturas</span> <span class='ocrx_word' id='word_1_770' title='bbox 2045 1946 2105 1989; x_wconf 82' lang='lat' dir='ltr'>fine</span> 
     </span>
     <span class='ocr_line' id='line_1_127' title="bbox 1205 1994 2107 2041; baseline 0.002 -12"><span class='ocrx_word' id='word_1_771' title='bbox 1205 1994 1295 2039; x_wconf 84' lang='lat' dir='ltr'>sensu</span> <span class='ocrx_word' id='word_1_772' title='bbox 1319 1995 1484 2040; x_wconf 86' lang='lat' dir='ltr'>loquuntur</span> <span class='ocrx_word' id='word_1_773' title='bbox 1497 2022 1508 2038; x_wconf 89' lang='lat'>‚</span> <span class='ocrx_word' id='word_1_774' title='bbox 1531 1997 1622 2040; x_wconf 80' lang='lat' dir='ltr'>fidem</span> <span class='ocrx_word' id='word_1_775' title='bbox 1639 1997 1700 2040; x_wconf 82' lang='lat' dir='ltr'>fine</span> <span class='ocrx_word' id='word_1_776' title='bbox 1714 2000 1778 2041; x_wconf 83' lang='lat' dir='ltr'>fide</span> <span class='ocrx_word' id='word_1_777' title='bbox 1786 2001 2002 2040; x_wconf 80' lang='lat' dir='ltr'>praetendunt.</span> <span class='ocrx_word' id='word_1_778' title='bbox 2030 2000 2107 2031; x_wconf 76' lang='lat' dir='ltr'>Scri-</span> 
     </span>
     <span class='ocr_line' id='line_1_128' title="bbox 1206 2047 2100 2092; baseline 0.003 -14"><span class='ocrx_word' id='word_1_779' title='bbox 1206 2055 1307 2088; x_wconf 80' lang='lat' dir='ltr'>pturae</span> <span class='ocrx_word' id='word_1_780' title='bbox 1318 2054 1399 2083; x_wconf 81' lang='lat' dir='ltr'>enim</span> <span class='ocrx_word' id='word_1_781' title='bbox 1411 2060 1469 2081; x_wconf 82' lang='lat' dir='ltr'>non</span> <span class='ocrx_word' id='word_1_782' title='bbox 1480 2054 1513 2084; x_wconf 84' lang='lat' dir='ltr'>in</span> <span class='ocrx_word' id='word_1_783' title='bbox 1523 2048 1723 2092; x_wconf 85' lang='lat' dir='ltr'>legendosunt</span> <span class='ocrx_word' id='word_1_784' title='bbox 1733 2072 1744 2087; x_wconf 84' lang='lat'><em>,</em></span> <span class='ocrx_word' id='word_1_785' title='bbox 1765 2048 1867 2091; x_wconf 85' lang='lat' dir='ltr'>sedin</span> <span class='ocrx_word' id='word_1_786' title='bbox 1887 2047 2080 2092; x_wconf 74' lang='lat' dir='ltr'>intelligendo</span> <span class='ocrx_word' id='word_1_787' title='bbox 2092 2072 2100 2081; x_wconf 96' lang='lat'>.</span> 
     </span>
     <span class='ocr_line' id='line_1_129' title="bbox 1213 2095 2102 2141; baseline 0.003 -12"><span class='ocrx_word' id='word_1_788' title='bbox 1213 2101 1319 2139; x_wconf 86' lang='lat' dir='ltr'>Neque</span> <span class='ocrx_word' id='word_1_789' title='bbox 1345 2103 1378 2131; x_wconf 82' lang='lat' dir='ltr'>in</span> <span class='ocrx_word' id='word_1_790' title='bbox 1395 2104 1653 2140; x_wconf 64' lang='lat' dir='ltr'>praevaricatione</span> <span class='ocrx_word' id='word_1_791' title='bbox 1672 2095 1746 2141; x_wconf 84' lang='lat' dir='ltr'>sunt</span> <span class='ocrx_word' id='word_1_792' title='bbox 1770 2121 1780 2136; x_wconf 93' lang='lat'>,</span> <span class='ocrx_word' id='word_1_793' title='bbox 1801 2097 1908 2141; x_wconf 79' lang='lat' dir='ltr'>sedin</span> <span class='ocrx_word' id='word_1_794' title='bbox 1928 2097 2102 2132; x_wconf 66' lang='lat' dir='ltr'>charitate.</span> 
     </span>
     <span class='ocr_line' id='line_1_130' title="bbox 1213 2147 2107 2193; baseline 0.002 -13"><span class='ocrx_word' id='word_1_795' title='bbox 1213 2147 1368 2181; x_wconf 76' lang='lat' dir='ltr'>plurimis</span> <span class='ocrx_word' id='word_1_796' title='bbox 1389 2148 1524 2181; x_wconf 82' lang='lat' dir='ltr'>Patrum</span> <span class='ocrx_word' id='word_1_797' title='bbox 1551 2147 1752 2182; x_wconf 83' lang='lat' dir='ltr'>testimoniis</span> <span class='ocrx_word' id='word_1_798' title='bbox 1774 2148 1842 2183; x_wconf 85' lang='lat' dir='ltr'>haec</span> <span class='ocrx_word' id='word_1_799' title='bbox 1854 2148 1974 2193; x_wconf 79' lang='lat' dir='ltr'>possint</span> <span class='ocrx_word' id='word_1_800' title='bbox 1985 2150 2107 2183; x_wconf 77' lang='lat' dir='ltr'>confir·</span> 
     </span>
     <span class='ocr_line' id='line_1_131' title="bbox 1213 2194 2106 2240; baseline 0.006 -12"><span class='ocrx_word' id='word_1_801' title='bbox 1213 2197 1315 2228; x_wconf 85' lang='lat' dir='ltr'>mari.</span> <span class='ocrx_word' id='word_1_802' title='bbox 1344 2196 1388 2231; x_wconf 87' lang='lat' dir='ltr'>Et</span> <span class='ocrx_word' id='word_1_803' title='bbox 1410 2194 1493 2233; x_wconf 73' lang='lat' dir='ltr'>hine</span> <span class='ocrx_word' id='word_1_804' title='bbox 1517 2197 1686 2232; x_wconf 80' lang='lat' dir='ltr'>Martinus</span> <span class='ocrx_word' id='word_1_805' title='bbox 1709 2197 1899 2240; x_wconf 86' lang='lat' dir='ltr'>Lutherus,</span> <span class='ocrx_word' id='word_1_806' title='bbox 1927 2199 2004 2233; x_wconf 88' lang='lat' dir='ltr'>licet</span> <span class='ocrx_word' id='word_1_807' title='bbox 2027 2199 2106 2233; x_wconf 87' lang='lat' dir='ltr'>blas-</span> 
     </span>
     <span class='ocr_line' id='line_1_132' title="bbox 1214 2243 2106 2294; baseline 0.007 -17"><span class='ocrx_word' id='word_1_808' title='bbox 1214 2243 1335 2288; x_wconf 87' lang='lat' dir='ltr'>phemo</span> <span class='ocrx_word' id='word_1_809' title='bbox 1357 2245 1471 2281; x_wconf 85' lang='lat' dir='ltr'>animo</span> <span class='ocrx_word' id='word_1_810' title='bbox 1486 2270 1498 2287; x_wconf 84' lang='lat'>‚</span> <span class='ocrx_word' id='word_1_811' title='bbox 1522 2257 1636 2282; x_wconf 87' lang='lat' dir='ltr'>tamen</span> <span class='ocrx_word' id='word_1_812' title='bbox 1657 2259 1727 2284; x_wconf 87' lang='lat' dir='ltr'>non</span> <span class='ocrx_word' id='word_1_813' title='bbox 1752 2250 1883 2294; x_wconf 87' lang='lat' dir='ltr'>penitus</span> <span class='ocrx_word' id='word_1_814' title='bbox 1903 2249 1970 2283; x_wconf 87' lang='lat' dir='ltr'>sine</span> <span class='ocrx_word' id='word_1_815' title='bbox 1988 2250 2106 2284; x_wconf 90' lang='lat' dir='ltr'>funda-</span> 
     </span>
     <span class='ocr_line' id='line_1_133' title="bbox 1213 2295 2107 2336; baseline 0.007 -9"><span class='ocrx_word' id='word_1_816' title='bbox 1213 2304 1329 2328; x_wconf 82' lang='lat' dir='ltr'>mento</span> <span class='ocrx_word' id='word_1_817' title='bbox 1352 2295 1438 2333; x_wconf 82' lang='lat' dir='ltr'>dixit</span> <span class='ocrx_word' id='word_1_818' title='bbox 1461 2295 1569 2332; x_wconf 79' lang='lat' dir='ltr'>sacras</span> <span class='ocrx_word' id='word_1_819' title='bbox 1603 2298 1731 2334; x_wconf 80' lang='lat' dir='ltr'>litteras</span> <span class='ocrx_word' id='word_1_820' title='bbox 1750 2299 1814 2336; x_wconf 78' lang='lat' dir='ltr'>esse</span> <span class='ocrx_word' id='word_1_821' title='bbox 1835 2299 1957 2336; x_wconf 89' lang='lat' dir='ltr'>librum</span> <span class='ocrx_word' id='word_1_822' title='bbox 1983 2297 2107 2334; x_wconf 85' lang='lat' dir='ltr'>haereti-</span> 
     </span>
     <span class='ocr_line' id='line_1_134' title="bbox 1212 2346 2104 2393; baseline 0.007 -16"><span class='ocrx_word' id='word_1_823' title='bbox 1212 2355 1328 2378; x_wconf 87' lang='lat' dir='ltr'>corum</span> <span class='ocrx_word' id='word_1_824' title='bbox 1349 2369 1358 2379; x_wconf 79' lang='lat'>.</span> <span class='ocrx_word' id='word_1_825' title='bbox 1393 2346 1525 2389; x_wconf 72' lang='lat' dir='ltr'>Nempe</span> <span class='ocrx_word' id='word_1_826' title='bbox 1547 2346 1640 2390; x_wconf 69' lang='lat' dir='ltr'>quod</span> <span class='ocrx_word' id='word_1_827' title='bbox 1662 2360 1705 2383; x_wconf 80' lang='lat' dir='ltr'>ex</span> <span class='ocrx_word' id='word_1_828' title='bbox 1726 2350 1798 2393; x_wconf 82' lang='lat' dir='ltr'>ipso</span> <span class='ocrx_word' id='word_1_829' title='bbox 1819 2361 1938 2385; x_wconf 85' lang='lat' dir='ltr'>omnes</span> <span class='ocrx_word' id='word_1_830' title='bbox 1960 2349 2104 2384; x_wconf 80' lang='lat' dir='ltr'>haeretici</span> 
     </span>
     <span class='ocr_line' id='line_1_135' title="bbox 1214 2392 2105 2445; baseline 0.01 -19"><span class='ocrx_word' id='word_1_831' title='bbox 1214 2392 1366 2429; x_wconf 80' lang='lat' dir='ltr'>hauriant</span> <span class='ocrx_word' id='word_1_832' title='bbox 1379 2395 1471 2430; x_wconf 73' lang='lat' dir='ltr'>fisum</span> <span class='ocrx_word' id='word_1_833' title='bbox 1484 2406 1667 2432; x_wconf 79' lang='lat' dir='ltr'>venenum.</span> <span class='ocrx_word' id='word_1_834' title='bbox 1699 2399 1782 2434; x_wconf 91' lang='lat' dir='ltr'>Non</span> <span class='ocrx_word' id='word_1_835' title='bbox 1805 2412 1849 2435; x_wconf 83' lang='lat' dir='ltr'>ex</span> <span class='ocrx_word' id='word_1_836' title='bbox 1873 2402 1945 2445; x_wconf 90' lang='lat' dir='ltr'>ipso</span> <span class='ocrx_word' id='word_1_837' title='bbox 1960 2425 1972 2441; x_wconf 92' lang='lat'>‚</span> <span class='ocrx_word' id='word_1_838' title='bbox 1999 2400 2049 2434; x_wconf 90' lang='lat' dir='ltr'>sed</span> <span class='ocrx_word' id='word_1_839' title='bbox 2062 2412 2105 2435; x_wconf 80' lang='lat' dir='ltr'>ex</span> 
     </span>
     <span class='ocr_line' id='line_1_136' title="bbox 1213 2445 2108 2494; baseline 0.009 -17"><span class='ocrx_word' id='word_1_840' title='bbox 1213 2445 1266 2481; x_wconf 83' lang='lat' dir='ltr'>sua</span> <span class='ocrx_word' id='word_1_841' title='bbox 1290 2445 1429 2487; x_wconf 74' lang='lat' dir='ltr'>audaci,</span> <span class='ocrx_word' id='word_1_842' title='bbox 1454 2448 1648 2490; x_wconf 87' lang='lat' dir='ltr'>temeraria,</span> <span class='ocrx_word' id='word_1_843' title='bbox 1675 2450 1853 2485; x_wconf 83' lang='lat' dir='ltr'>&amp;distorta</span> <span class='ocrx_word' id='word_1_844' title='bbox 1866 2452 2108 2494; x_wconf 81' lang='lat' dir='ltr'>interpretatio—</span> 
     </span>
     <span class='ocr_line' id='line_1_137' title="bbox 1213 2497 2108 2543; baseline 0.007 -15"><span class='ocrx_word' id='word_1_845' title='bbox 1213 2507 1254 2528; x_wconf 91' lang='lat' dir='ltr'>ne</span> <span class='ocrx_word' id='word_1_846' title='bbox 1265 2519 1273 2528; x_wconf 86' lang='lat'>.</span> <span class='ocrx_word' id='word_1_847' title='bbox 1339 2497 1392 2530; x_wconf 91' lang='lat' dir='ltr'>uia</span> <span class='ocrx_word' id='word_1_848' title='bbox 1406 2507 1474 2530; x_wconf 87' lang='lat' dir='ltr'>non</span> <span class='ocrx_word' id='word_1_849' title='bbox 1487 2507 1623 2534; x_wconf 85' lang='lat' dir='ltr'>manent</span> <span class='ocrx_word' id='word_1_850' title='bbox 1646 2499 1681 2535; x_wconf 88' lang='lat' dir='ltr'>in</span> <span class='ocrx_word' id='word_1_851' title='bbox 1694 2500 1892 2543; x_wconf 84' lang='lat' dir='ltr'>Apostolico</span> <span class='ocrx_word' id='word_1_852' title='bbox 1905 2503 1993 2537; x_wconf 66' lang='lat' dir='ltr'>rcstae</span> <span class='ocrx_word' id='word_1_853' title='bbox 2007 2502 2108 2534; x_wconf 88' lang='lat' dir='ltr'>inter-</span> 
     </span>
     <span class='ocr_line' id='line_1_138' title="bbox 1215 2546 2106 2597; baseline 0.008 -19"><span class='ocrx_word' id='word_1_854' title='bbox 1215 2547 1407 2589; x_wconf 86' lang='lat' dir='ltr'>pretationis</span> <span class='ocrx_word' id='word_1_855' title='bbox 1424 2546 1650 2591; x_wconf 88' lang='lat' dir='ltr'>gubernaculo</span> <span class='ocrx_word' id='word_1_856' title='bbox 1662 2575 1670 2585; x_wconf 81' lang='grc'><strong>.</strong></span> <span class='ocrx_word' id='word_1_857' title='bbox 1692 2549 1782 2597; x_wconf 78' lang='lat' dir='ltr'>Quia</span> <span class='ocrx_word' id='word_1_858' title='bbox 1795 2551 1863 2585; x_wconf 84' lang='lat' dir='ltr'>sola</span> <span class='ocrx_word' id='word_1_859' title='bbox 1874 2551 2012 2597; x_wconf 64' lang='lat' dir='ltr'>Spiritur⁵</span> <span class='ocrx_word' id='word_1_860' title='bbox 2026 2551 2106 2585; x_wconf 89' lang='lat' dir='ltr'>San·</span> 
     </span>
     <span class='ocr_line' id='line_1_139' title="bbox 1213 2596 2108 2640; baseline 0.006 -10"><span class='ocrx_word' id='word_1_861' title='bbox 1213 2597 1255 2631; x_wconf 64' lang='lat' dir='ltr'>sti</span> <span class='ocrx_word' id='word_1_862' title='bbox 1277 2596 1372 2633; x_wconf 76' lang='lat' dir='ltr'>verba</span> <span class='ocrx_word' id='word_1_863' title='bbox 1393 2596 1453 2632; x_wconf 82' lang='lat' dir='ltr'>fibi</span> <span class='ocrx_word' id='word_1_864' title='bbox 1476 2598 1658 2635; x_wconf 86' lang='lat' dir='ltr'>defendunt</span> <span class='ocrx_word' id='word_1_865' title='bbox 1681 2624 1693 2640; x_wconf 83' lang='lat'>‚</span> <span class='ocrx_word' id='word_1_866' title='bbox 1720 2613 1788 2635; x_wconf 90' lang='lat' dir='ltr'>non</span> <span class='ocrx_word' id='word_1_867' title='bbox 1813 2601 1985 2636; x_wconf 86' lang='lat' dir='ltr'>verborum</span> <span class='ocrx_word' id='word_1_868' title='bbox 2009 2603 2108 2636; x_wconf 86' lang='lat' dir='ltr'>ratio·</span> 
     </span>
     <span class='ocr_line' id='line_1_140' title="bbox 1215 2649 2105 2696; baseline 0.003 -14"><span class='ocrx_word' id='word_1_869' title='bbox 1215 2658 1290 2682; x_wconf 86' lang='lat' dir='ltr'>nem</span> <span class='ocrx_word' id='word_1_870' title='bbox 1302 2672 1309 2680; x_wconf 88' lang='lat'><em>.</em></span> <span class='ocrx_word' id='word_1_871' title='bbox 1338 2649 1516 2693; x_wconf 87' lang='lat' dir='ltr'>Septimius</span> <span class='ocrx_word' id='word_1_872' title='bbox 1528 2649 1584 2684; x_wconf 82' lang='lat' dir='ltr'>hic</span> <span class='ocrx_word' id='word_1_873' title='bbox 1596 2650 1770 2693; x_wconf 70' lang='lat' dir='ltr'>prasertim</span> <span class='ocrx_word' id='word_1_874' title='bbox 1782 2652 1851 2696; x_wconf 86' lang='lat' dir='ltr'>agit</span> <span class='ocrx_word' id='word_1_875' title='bbox 1864 2652 1899 2686; x_wconf 86' lang='lat' dir='ltr'>in</span> <span class='ocrx_word' id='word_1_876' title='bbox 1914 2652 2105 2691; x_wconf 86' lang='lat' dir='ltr'>Gnosticos,</span> 
     </span>
     <span class='ocr_line' id='line_1_141' title="bbox 1212 2698 2105 2745; baseline 0.003 -14"><span class='ocrx_word' id='word_1_877' title='bbox 1212 2698 1230 2732; x_wconf 71' lang='grc' dir='ltr'>ὲ</span> <span class='ocrx_word' id='word_1_878' title='bbox 1250 2698 1371 2743; x_wconf 81' lang='lat' dir='ltr'>quibus</span> <span class='ocrx_word' id='word_1_879' title='bbox 1393 2700 1499 2733; x_wconf 86' lang='lat' dir='ltr'>sacras</span> <span class='ocrx_word' id='word_1_880' title='bbox 1519 2700 1642 2735; x_wconf 85' lang='lat' dir='ltr'>litteras</span> <span class='ocrx_word' id='word_1_881' title='bbox 1653 2701 1749 2735; x_wconf 78' lang='lat' dir='ltr'>fuiffe</span> <span class='ocrx_word' id='word_1_882' title='bbox 1761 2701 1985 2745; x_wconf 75' lang='lat' dir='ltr'>perversissime</span> <span class='ocrx_word' id='word_1_883' title='bbox 2007 2699 2105 2734; x_wconf 89' lang='lat' dir='ltr'>inter-</span> 
     </span>
    </p>
   </div>
   <div class='ocr_carea' id='block_1_14' title="bbox 1214 2749 2107 2834">
    <p class='ocr_par' dir='ltr' id='par_1_16' title="bbox 1214 2749 2107 2834">
     <span class='ocr_line' id='line_1_142' title="bbox 1214 2749 2107 2792; baseline 0.001 -10"><span class='ocrx_word' id='word_1_884' title='bbox 1214 2758 1374 2792; x_wconf 79' lang='lat' dir='ltr'>pretatas,</span> <span class='ocrx_word' id='word_1_885' title='bbox 1400 2750 1499 2785; x_wconf 85' lang='lat' dir='ltr'>variis</span> <span class='ocrx_word' id='word_1_886' title='bbox 1521 2751 1557 2785; x_wconf 85' lang='lat' dir='ltr'>in</span> <span class='ocrx_word' id='word_1_887' title='bbox 1577 2750 1662 2787; x_wconf 87' lang='lat' dir='ltr'>locis</span> <span class='ocrx_word' id='word_1_888' title='bbox 1682 2749 1884 2787; x_wconf 83' lang='lat' dir='ltr'>demonstrat</span> <span class='ocrx_word' id='word_1_889' title='bbox 1897 2752 2033 2787; x_wconf 68' lang='lat' dir='ltr'>Sanetus</span> <span class='ocrx_word' id='word_1_890' title='bbox 2044 2751 2107 2788; x_wconf 78' lang='lat' dir='ltr'>ire-</span> 
     </span>
     <span class='ocr_line' id='line_1_143' title="bbox 1215 2809 1326 2834; baseline 0 -1"><span class='ocrx_word' id='word_1_891' title='bbox 1215 2809 1299 2834; x_wconf 70' lang='lat' dir='ltr'>naeuS</span> <span class='ocrx_word' id='word_1_892' title='bbox 1316 2823 1326 2833; x_wconf 62' lang='grc' dir='ltr'><em>ι</em></span> 
     </span>
    </p>
   </div>
   <div class='ocr_carea' id='block_1_15' title="bbox 1510 2951 1814 3002">
    <p class='ocr_par' dir='ltr' id='par_1_17' title="bbox 1510 2951 1814 3002">
     <span class='ocr_line' id='line_1_144' title="bbox 1510 2951 1814 3002; baseline 0.003 -1"><span class='ocrx_word' id='word_1_893' title='bbox 1510 2951 1594 3001; x_wconf 83' lang='lat' dir='ltr'>Vox</span> <span class='ocrx_word' id='word_1_894' title='bbox 1631 2954 1781 2999; x_wconf 77' lang='lat' dir='ltr'>Divina</span> <span class='ocrx_word' id='word_1_895' title='bbox 1801 2987 1814 3002; x_wconf 82' lang='lat'><em>-</em></span> 
     </span>
    </p>
   </div>
   <div class='ocr_carea' id='block_1_16' title="bbox 1213 3100 2111 3449">
    <p class='ocr_par' dir='ltr' id='par_1_18' title="bbox 1213 3100 2111 3449">
     <span class='ocr_line' id='line_1_145' title="bbox 1267 3100 2110 3139; baseline 0.002 -3"><span class='ocrx_word' id='word_1_896' title='bbox 1267 3101 1396 3137; x_wconf 70' lang='lat' dir='ltr'>Ductor</span> <span class='ocrx_word' id='word_1_897' title='bbox 1418 3103 1556 3137; x_wconf 83' lang='lat' dir='ltr'>affirmat</span> <span class='ocrx_word' id='word_1_898' title='bbox 1580 3102 1684 3135; x_wconf 81' lang='lat' dir='ltr'>sacras</span> <span class='ocrx_word' id='word_1_899' title='bbox 1706 3100 1827 3137; x_wconf 82' lang='lat' dir='ltr'>litteras</span> <span class='ocrx_word' id='word_1_900' title='bbox 1848 3104 1911 3137; x_wconf 73' lang='lat' dir='ltr'>esse</span> <span class='ocrx_word' id='word_1_901' title='bbox 1939 3102 2110 3139; x_wconf 82' lang='lat' dir='ltr'>authenti-</span> 
     </span>
     <span class='ocr_line' id='line_1_146' title="bbox 1216 3153 2111 3197; baseline 0.004 -12"><span class='ocrx_word' id='word_1_902' title='bbox 1216 3164 1288 3185; x_wconf 90' lang='lat' dir='ltr'>cam</span> <span class='ocrx_word' id='word_1_903' title='bbox 1303 3177 1313 3191; x_wconf 93' lang='lat'>,</span> <span class='ocrx_word' id='word_1_904' title='bbox 1340 3154 1523 3195; x_wconf 85' lang='lat' dir='ltr'>propriam,</span> <span class='ocrx_word' id='word_1_905' title='bbox 1549 3163 1586 3185; x_wconf 89' lang='lat' dir='ltr'>ac</span> <span class='ocrx_word' id='word_1_906' title='bbox 1610 3153 1864 3197; x_wconf 72' lang='lat' dir='ltr'>irrefragabilem</span> <span class='ocrx_word' id='word_1_907' title='bbox 1889 3154 2020 3188; x_wconf 79' lang='lat' dir='ltr'>Divina:</span> <span class='ocrx_word' id='word_1_908' title='bbox 2038 3154 2111 3189; x_wconf 82' lang='lat' dir='ltr'>Ma-</span> 
     </span>
     <span class='ocr_line' id='line_1_147' title="bbox 1217 3202 2109 3246; baseline 0.004 -10"><span class='ocrx_word' id='word_1_909' title='bbox 1217 3203 1338 3246; x_wconf 86' lang='lat' dir='ltr'>jestatis</span> <span class='ocrx_word' id='word_1_910' title='bbox 1359 3213 1471 3236; x_wconf 87' lang='lat' dir='ltr'>vocem</span> <span class='ocrx_word' id='word_1_911' title='bbox 1492 3227 1498 3234; x_wconf 94' lang='lat'>.</span> <span class='ocrx_word' id='word_1_912' title='bbox 1527 3202 1692 3245; x_wconf 84' lang='lat' dir='ltr'>Loquitur</span> <span class='ocrx_word' id='word_1_913' title='bbox 1714 3202 1885 3239; x_wconf 74' lang='lat' dir='ltr'>adversum</span> <span class='ocrx_word' id='word_1_914' title='bbox 1907 3205 2109 3246; x_wconf 85' lang='lat' dir='ltr'>Gnosticos,</span> 
     </span>
     <span class='ocr_line' id='line_1_148' title="bbox 1217 3251 2110 3298; baseline 0.001 -10"><span class='ocrx_word' id='word_1_915' title='bbox 1217 3253 1258 3288; x_wconf 86' lang='lat' dir='ltr'>de</span> <span class='ocrx_word' id='word_1_916' title='bbox 1281 3251 1397 3297; x_wconf 87' lang='lat' dir='ltr'>quibus</span> <span class='ocrx_word' id='word_1_917' title='bbox 1413 3253 1540 3286; x_wconf 70' lang='lat' dir='ltr'>Sanetus</span> <span class='ocrx_word' id='word_1_918' title='bbox 1552 3254 1705 3288; x_wconf 82' lang='lat' dir='ltr'>Irenaeus:</span> <span class='ocrx_word' id='word_1_919' title='bbox 1734 3255 1810 3287; x_wconf 68' lang='lat' dir='ltr'>Cum</span> <span class='ocrx_word' id='word_1_920' title='bbox 1834 3266 1873 3287; x_wconf 81' lang='lat' dir='ltr'>ex</span> <span class='ocrx_word' id='word_1_921' title='bbox 1889 3254 2049 3298; x_wconf 84' lang='lat' dir='ltr'>scripturis</span> <span class='ocrx_word' id='word_1_922' title='bbox 2061 3268 2110 3289; x_wconf 85' lang='lat' dir='ltr'>ar-</span> 
     </span>
     <span class='ocr_line' id='line_1_149' title="bbox 1213 3301 2109 3349; baseline 0.002 -13"><span class='ocrx_word' id='word_1_923' title='bbox 1213 3313 1369 3348; x_wconf 81' lang='lat' dir='ltr'>guuntur,</span> <span class='ocrx_word' id='word_1_924' title='bbox 1397 3309 1430 3335; x_wconf 87' lang='lat' dir='ltr'>in</span> <span class='ocrx_word' id='word_1_925' title='bbox 1440 3301 1650 3346; x_wconf 78' lang='lat' dir='ltr'>accusationem</span> <span class='ocrx_word' id='word_1_926' title='bbox 1662 3314 1873 3338; x_wconf 79' lang='lat' dir='ltr'>convertuntur</span> <span class='ocrx_word' id='word_1_927' title='bbox 1885 3304 2017 3347; x_wconf 56' lang='lat' dir='ltr'>ansarum</span> <span class='ocrx_word' id='word_1_928' title='bbox 2035 3305 2109 3349; x_wconf 75' lang='lat' dir='ltr'>scri·</span> 
     </span>
     <span class='ocr_line' id='line_1_150' title="bbox 1214 3352 2109 3399; baseline 0.006 -15"><span class='ocrx_word' id='word_1_929' title='bbox 1214 3362 1394 3396; x_wconf 75' lang='lat' dir='ltr'>ptumum,</span> <span class='ocrx_word' id='word_1_930' title='bbox 1420 3352 1504 3396; x_wconf 66' lang='lat' dir='ltr'>quasi</span> <span class='ocrx_word' id='word_1_931' title='bbox 1521 3363 1577 3385; x_wconf 85' lang='lat' dir='ltr'>non</span> <span class='ocrx_word' id='word_1_932' title='bbox 1601 3353 1678 3386; x_wconf 69' lang='lat' dir='ltr'>relle&#39;</span> <span class='ocrx_word' id='word_1_933' title='bbox 1698 3353 1850 3395; x_wconf 84' lang='lat' dir='ltr'>habeant,</span> <span class='ocrx_word' id='word_1_934' title='bbox 1878 3367 1969 3399; x_wconf 84' lang='lat' dir='ltr'>neque</span> <span class='ocrx_word' id='word_1_935' title='bbox 1985 3355 2046 3397; x_wconf 72' lang='lat' dir='ltr'>sint</span> <span class='ocrx_word' id='word_1_936' title='bbox 2070 3367 2109 3389; x_wconf 70' lang='lat' dir='ltr'>ex</span> 
     </span>
     <span class='ocr_line' id='line_1_151' title="bbox 1219 3403 2110 3449; baseline 0.001 -13"><span class='ocrx_word' id='word_1_937' title='bbox 1219 3405 1393 3437; x_wconf 71' lang='lat' dir='ltr'>auctoritare</span> <span class='ocrx_word' id='word_1_938' title='bbox 1408 3427 1419 3443; x_wconf 84' lang='lat'>‚</span> <span class='ocrx_word' id='word_1_939' title='bbox 1444 3406 1480 3438; x_wconf 64' lang='lat' dir='ltr'>&lt;tt</span> <span class='ocrx_word' id='word_1_940' title='bbox 1503 3410 1576 3449; x_wconf 74' lang='lat' dir='ltr'>quia</span> <span class='ocrx_word' id='word_1_941' title='bbox 1598 3406 1686 3441; x_wconf 67' lang='lat' dir='ltr'>varie</span> <span class='ocrx_word' id='word_1_942' title='bbox 1700 3403 1760 3447; x_wconf 82' lang='lat' dir='ltr'>fint</span> <span class='ocrx_word' id='word_1_943' title='bbox 1783 3405 1871 3441; x_wconf 66' lang='lat' dir='ltr'>didlae</span> <span class='ocrx_word' id='word_1_944' title='bbox 1884 3431 1895 3447; x_wconf 94' lang='lat'>,</span> <span class='ocrx_word' id='word_1_945' title='bbox 1921 3407 1954 3440; x_wconf 71' lang='lat' dir='ltr'>(rt</span> <span class='ocrx_word' id='word_1_946' title='bbox 1969 3412 2110 3448; x_wconf 74' lang='lat' dir='ltr'>quianon</span> 
     </span>
    </p>
   </div>
   <div class='ocr_carea' id='block_1_17' title="bbox 1981 3457 2061 3498">
    <p class='ocr_par' dir='ltr' id='par_1_19' title="bbox 1981 3457 2061 3498">
     <span class='ocr_line' id='line_1_152' title="bbox 1981 3457 2061 3498; baseline 0.025 -12"><span class='ocrx_word' id='word_1_947' title='bbox 1981 3457 2061 3498; x_wconf 81' lang='lat' dir='ltr'>poffit</span> 
     </span>
    </p>
   </div>
   <div class='ocr_carea' id='block_1_18' title="bbox 2123 3282 2237 3361">
    <p class='ocr_par' dir='ltr' id='par_1_20' title="bbox 2123 3282 2237 3361">
     <span class='ocr_line' id='line_1_153' title="bbox 2124 3282 2237 3319; baseline 0.009 -6"><span class='ocrx_word' id='word_1_948' title='bbox 2124 3282 2186 3313; x_wconf 82' lang='lat' dir='ltr'>Lib.</span> <span class='ocrx_word' id='word_1_949' title='bbox 2203 3290 2220 3319; x_wconf 87' lang='lat'><em>3</em></span> <span class='ocrx_word' id='word_1_950' title='bbox 2229 3304 2237 3314; x_wconf 94' lang='lat'><em>.</em></span> 
     </span>
     <span class='ocr_line' id='line_1_154' title="bbox 2123 3332 2225 3361; baseline -0.02 -8"><span class='ocrx_word' id='word_1_951' title='bbox 2123 3332 2186 3361; x_wconf 86' lang='lat' dir='ltr'>cap.</span> <span class='ocrx_word' id='word_1_952' title='bbox 2197 3333 2225 3352; x_wconf 69' lang='grc' dir='ltr'>ι.</span> 
     </span>
    </p>
   </div>
  </div>
 </body>
</html>
