2346 3724
112 1457 202 1488 Anno
222 1453 317 1484 tum,
345 1444 491 1478 ostendit
517 1443 660 1488 Joannes
686 1445 876 1480 Cochlaeus:
904 1445 1108 1486 Lutberusja-

114 1506 199 1533 1522.
222 1493 373 1534 ditabat,
399 1495 532 1527 &multi
552 1505 617 1528 cum
638 1506 690 1536 eo,
717 1498 877 1529 Germanis
887 1502 922 1529 in
941 1494 1109 1538 eamusque

713 163 1129 208 CAvlr

221 242 403 279 Seleucenfi
421 254 460 279 ac
482 239 682 278 Ariminensi
697 242 841 286 Synodis
859 244 992 277 Sanetus
1005 240 1106 276 Atha-

215 294 343 336 mafius.
371 294 415 328 Et
437 293 478 327 de
504 292 664 328 Anomeae
686 293 837 328 faitionis
855 293 991 328 authore
1005 292 1105 327 AEtio

221 344 333 378 scribit
358 343 444 388 apud
458 342 710 379 Theodoreturn
732 343 1105 385 Constantinopolitana

217 393 395 436 synodus:
424 396 594 429 Temeraria
605 397 732 429 audacia
747 395 845 427 elatus
859 395 966 426 AEttus
978 394 1107 435 affirmat

220 445 320 479 Deum
337 443 394 486 fibi
404 445 538 489 revelasse
549 471 560 487 ,
587 458 654 488 quae
675 444 764 488 usque
776 444 815 476 ab
829 444 1018 486 Apostolorum
1034 454 1105 477 tem-

218 493 341 538 poribus
354 495 567 529 occultaverat.
599 497 672 530 Nec
690 495 758 528 illic
769 493 1015 528 stetitinsania:
1048 493 1105 526 Di-

220 545 306 577 vinae
332 544 513 588 Majestatis
538 547 706 580 essentiam
734 544 905 578 blateravit
932 544 950 577 ὸ,
977 545 1009 578 se
1035 552 1104 577 non

221 594 394 628 dumtaxat
406 595 506 630 videri
522 595 693 633 inminui,
709 595 761 629 sed
777 595 907 638 insuper
916 594 1010 638 plene
1019 603 1105 628 com-

220 643 397 688 prehendi.
424 647 470 680 Et
490 646 577 689 apud
601 647 754 679 Sanctum
777 644 958 679 Pacianum
977 642 1106 678 Barchi-

220 697 403 729 nonensem
425 695 626 740 Episcopum
647 695 787 730 blaterat
819 694 923 729 homo
947 693 1104 729 Novatia·

220 746 330 780 nensis
352 745 611 790 Symphorianus
632 760 643 780 :
681 749 740 779 Per
758 744 857 779 orbem
880 754 973 778 totum
1005 743 1103 777 nullus

222 804 315 828 natus
335 795 372 836 est
384 820 395 836 ,
420 801 472 839 qui
495 808 540 829 me
559 802 741 836 convincat,
768 797 802 830 (9
821 794 1007 838 persuadere
1025 794 1106 836 pqfflt

222 854 326 879 contra
350 849 440 888 quum
450 847 569 880 credam
581 871 588 879 .
616 847 658 881 Et
671 846 866 880 venerabilis
879 845 1020 879 Aeacius
1034 844 1105 876 Me·

220 895 382 933 litinensis
395 896 575 939 Episcopus
587 920 597 936 ,
628 894 773 931 secundae
795 895 961 929 Armeniae
975 895 1105 928 Metro-

219 945 327 989 polita
342 970 352 986 ,
377 945 418 980 ad
439 945 632 989 Ephefinam
654 947 827 988 Synodurn
838 944 928 980 dixit
949 944 991 978 de
1001 944 1106 976 Haere·

220 995 343 1030 fiarcha
369 995 526 1030 Nestorio
542 1010 549 1029 :
574 998 670 1040 Quod
689 994 827 1029 doae‘lrina
845 995 1007 1029 admodum
1025 1000 1107 1034 pere-

219 1051 312 1089 grina
338 1054 439 1079 utatur
453 1045 625 1086 Nestorius,
654 1048 705 1079 vel
725 1044 776 1077 boc
786 1051 959 1087 argumento
968 1043 1049 1076 clare
1061 1043 1109 1075 de·

220 1095 380 1135 monstrat,
406 1096 487 1136 quod
498 1094 575 1135 fidei
595 1096 704 1138 dogma
717 1095 788 1134 jam
810 1094 927 1127 demum
946 1101 1036 1135 opera
1052 1091 1107 1135 sua

218 1143 402 1184 illustratum
414 1142 464 1186 effe
474 1144 624 1185 affirmare
635 1146 728 1178 audet
743 1169 750 1176 .
775 1145 904 1179 Omnes
914 1143 1002 1178 enim
1015 1142 1107 1177 haere·

221 1194 280 1228 tici
293 1205 361 1228 non
375 1193 671 1238 qualemcumque,
698 1193 751 1228 sed
766 1205 886 1229 novam
907 1194 1030 1238 semper
1041 1193 1108 1237 pol-

220 1243 363 1278 licentur
376 1245 543 1278 scientiam
556 1269 566 1285 ‚
592 1255 692 1289 atque
713 1245 758 1278 ita
771 1245 957 1287 semetipsos
970 1245 1107 1288 praescri-

221 1292 326 1328 bunt.
355 1293 399 1328 Et
421 1295 581 1338 quoniam
601 1295 711 1329 omnis
731 1294 798 1329 falsi
812 1295 960 1329 nominis
972 1294 1108 1328 scientia

222 1343 320 1378 inflat
343 1368 355 1384 ,
382 1343 461 1378 hinc
483 1355 600 1379 omnes
619 1345 787 1388 praesertim
811 1355 943 1380 tument
964 1369 970 1376 .
999 1345 1108 1392 Qem

221 1402 386 1428 tumorem
409 1395 501 1429 fuisse
525 1396 605 1429 &in
620 1396 771 1430 Martino
791 1394 940 1430 Luthero
951 1395 1109 1429 domina-

222 1544 303 1576 diem
330 1555 483 1586 nunquam
507 1547 653 1588 german?
681 1547 719 1580 (τ
734 1543 883 1586 finceriter
905 1547 1109 1587 praedicatum

215 1592 307 1636 fuiffe
318 1596 524 1637 Evangelium
535 1620 546 1635 ,
567 1593 601 1638 se
613 1604 713 1630 autem
736 1608 841 1630 verum
847 1595 984 1638 proferre
997 1599 1110 1628 Evan-

215 1645 330 1687 gelt'um
354 1669 365 1685 ‚
390 1646 471 1686 quod
490 1645 592 1678 multis
620 1652 711 1679 annis
732 1645 790 1689 sub
811 1647 934 1690 scamno
959 1647 1102 1688 latuisset.

221 1693 412 1728 Blaterabat
432 1695 532 1738 usque
543 1694 584 1728 ad
598 1697 652 1731 sua
677 1705 825 1741 tempora
838 1695 1010 1739 universum
1022 1695 1110 1728 Chri-

216 1741 349 1784 =bianum
366 1756 476 1785 >nomen
492 1743 583 1788 futffe
609 1753 749 1781 inerrare
761 1746 916 1791 versatum
930 1772 937 1779 .
967 1747 1060 1780 Hinc
1081 1747 1112 1780 se

221 1793 382 1827 scribebat
396 1794 584 1836 Eccless‘asten
595 1800 653 1830 Dei
658 1804 767 1841 gratia
777 1821 784 1829 .

222 1844 293 1879 &or
303 1854 372 1878 erat
393 1843 442 1877 illi
466 1845 597 1884 asinus,
617 1858 764 1888 porcus,
789 1847 964 1890 Sophista,
992 1847 1111 1879 ventris

220 1893 345 1928 animal
370 1916 381 1932 ‚
411 1893 538 1928 telluris
563 1894 684 1928 inutile
705 1893 835 1937 pondus
853 1920 861 1929 .
889 1896 962 1945 Qi
982 1895 1113 1940 spiritus

219 1941 363 1979 omnine>
375 1944 480 1990 viguit
497 1944 598 1979 etiam
610 1945 645 1979 in
661 1944 827 1979 Calvino.

309 2097 410 2142 Ante
434 2089 531 2159 fimt
556 2091 719 2160 7ρι’νβεὲἶὶ
753 2089 1040 2140 Catechumeni.

274 2241 345 2276 Hic
370 2242 461 2277 locus
471 2241 671 2277 demonstrat
686 2241 787 2278 etiam
805 2251 884 2277 tunc
898 2241 991 2277 fuisse
1006 2241 1112 2276 varios

222 2292 343 2337 gradus
364 2294 396 2327 δε
408 2293 516 2327 classes
529 2293 853 2328 catechumenorum
865 2318 872 2325 .
886 2293 988 2338 Qod
1005 2293 1109 2336 ipsum

224 2344 312 2376 lucet
323 2354 363 2376 ex
375 2344 624 2386 quartodecimo
641 2344 782 2377 Canone
803 2343 942 2377 Nicaeno
956 2357 966 2376 :
996 2346 1040 2376 De
1053 2347 1112 2375 Ca-

223 2392 404 2426 techumenis
425 2392 514 2434 lapfir
535 2394 653 2436 placuit
659 2392 775 2437 sanc‘lae
796 2395 830 2428 ὁ·
843 2405 959 2436 magnae
981 2395 1110 2433 synodo,

224 2452 258 2476 ut
271 2448 293 2475 ii
306 2444 403 2476 tribus
413 2449 503 2481 annis
519 2445 676 2477 Audientes
687 2444 806 2478 tantum
813 2442 873 2484 fint
883 2468 893 2483 ,
917 2443 1016 2486 posted
1026 2452 1110 2476 orent

223 2503 287 2526 cum
298 2492 545 2528 catechumenis.
570 2495 665 2528 Alios
676 2494 757 2528 dicit
765 2496 832 2529 ‹effe
841 2495 984 2528 Orantes
996 2517 1007 2533 ,
1027 2494 1118 2529 alios.
1132 2518 1138 2525 ,

223 2544 459 2578 tantummodo
480 2542 664 2579 Audientes
685 2558 693 2578 :
733 2545 777 2578 Et
795 2546 958 2579 Orantem
985 2544 1108 2586 lapsum

224 2592 328 2634 rejicit
351 2592 393 2626 ad
417 2593 616 2629 Audientes.
646 2596 816 2629 Consonat
838 2594 973 2638 quintus
988 2595 1118 2640 Canem

224 2643 529 2679 Neo-Caesaraeenfis
554 2659 561 2679 :
588 2646 821 2679 Catechumenus
846 2669 856 2686 ‚
876 2643 906 2686 fi
920 2651 953 2678 in
977 2641 1118 2677 Domini-L

226 2705 294 2727 cum
308 2695 480 2737 ingrediens
504 2700 536 2727 in
546 2695 648 2728 ordine
669 2696 953 2729 catechumenorum
969 2696 1084 2735 steterit
1098 2719 1108 2735 ,

227 2749 255 2777 is
268 2752 367 2777 autem
375 2750 473 2785 'peccet
486 2767 496 2783 ,
515 2743 624 2789 figenu
635 2747 756 2787 quidem
763 2745 883 2787 flellens
896 2769 907 2784 ,
931 2747 1040 2778 audiat
1052 2756 1109 2777 non

226 2795 354 2836 amplius
371 2802 520 2835 peccans,
540 2793 695 2835 sinautem
708 2798 839 2829 Audiens
858 2805 960 2838 peccet
974 2820 985 2836 ‚
1012 2797 1106 2836 expel-

225 2846 307 2879 latur
319 2869 327 2877 .
356 2844 452 2878 Alios
473 2845 571 2878 Genu
584 2862 601 2868 -
613 2845 775 2880 flectentes
787 2870 798 2885 ,
824 2848 877 2881 seu
905 2845 1107 2885 Substrat0s‚

226 2897 311 2930 alios
322 2893 403 2928 dicit
420 2894 482 2928 effe
493 2897 726 2931 tantummodo
739 2895 939 2931 Audientes:
970 2896 1107 2930 Substra-

227 2948 298 2980 t'um
319 2955 512 2988 peccantem
533 2945 574 2979 ad
599 2947 780 2982 Audientes
801 2971 813 2987 ‚
840 2947 1044 2981 Audientem
1066 2946 1108 2980 la·
1140 2947 1143 2976 I

227 2998 320 3040 psum
333 2994 500 3038 proscribit
509 2996 828 3031 extraDominicutn
843 2999 896 3032 seu
911 2997 1085 3031 Ecclesi‘am
1100 3022 1107 3030 .

227 3045 390 3090 Supponit
411 3056 585 3089 utrumque
604 3046 731 3091 ingredi
753 3047 994 3088 Dominicum,
1023 3047 1116 3093 &il-1

227 3096 272 3137 lic
285 3097 365 3138 stare
378 3095 410 3129 in
423 3096 481 3129 suo
493 3096 609 3131 ordine
622 3108 678 3131 ant
690 3096 800 3140 classe.
830 3098 970 3132 Domini
983 3107 1108 3131 trecen»

228 3147 342 3181 tesimo
360 3146 495 3180 vdecimo
517 3143 611 3180 sexto
632 3171 643 3187 ‚
668 3146 873 3191 Imperatoris
897 3147 1108 3183 Constantini

230 3207 318 3231 anno
327 3197 506 3232 undecimo
520 3195 631 3231 habita
652 3196 719 3231 haec
732 3196 883 3240 synodus
895 3196 1107 3232 Catechume-

231 3255 292 3279 nos
311 3248 351 3280 ad
369 3246 537 3291 publicum
550 3248 615 3282 Dei
629 3247 758 3282 verbum
785 3248 930 3283 admittit
951 3249 1036 3282 intra
1053 3249 1108 3282 Ec·

229 3295 373 3334 clefiam,
396 3296 500 3332 immo
511 3297 665 3342 supponit
678 3299 743 3340 jam
756 3299 880 3342 pridem
893 3297 1023 3333 admitti
1036 3310 1107 3333 con·

229 3345 366 3380 saevisse
380 3369 393 3386 ,
416 3358 514 3392 atque
525 3349 568 3384 ita
580 3349 730 3392 antiqua,
757 3348 1024 3385 Catechumenos
1034 3360 1109 3385 cum

812 1799 935 1846 inis
947 1796 1031 1831 alius
1042 1796 1113 1830 Do·
1133 1801 1136 1807 '

1200 174 1216 203 ι
1288 174 1308 204 s
1422 161 1563 206 XLI.
1878 181 1974 229 ‘341

1165 237 1316 273 fidelibus
1335 250 1427 274 orare
1449 251 1561 275 vetans
1582 265 1593 281 ,
1619 237 1789 286 disciplina
1811 256 1880 281 erat
1897 259 1939 282 ex
1963 260 2044 286 tunc

1165 299 1289 323 mutata
1303 314 1310 321 .
1337 289 1470 324 Mutata
1485 292 1595 325 forsan
1608 292 1671 325 fuit
1686 292 1719 324 in
1730 296 1868 337 gratiam
1881 298 2045 334 Constan-

1166 339 1248 378 tini,
1272 350 1370 381 quem
1385 341 1738 385 frequenteraudivisse
1752 344 1786 376 iu
1803 344 1939 382 Ecclesia
1955 373 1964 388 ,
1986 351 2044 384 ste-

1166 390 1236 423 tisse
1246 389 1370 433 semper
1381 415 1392 432 ‚
1415 392 1449 426 ὃς
1463 404 1632 435 nunquam
1657 392 1792 427 voluisse
1811 393 1915 428 sedete
1927 421 1936 436 ,
1962 400 2046 434 affir-

1166 450 1232 474 mat
1243 440 1277 474 in
1299 441 1368 484 ejus
1385 441 1450 476 vita
1465 442 1623 477 Eusebius
1640 443 1844 477 Caesareenfis
1857 468 1864 475 .
1893 445 2045 484 Affirmat

1165 491 1197 524 &
1209 491 1331 533 semper
1341 488 1433 526 fuiffe
1446 492 1728 527 Catechumenum
1743 518 1753 534 ‚
1783 505 1845 528 nec
1856 494 1913 529 nisi
1934 492 2047 531 inexi-

1167 550 1201 573 tu
1216 540 1414 584 baptizatum
1427 567 1434 573 .
1461 543 1556 577 Solos
1568 554 1647 577 tunc
1659 542 1926 579 catechumenos
1937 569 1948 585 ‚
1973 557 2047 580 nec-

1165 590 1359 625 dumautem
1371 590 1538 627 h'aereticos
1560 605 1615 627 aut
1630 595 1769 638 gentiles
1791 596 1883 628 fuisse
1893 596 2048 630 admissos

1166 641 1206 674 ad
1228 641 1395 685 publicum
1408 642 1443 675 in
1460 644 1598 677 Ecclefia
1611 644 1746 678 verbum
1759 668 1770 684 ,
1797 643 1907 679 lucide
1930 645 2047 681 lauda-

1165 701 1218 724 tus
1240 691 1338 725 etiam
1353 692 1473 727 Canon
1484 693 1601 727 edicit.
1628 694 1772 737 Lapsum
1797 696 1887 729 enirn
1902 695 2049 731 Audien-

1167 751 1231 774 tem
1257 741 1426 785 proscribit
1445 754 1488 778 ex
1505 743 1666 777 Ecclefia.
1693 745 1805 792 Qam
1814 744 2024 788 disciplinam
2037 769 2050 786 ‚

1167 791 1328 835 istumque
1349 793 1413 826 una
1435 792 1610 827 Canonem
1635 793 1745 829 laudat
1760 796 1893 830 sanetus
1904 796 2048 838 Joannes

1168 840 1421 883 Chrysostomus
1442 843 1476 877 in
1498 842 1637 877 homilia
1658 843 1900 880 adversumeos
1921 846 1978 890 qui
1992 846 2050 880 Pa-

1167 890 1242 924 scha
1253 891 1413 934 jejunant:
1441 892 1517 934 silit
1529 892 1765 928 Catecbumenus
1775 902 1803 928 is
1816 920 1825 935 ,
1845 902 1896 938 qul
1903 903 2050 940 gravium
2065 897 2187 932 “rom-5-

1164 948 1349 982 peccatorum
1361 943 1459 976 morbo
1470 943 1588 978 laborat
1601 968 1611 985 ,
1629 946 1652 977 ἃ
1664 945 1804 986 vestibulo
1825 950 1931 988 templi
1951 958 2053 981 arcea-

1167 999 1216 1023 tur
1243 1017 1250 1023 .
1276 993 1442 1034 Loquitur
1466 993 1508 1028 de
1530 995 1700 1029 Audiente
1719 1021 1728 1029 ,
1756 995 1868 1030 Palam
1894 1008 1937 1030 ex
1963 998 2054 1031 Neo-

1168 1040 1362 1076 Caesaraeenfi
1386 1044 1544 1078 Canone.
1573 1046 1712 1079 Eosdem
1735 1045 1999 1090 graduslaudant
2016 1048 2052 1082 &

1171 1090 1372 1134 Apostolicae
1392 1094 1658 1129 Constitutiones
1680 1096 1828 1130 Romani
1848 1096 2052 1132 Clementis.

1170 1141 1453 1177 catechumenum
1465 1144 1575 1178 doceri
1587 1145 1747 1179 mandant
1762 1147 1896 1180 Divinae
1912 1148 2055 1182 substan·
2073 1166 2132 1199 Lib·
2153 1175 2183 1199 7-

1170 1191 1222 1225 tiae
1244 1191 1425 1228 Unitatem
1446 1205 1485 1227 ac
1506 1193 1734 1235 Trinitatem,
1761 1205 1963 1237 omnemque
1984 1197 2053 1239 ejus
2071 1216 2190 1246 capum.

1170 1242 1203 1275 in
1215 1242 1360 1277 creando
1371 1254 1409 1277 ac
1419 1243 1637 1288 gubernando
1650 1244 1776 1278 mundo
1789 1245 2029 1287 providentiam
2040 1270 2056 1288 ,

1170 1291 1421 1337 &adjunguntt
1446 1295 1514 1336 ,Qui
1532 1296 1604 1327 verb
1626 1306 1735 1328 manus
1754 1296 1898 1329 admovet
1910 1295 2056 1330 Catecbu-

1169 1353 1253 1375 meno
1267 1366 1278 1383 ‚
1302 1344 1362 1377 &a
1384 1344 1598 1377 Fundendam
1613 1345 1707 1386 super
1719 1345 1791 1388 ipso
1803 1346 1989 1380 orationem
2000 1358 2060 1380 ex-

1172 1394 1287 1436 ponit,
1310 1404 1353 1428 ac
1373 1393 1502 1438 pergit:
1528 1393 1594 1432 Post
1616 1393 1692 1428 hanc
1718 1395 1862 1428 achonem
1883 1401 2060 1439 gratiarum

1172 1443 1271 1476 doceat
1291 1442 1544 1478 Catecbumenum
1562 1445 1598 1477 de
1609 1448 1820 1479 Incarnatrone
1845 1446 1968 1479 Domini
1980 1470 1990 1486 ,
2017 1447 2056 1479 de

1173 1493 1300 1533 Paffione
1323 1496 1416 1535 ejus,
1439 1494 1480 1528 de
1500 1492 1720 1537 Resurrellione
1736 1507 1778 1528 ex
1799 1501 1923 1528 mortuis
1935 1519 1947 1535 ‚
1971 1498 2005 1530 ό·
2018 1497 2058 1530 de

1172 1541 1377 1585 Adscenfione.
1407 1543 1575 1579 Peristam
1595 1546 1965 1588 manusimpositionem
1979 1548 2058 1580 sau·q

1173 1594 1223 1626 xit
1236 1593 1518 1629 catechumenum
1530 1595 1708 1629 transmitti
1729 1594 1770 1629 ab
1784 1595 2004 1630 Audientibus
2016 1594 2061 1630 ad

1174 1644 1315 1678 Orantes
1330 1668 1341 1684 ‚
1365 1643 1431 1678 five
1452 1644 1637 1680 Substratos
1648 1669 1659 1686 ,
1681 1646 1717 1680 ἃ
1728 1654 1806 1679 tunc
1827 1647 1946 1681 altiora
1957 1644 2060 1680 Chri-

1174 1693 1347 1728 stianitatis
1357 1694 1508 1737 mysteria
1519 1695 1582 1730 esse
1604 1696 1677 1739 ipsis
1690 1696 1863 1738 pandenda
1875 1721 1885 1729 .

1222 1743 1386 1787 Septimus
1398 1745 1519 1781 Canon
1530 1744 1929 1789 constantinopolitanus
1940 1769 1951 1786 ‚
1971 1745 2060 1779 &ex

1176 1793 1245 1836 ipso
1258 1794 1632 1838 nonagefimusquintus
1646 1794 1826 1829 Truuanus
1835 1792 2003 1828 adducunt
2024 1794 2060 1827 δε

1175 1843 1257 1876 alios
1276 1840 1602 1878 catechumenorum
1622 1843 1771 1888 gradus.'
1793 1844 1978 1878 Invalidum
2001 1844 2063 1878 Ba-

1177 1892 1288 1935 ptisma
1300 1891 1456 1926 habentes
1467 1891 1637 1926 haereticos
1655 1894 1802 1927 statuunt
1813 1904 1968 1938 tanquam
1983 1905 2062 1938 gen-

1175 1943 1248 1986 tiles
1273 1942 1494 1975 admittendos
1520 1943 1554 1974 in
1577 1941 1753 1976 Ecclesiam
1778 1965 1788 1981 ‚
1815 1953 1915 1987 atque
1937 1943 2058 1985 adjun-

1175 2000 1278 2034 gunt:
1309 1993 1410 2023 Primo
1420 1992 1469 2025 die
1489 2003 1536 2025 eos
1552 1995 1579 2024 C
1581 1990 1741 2031 bnflianos
1748 1992 1882 2033 facimus
1895 2018 1906 2033 ‚
1928 1992 2060 2035 secunda

1176 2039 1406 2074 Catecbumenos
1429 2065 1441 2082 ‚
1467 2042 1577 2075 deinde
1603 2049 1690 2075 tertio
1714 2044 1969 2085 dievadjuramus
1991 2054 2060 2085 eos,

1168 2088 1233 2130 five
1251 2088 1471 2130 ekorcizamuh
1498 2101 1544 2126 rer
1559 2090 1648 2133 fimul
1666 2092 1819 2134 infaciem
1841 2105 1938 2127 eorum
1959 2095 2058 2127 &au-

1174 2150 1223 2172 res
1240 2138 1426 2183 insufflando
1439 2166 1450 2173 .
1474 2145 1523 2174 Et
1534 2141 1578 2183 fic
1592 2154 1642 2176 eos
1661 2141 1879 2176 catechizamus
1891 2169 1901 2184 ,
1923 2143 1987 2185 five
2003 2149 2060 2178 ini·

1118 2227 1119 2232 ¹
1172 2195 1281 2223 namus
1298 2215 1308 2231 ,
1331 2194 1369 2225 ’Θ
1378 2202 1515 2225 curamus
1527 2216 1538 2232 ,
1560 2201 1598 2226 :ut
1612 2193 1698 2237 longo
1705 2202 1838 2236 tempore
1854 2193 2012 2237 versentur
2024 2200 2059 2228 in

1174 2239 1321 2281 Ecclefiae,
1348 2242 1382 2275 (θ’
1404 2244 1534 2276 audiant
1555 2245 1726 2285 scripturas
1746 2267 1762 2284 >,
1784 2245 1823 2278 ἐν·
1840 2253 1915 2278 tunc
1932 2256 1984 2278 eos
2005 2244 2061 2279 ba·

1169 2297 1323 2332 ptizamus
1344 2311 1359 2323 ,Δ
1379 2292 1606 2338 Distinguunt
1629 2292 1839 2328 *Christianos
1859 2316 1870 2333 ,
1893 2293 2059 2328 Catechu-

1174 2352 1310 2382 menos,
1336 2353 1374 2376 ac
1386 2343 1542 2378 lnitiatos
1553 2366 1560 2375 .
1587 2344 1634 2378 Et
1645 2355 1701 2387 per
1717 2341 1781 2377 hos
1794 2343 1894 2387 aliqui
1911 2345 2058 2390 intelligi

1175 2391 1291 2425 volunt
1305 2391 1566 2436 Competentes‚
1591 2393 1707 2437 utique
1726 2394 1793 2436 jam
1816 2395 1987 2437 proximos
1999 2395 2060 2430 Ba-

1174 2442 1283 2484 ptismi
1304 2442 1514 2478 candidatos
1531 2469 1544 2476 v.
1572 2443 1621 2477 At
1641 2453 1766 2478 certum
1790 2445 1837 2478 est
1864 2444 2017 2479 Initiatos
2034 2444 2058 2479 ὲ

1172 2492 1446 2537 Competentibus
1480 2494 1643 2538 distingui
1678 2495 1777 2529 etiam
1803 2505 1862 2538 per
1886 2496 2059 2537 praesentes

1146 2563 1148 2565 v
1173 2543 1325 2576 Canones
1340 2565 1352 2574 t
1391 2544 1526 2578 Etenim
1550 2545 1786 2588 competentia
1806 2545 1844 2578 in
1867 2543 2057 2579 palmarum

1172 2593 1352 2627 Dominica
1378 2593 1466 2637 prius
1497 2593 1641 2628 dabatur
1660 2618 1675 2634 ,
1705 2593 1860 2638 >adeoque
1887 2606 1955 2628 non
1982 2593 2056 2638 post

1170 2644 1270 2687 ipsam
1280 2668 1293 2685 ‚
1316 2643 1372 2678 -sed
1385 2642 1556 2678 dumtaxat
1568 2644 1639 2687 post
1653 2643 1880 2679 Initiationem
1892 2643 2058 2679 catechu-

1171 2706 1283 2729 menus
1296 2693 1400 2739 longo
1408 2704 1560 2737 tempore
1572 2692 1759 2728 versabatur
1771 2695 1804 2727 in
1818 2695 1961 2727 Ecclesia
1973 2694 2057 2728 Scri·

1171 2755 1276 2788 pturas
1291 2745 1449 2778 audiens.
1478 2743 1662 2777 Substratos
1681 2741 1968 2784 comprehendunt
1989 2742 2054 2777 sub

1170 2794 1424 2830 catechumenis
1435 2818 1443 2825 .
1471 2792 1575 2840 Qod
1587 2792 1676 2825 enim
1690 2792 1791 2825 etiam
1802 2791 1889 2835 ipsos
1900 2791 2054 2828 'habuerit

1169 2846 1277 2881 omnis
1290 2844 1370 2877 olim
1381 2842 1564 2878 Orientalis
1578 2841 1718 2875 Ecclesia
1732 2865 1742 2882 ,
1764 2840 1899 2875 abunde
1911 2842 2053 2878 'lucetex

1170 2896 1311 2932 adductis
1318 2893 1607 2928 Neo-'Caesaraeensi
1631 2903 1669 2926 ac
1679 2892 1715 2925 N
1720 2892 1821 2926 icaeno
1832 2891 2032 2927 canonibus
2040 2919 2052 2928 .

1175 2948 1213 2981 Et
1238 2945 1404 2990 pluribus*
1417 2943 1527 2978 statim
1554 2942 1745 2976 ostendetur
1765 2968 1773 2975 .
1800 2941 1949 2976 Proinde
1976 2945 2052 2978 sunt

1169 2999 1314 3042 quinque
1335 2993 1662 3030 Catechumenorum
1685 2991 1819 3027 classes:
1843 2992 2052 3035 Christiani,

1173 3047 1372 3085 Audientes,
1395 3043 1556 3079 Substrati
1572 3067 1587 3083 ,
1614 3043 1766 3083 initiati,
1788 3044 2029 3087 -Competentes
2043 3068 2052 3076 .

1172 3101 1295 3133 Notata
1322 3096 1421 3131 velim
1446 3094 1518 3129 haec
1554 3091 1648 3126 verba
1681 3092 2052 3135 ‘Constantinopolitani

1172 3148 1343 3184 CanoniSt
1367 3150 1409 3179 Ut
1426 3146 1514 3189 dongo
1529 3152 1658 3185 tempore
1680 3142 1839 3186 versentur
1860 3149 1892 3176 in
1904 3142 2030 3184 Ecclefia
2041 3168 2052 3176 .

1173 3200 1277 3235 Οἰέὶίε
1298 3196 1461 3231 haereticis
1478 3194 1560 3228 vdant
1581 3194 1803 3239 ingrediendae
1817 3194 1988 3233 Ecclesiae,
2014 3193 2051 3228 &

1174 3246 1423 3285 audiendive-rbi
1436 3245 1623 3280 facultatem
1636 3268 1647 3285 ,
1674 3254 1771 3287 atque
1791 3245 1835 3278 ita
1846 3243 2050 3286 lucetipsos,

1171 3300 1250 3335 dum
1262 3310 1328 3332 non
1342 3299 1440 3331 essent
1452 3295 1551 3329 nostri
1564 3293 1823 3335 Catechumeui‚
1842 3292 1884 3329 ad
1896 3295 1955 3329 ista
1966 3304 2050 3329 tune

1177 3351 1314 3387 necdum
1326 3348 1418 3383 fuisse
1428 3346 1582 3382 admissos
1593 3368 1603 3378 .
1909 3393 1980 3442 Q

1949 3405 2002 3427 ui-
