2346 3724
326 231 569 270 Miraculotum
593 225 698 275 gratia
711 225 807 262 estin
829 225 897 261 sola
911 227 1070 263 Ecclesia.
1101 225 1178 276 380-
1192 240 1225 267 2·

377 281 538 316 Haeretici
548 291 618 314 non
633 278 759 314 faciunt
772 287 846 310 vera
859 277 1017 312 miracula
1029 304 1040 319 ,
1065 290 1171 322 neque
1182 287 1225 314 ex

378 332 520 368 mortuis
532 332 647 370 vivos,
673 329 726 361 sed
736 336 885 361 mortuos
907 338 950 363 ex
965 327 1049 363 vivis
1062 354 1070 361 .
1098 329 1178 376 256.
1191 341 1223 367 2-

404 381 458 420 80.
472 395 503 421 2.

327 394 568 469 Miiaculorum
595 427 736 472 gratiam
766 428 890 472 semper
916 426 1034 464 habuit
1057 430 1224 472 Ecclesia,

376 483 487 519 verum
512 478 624 515 nullus
652 476 811 513 veraciter
833 479 936 523 justus
962 491 1037 515 eam
1062 481 1222 516 ambivit.

376 545 398 572 2
423 535 455 567 6.
470 543 501 568 2.

326 544 569 622 Mirgculorum
593 578 829 624 patrandorum
845 577 988 616 haeretici
1002 580 1219 626 cupidiffimi.

373 632 454 678 25¹6.
472 642 501 668 1.
520 633 603 679 378.
617 640 646 665 ι.
676 629 805 665 Frustra
816 631 850 666 id
863 639 1084 667 attentarunt.
1109 633 1222 681 2561.

375 682 557 718 Lutherani
570 705 582 722 ,
610 681 746 715 Erasmo
768 681 870 723 teste,
897 692 938 717 ne
960 693 1128 718 mortuum
1151 684 1222 727 qui-

374 735 451 770 dem
462 744 579 767 canem
590 732 743 767 suscitare
755 743 935 776 potuerunt
948 757 956 765 .
1092 734 1165 768 ibid.
1186 743 1220 769 2.

329 787 496 824 Miriones
508 782 589 827 quid
600 783 688 817 sint?
1128 783 1175 821 16-
1191 792 1218 818 ι.

322 837 427 874 Miffae
439 845 515 869 cum
543 835 673 868 summo
696 831 848 874 silentio,
874 834 1133 870 &veneratione
1151 834 1217 871 affi-

369 886 539 921 stendum.
570 892 635 932 37¹·
653 893 685 918 2.
711 894 789 933 373.
804 894 833 921 2·
858 883 956 919 Seens
979 886 1138 921 facientes
1148 896 1218 931 gra-

371 937 456 971 viter
476 935 584 980 puniti
596 959 605 970 .
1148 936 1219 971 ibid.

320 987 427 1025 Miffae
450 996 591 1032 magnus
604 984 759 1019 introitus
783 984 870 1029 apud
883 984 1016 1021 Graecos
1026 987 1220 1022 nostrocor·

370 1038 548 1083 respondet
559 1037 741 1072 Offertorio
754 1061 761 1068 .
789 1045 867 1084 324.
884 1048 915 1073 2.
944 1039 1049 1072 Gloria
1063 1043 1096 1071 in
1115 1038 1219 1072 Excel-

363 1089 404 1132 fis
424 1090 544 1124 dicunt
568 1088 679 1128 intra,
705 1097 762 1122 aut
782 1089 870 1122 circa
892 1087 998 1123 Miffae
1020 1085 1218 1124 Canonem.

370 1140 446 1174 ibid.

318 1191 425 1227 Miffae
447 1188 600 1225 Praefatio
624 1185 883 1223 catechumenis
908 1189 1026 1234 ignota
1047 1213 1055 1222 .
1082 1198 1163 1239 323.
1185 1199 1216 1225 2.

368 1239 525 1276 Dimiffio
561 1237 887 1274 Catechumenorum
926 1250 1060 1275 vocatur
1097 1241 1197 1275 Mitra
1211 1264 1219 1271 .

394 1304 413 1329 2
444 1316 452 1323 .
468 1300 499 1325 1.
517 1319 522 1325 .

313 1302 453 1375 Μίῗῖαῒη
473 1337 547 1373 rar&
570 1361 581 1378 ,
608 1348 774 1371 currenter
797 1359 808 1376 ‚
834 1339 902 1372 line
933 1339 1117 1374 devotione
1137 1340 1219 1375 cele-

362 1391 464 1426 braffe
500 1388 650 1434 arguitur
689 1388 834 1432 Joannes
870 1389 1047 1434 vigesimus
1080 1390 1218 1425 tertius.

394 1451 416 1485 7
441 1467 448 1473 .
478 1451 509 1478 2-

308 1453 437 1528 Mi3ffas3
442 1491 582 1537 privatas
593 1489 718 1533 semper
729 1487 906 1524 eelebravit
924 1490 1071 1526 Ecclesia
1082 1516 1089 1525 .
1106 1490 1184 1539 376.
1199 1503 1218 1525 1.

362 1544 445 1578 Non
473 1540 599 1576 solebat
628 1541 662 1574 in
689 1539 755 1574 illis
769 1540 1023 1583 diciCollesta,
1050 1541 1123 1575 ibid.
1148 1542 1218 1576 Cur

359 1594 426 1637 jam
440 1591 649 1627 laudabiliter
672 1589 801 1625 dicatur
815 1592 832 1624 ἒ
1010 1592 1083 1626 ibid.
1106 1593 1217 1637 &seq.

308 1642 504 1679 Miffionem
525 1642 666 1687 probare
687 1639 807 1682 debet,
834 1642 893 1686 qui
918 1643 950 1676 se
972 1642 1113 1677 affirmat
1125 1643 1215 1687 Apo-

359 1694 501 1729 stolum.
529 1703 609 1741 255.
625 1701 653 1727 ι.
680 1691 923 1746 Ιῑιπηεάὶαῑεὲ
947 1693 1025 1728 Deo
1046 1693 1216 1728 Miffionis
1251 1724 1253 1726 ,

358 1745 428 1780 duo
450 1745 626 1779 dumtaxat
644 1743 795 1787 exempla
808 1768 816 1776 .
1088 1743 1163 1777 ibid.
1182 1756 1214 1781 2·

308 1797 404 1828 Mltra
430 1795 519 1838 apud
543 1794 648 1826 Afros
677 1802 746 1826 erat
776 1794 954 1835 virginalis
982 1794 1048 1830 veli
1074 1794 1213 1838 species-

360 1855 416 1892 32.
431 1855 461 1880 1.
490 1842 574 1885 Ejus
595 1839 763 1882 impofitio
787 1851 855 1873 erat
871 1840 1022 1885 Virginis
1043 1845 1214 1879 consecra-

357 1895 427 1927 tio.
452 1891 527 1924 ibid.
554 1887 797 1930 Imponebatur
815 1888 858 1920 ab
873 1889 1057 1930 Episcopo.
1086 1892 1158 1925 ibid.
1176 1900 1210 1929 2:

355 1941 460 1986 Apud
478 1939 581 1974 Afros
600 1945 667 1971 erat
692 1943 802 1980 aperta
816 1960 826 1977 ,
853 1935 932 1970 hinc
943 1936 1151 1970 Tertulliani
1168 1943 1212 1972 li-

357 1992 414 2026 ber
426 1991 467 2027 de
488 1987 638 2025 velandis
659 1985 859 2029 Virginibus
872 2009 880 2018 .
1109 1997 1161 2034 33,
1179 1998 1211 2023 2·

308 2042 441 2078 Mithra
454 2067 466 2084 ,
490 2038 596 2083 qualis
609 2037 702 2070 Deus
715 2035 926 2081 paganorum
938 2035 1059 2071 fuerit?
1085 2035 1166 2082 306.
1178 2047 1208 2071 2.

359 2093 464 2138 Apud
476 2091 588 2126 Persas
597 2088 704 2123 dictus
718 2086 902 2120 Baltbazaer.
921 2097 999 2135 307.
1018 2098 1047 2124 1.
1074 2085 1211 2121 Mithrae

359 2145 449 2180 sacra
471 2169 479 2176 .
505 2141 581 2176 ibid.
604 2148 638 2174 2.
665 2137 705 2171 In
728 2136 904 2173 tenebroso
942 2148 1039 2172 antro
1062 2140 1189 2183 peracta
1203 2162 1211 2171 .

363 2196 441 2242 308.
473 2205 501 2229 1.

311 2244 478 2284 Monachi
491 2240 577 2286 apud
589 2239 721 2275 Graecos
731 2239 897 2274 Dostores
907 2264 915 2272 .
1117 2250 1174 2286 47,
1191 2254 1211 2272 1,

310 2295 495 2334 Monachis
520 2287 748 2334 Philosophiae
761 2301 884 2325 nornen
897 2289 980 2325 olim
994 2289 1188 2325 attributum
1199 2314 1206 2322 .

312 2356 505 2435 Μὲἳξςὲοε
516 2391 689 2438 quomodo
701 2401 874 2426 veneratus
885 2389 1127 2427 Constantinus
1137 2390 1211 2424 Ma-

315 2458 543 2539 Mogziistljvsium.
570 2495 654 2530 Vox
678 2493 871 2540 Augustino
893 2493 1011 2538 ignota
1033 2515 1046 2533 ,
1072 2438 1210 2525 grisrreiiii

365 2550 462 2583 ltalia
476 2546 695 2582 Rethoricam
708 2543 849 2580 docebat
860 2569 868 2577 .
1114 2552 1167 2589 29·
1180 2544 1215 2578 2.¹

316 2598 533 2634 Montanistae
552 2597 754 2632 sanctitatem
767 2597 921 2629 simulant
933 2618 940 2626 .
1113 2592 1170 2638 65-
1186 2601 1213 2627 1-

317 2651 506 2684 Montanus
523 2648 558 2680 in
583 2646 747 2679 adulterio
770 2645 1012 2684 deprehensus.
1040 2642 1116 2676 ibid.
1144 2641 1215 2676 Sibi

368 2695 528 2732 adscribit
550 2695 715 2728 Divinam
727 2691 837 2727 Sancti
857 2692 1000 2736 Spiritus
1012 2693 1213 2727 Personam.

372 2756 453 2784 102.
476 2757 508 2783 2.

929 141 1205 187 INDex
1275 135 1643 197 Renum·

1288 222 1487 259 Mulieribus
1497 234 1566 258 non
1586 222 1633 259 est
1647 223 1834 269 permiffum
1852 228 1987 266 doecre.
2018 232 2092 268 ibid.
2118 234 2181 272 Vi-

1337 275 1407 310 duae
1418 284 1527 310 tamen
1540 275 1671 320 possunt
1682 276 1836 320 privatim
1847 279 1962 317 docere
1980 284 2070 320 suam
2083 287 2180 324 fami-

1338 327 1415 361 liam
1430 352 1437 360 .
2104 337 2135 371 ib

1287 376 1487 420 Mulieribus
1498 387 1569 411 non
1581 376 1627 412 est
1640 377 1827 422 permissum
1838 379 1954 417 offerre
1965 406 1976 422 ‚
2002 395 2063 420 nec
2075 339 2179 423 ulliiiis

1337 427 1440 462 virilis
1462 428 1609 463 muneris
1630 452 1643 469 ,
1668 429 1792 464 nedum
1815 429 2027 470 Sacerdotalis
2051 438 2179 480 officii,

1337 479 1457 512 sortem
1469 478 1528 512 fibi
1543 479 1727 514 vendicare.
1749 486 1751 489 '
1784 520 1787 523 Ι
2052 498 2133 537 345.
2144 501 2177 526 2.

1287 526 1470 563 Mulierum
1490 527 1625 564 audacia
1647 528 1816 566 haeresibus
1836 533 1961 577 semper
1980 545 2152 583 cooperata
2168 565 2177 572 .

1337 587 1417 626 347·
1435 590 1463 616 1·

1286 630 1470 664 Mulierum
1482 626 1706 666 haereticarum
1717 633 1813 668 ausus
1823 634 2059 670 attentantium
2068 660 2080 677 ,
2105 650 2177 675 non

1336 681 1466 715 tanturn
1481 681 1632 726 tingere,
1659 680 1771 718 verum
1794 684 1895 721 etiam
1918 686 2120 729 sacrificare,
2140 689 2177 724 δε

1333 731 1547 767 reconciliare
1558 755 1566 764 .
2075 747 2132 786 ²7-
2142 749 2175 774 2.

1717 834 1755 870 N

1389 933 1567 980 Eophytus
1593 932 1794 979 Apostolico
1821 936 1965 973 Canone
1993 946 2121 974 vetatur
2141 939 2179 976 in

1416 986 1619 1031 Episcopum
1630 986 1711 1031 eligi
1720 1010 1728 1018 -
1754 995 1835 1034 352.
1847 996 1876 1023 1.
1904 989 1971 1023 Dei
1992 989 2122 1033 judicio
2133 991 2181 1025 sa-

1331 1036 1419 1069 stum
1432 1046 1468 1070 ut
1481 1036 1669 1080 Cyprianus
1680 1036 1883 1082 Neophytus
1893 1038 2085 1084 eligeretur.
2102 1040 2179 1073 ibid.

1281 1086 1377 1120 Nero
1388 1085 1407 1119 a
1418 1085 1614 1129 quibusdam
1629 1087 1772 1121 creditus
1779 1089 1971 1132 principalis
1982 1089 2179 1125 Anti-Chri-

1331 1135 1420 1175 stus,
1446 1134 1589 1178 ideoque
1613 1147 1682 1170 non
1694 1136 1758 1172 esse
1781 1138 1931 1179 occisus,
1958 1139 2014 1174 sed
2024 1139 2180 1176 reservari

1333 1185 1368 1219 in
1380 1184 1482 1219 finem
1492 1184 1595 1220 sieculi
1610 1210 1618 1218 .
2014 1199 2017 1201 >
2076 1186 2133 1225 68,
2155 1196 2179 1223 1.

1284 1236 1378 1271 Nero
1404 1245 1489 1278 quot
1514 1235 1612 1269 annis
1641 1235 1824 1280 regnaverit
1852 1238 1871 1270 ,ἒ
1899 1233 1981 1274 288.
2007 1248 2037 1274 1.
2065 1236 2181 1274 Plures

1333 1284 1540 1321 Christianos
1553 1285 1587 1319 in
1600 1285 1742 1320 Crucem
1757 1286 1844 1331 egit.
1872 1297 1953 1335 292.
1965 1299 1997 1325 2·
2017 1287 2088 1323 Cur
2100 1289 2182 1324 San.

1333 1337 1420 1370 sium
1433 1335 1573 1371 Paulum
1585 1347 1627 1370 ex
1640 1336 1746 1372 libero
1761 1337 1941 1372 conducto
1953 1337 2133 1382 conjecerit
2142 1338 2180 1373 in

1333 1397 1495 1421 carcerem
1509 1388 1522 1421 ?
1547 1397 1626 1435 293..
1640 1397 1671 1422 2.
1687 1387 1722 1422 &
1735 1387 1797 1432 seq.
1829 1387 1909 1431 Ejus
1920 1388 2110 1423 concubine
2122 1399 2181 1433 pet

1332 1437 1476 1472 Paulum
1487 1437 1528 1472 ad
1541 1438 1640 1472 fidem
1651 1438 1808 1472 conversa
1823 1462 1831 1470 .
1841 1438 1915 1473 ibid.
1942 1438 2029 1487 Qiae
2044 1437 2101 1473 illa
2111 1439 2182 1475 fue-

1334 1489 1403 1522 rit?
1430 1497 1508 1534 294.
1524 1498 1551 1524 1.
1579 1488 1766 1535 Qomodo
1780 1487 1923 1524 Paulum
1938 1499 2007 1523 tam
2025 1487 2122 1524 facile
2130 1488 2181 1524 di·

1332 1539 1481 1573 miserit?
2046 1549 2128 1586 295.
2149 1549 2180 1574 1.

1282 1588 1374 1624 Nero
1391 1598 1520 1624 tantum
1543 1588 1614 1632 post
1628 1589 1736 1625 Urbis
1752 1589 1947 1626 incendium
1968 1589 2108 1633 incoepit
2126 1588 2184 1624 de·

1331 1639 1481 1674 bacchari
1494 1640 1529 1674 in
1539 1639 1761 1675 Christianos.
2018 1649 2101 1687 295.
2115 1651 2134 1672 ι.
2143 1647 2181 1674 2.

1282 1689 1430 1725 Nestorii
1445 1691 1480 1725 in
1494 1691 1598 1735 prima
1609 1692 1664 1725 sua
1676 1689 2032 1726 concione-insolentia
2045 1714 2053 1722 .
2064 1687 2181 1736 3562-

1281 1740 1316 1774 Ν
1320 1740 1534 1775 icolaitarum
1545 1739 1668 1776 haerefis
1682 1766 1689 1774 .
1917 1740 1999 1790 276.
2014 1751 2044 1777 1·
2069 1741 2104 1775 ἁ
2116 1740 2180 1784 seq.

1280 1791 1446 1826 Nicolaus
1477 1792 1652 1827 Diaconus
1676 1791 1822 1828 fueritne
1846 1794 1956 1829 revera
1978 1788 2181 1825 hereticus?

1340 1852 1412 1888 ¹75·
1427 1853 1460 1878 2·
1487 1842 1596 1883 &seq.
1954 1838 1959 1841 ¹
2150 1877 2155 1882 .

1278 1890 1415 1934 Nigidii
1435 1898 1580 1923 errores.
2048 1897 2130 1935 254.
2154 1893 2178 1922 Ι.

1276 1938 1420 1970 Nobiles
1430 1936 1616 1964 Christiani
1637 1936 1713 1965 sunt
1723 1935 1898 1967 munimen
1912 1958 1926 1975 ,
1947 1947 1988 1972 ac
1999 1939 2105 1972 tutela
2116 1938 2180 1973 Ec-

1326 1982 1427 2016 clessae
1437 2005 1444 2014 .
2076 1997 2134 2034 99,
2143 1996 2178 2022 2.

1279 2031 1423 2067 Nobiles
1448 2032 1600 2076 personas
1615 2027 1657 2065 ad
1667 2029 1768 2066 fidem
1780 2039 1973 2066 convertere
1983 2030 2181 2071 studuerunt

1328 2082 1438 2117 Sandii
1455 2083 1568 2116 Patres
1581 2105 1589 2114 .
2065 2093 2126 2130 52·
2149 2089 2182 2119 τ’.

1279 2132 1458 2168 Nobilium
1482 2132 1693 2177 personarum
1715 2132 1883 2166 eonverfio
1904 2131 2087 2176 plurimum
2105 2143 2182 2178 pro-

1327 2184 1397 2218 dest
1423 2182 1575 2218 Ecclesiae
1598 2207 1606 2215 .
1633 2193 1689 2229 52.
1712 2189 1746 2216 2.
1778 2183 1808 2217 E
1828 2182 1958 2218 diverso
1986 2184 2180 2220 earumdem

1329 2235 1438 2279 lapsus
1451 2236 1616 2269 summum
1642 2232 1748 2268 adfert
1762 2232 1913 2268 Ecclefiae
1923 2234 2175 2270 detrimentum.

1330 2285 1402 2319 ibid.

1278 2339 1310 2373 S.
1324 2335 1511 2370 Norbertus
1534 2333 1716 2370 Gallicanae
1728 2333 1879 2369 Ecclefiae
1899 2332 2074 2378 Presbyter
2082 2345 2180 2371 exor-

1334 2387 1473 2421 cizavit.
2057 2387 2181 2431 3484.

1283 2436 1550 2471 Novatianenses
1576 2433 1713 2478 quidam
1723 2434 1904 2470 coruscasse
1913 2434 2073 2470 dicuntur
2082 2436 2180 2470 mira-

1326 2487 1410 2522 culis
1423 2511 1431 2519 .
2124 2508 2131 2515 .
2145 2495 2178 2521 2.

1277 2536 1511 2573 Sanstimoniae
1536 2536 1736 2571 affectatores
1758 2534 1790 2568 se
1799 2531 1964 2568 catharos
1978 2555 1990 2573 ,
2014 2485 2178 2569 sentiun-

1332 2589 1393 2622 dos
1418 2586 1634 2630 nuncupabat
1656 2611 1663 2618 .
1689 2587 1745 2630 65.
1775 2595 1804 2620 ι.
1834 2582 2042 2618 Poenitentiae
2067 2583 2178 2619 Sacru-

1327 2647 1478 2672 mentum
1500 2638 1689 2670 aversantur
1699 2657 1711 2674 ,
1735 2634 1770 2672 dt
1782 2632 1935 2680 ablegant
1947 2658 1955 2666 .
2056 2633 2177 2672 &114

1279 2686 1493 2723 Novatianns
1517 2687 1552 2719 in
1576 2686 1685 2729 primo
1707 2686 1755 2718 sui
1768 2684 1953 2719 schismatis
1963 2683 2106 2720 exordio
2122 2695 2180 2719 no

1329 2747 1493 2784 quaquam
1517 2735 1581 2770 fuit
1593 2733 1764 2770 haereticus
1776 2761 1784 2768 .
2061 2743 2109 2783 92
2140 2743 2165 2770 α.

320 2798 540 2833 Mortuerum
564 2793 736 2828 suscitatio
757 2802 842 2837 opus
862 2791 908 2826 est
921 2790 1056 2827 Divinae
1078 2793 1218 2837 potesta·
1280 2789 1492 2825 Novatianus
1515 2786 1638 2832 primus
1659 2785 1693 2819 in
1718 2786 1873 2821 Romana
1883 2783 2051 2820 Cathedre
2071 2760 2178 2820 sibit:

321 2859 483 2934 Mtilieres
496 2894 627 2931 Arianae
640 2893 843 2930 tumultuum
856 2852 1020 2927 causgw·
1033 2852 1068 2877 Ζ.
1088 2840 1169 2940 Ξέἓ.
1182 2855 1214 2931 2⁷:-

1330 2839 1428 2875 matis
1438 2836 1560 2873 author
1571 2861 1579 2869 .
1593 2846 1706 2886 3502.
1732 2837 1916 2872 Ordinatus
1925 2834 1944 2870 ἢ
1958 2836 2061 2872 tribus
2070 2839 2179 2872 extra*-

1330 2891 1401 2925 neis
1412 2914 1424 2932 ,
1451 2887 1610 2932 imperitis
1623 2912 1634 2928 ,
1660 2899 1699 2922 ac
1707 2886 1806 2922 ebriis
1820 2887 1994 2932 Episcopis
2004 2912 2013 2920 .
2099 2883 2176 2920 aba.

321 2949 485 2984 Mulieres
510 2945 707 2981 Lutheranae
728 2944 778 2988 jus
800 2944 1016 2989 officiumque
1038 2941 1216 2987 publicein
1280 2941 1396 2977 Numa
1419 2939 1609 2983 Pompilius
1621 2939 1797 2973 Romanos
1817 2937 2047 2983 opetofiffimis
2068 2932 2179 2982 supe&

374 2997 520 3035 Ecclesia
531 2995 672 3032 docendi
686 2995 746 3030 fibi
760 2997 934 3039 usurpant.
955 2997 1040 3041 346.
1050 3007 1071 3029 ι.
1095 2994 1217 3029 Luthe-

373 3062 415 3087 ro
435 3048 588 3085 mulieres
608 3049 685 3082 sunt
711 3046 784 3081 vere
804 3045 996 3082 Sacerdotes
1014 3044 1218 3081 Christiano·

373 3112 468 3136 rum.
1145 3095 1217 3129 ibid.

324 3151 489 3187 Mulieres
511 3159 581 3186 non
602 3149 735 3193 poffunt
758 3146 792 3181 in
807 3146 954 3182 Ecclesia
976 3144 1218 3192 esuggestuin-

377 3202 518 3237 struere.
545 3208 600 3238 22.
610 3208 647 3235 2.
673 3198 863 3243 Nequidem
886 3196 921 3231 id
941 3201 1128 3232 concellum
1148 3206 1218 3240 pro·

376 3253 456 3298 priae
465 3248 589 3288 Christi
603 3250 647 3285 D.
660 3248 765 3284 Matri
777 3273 787 3282 .
815 3249 888 3282 ibid.
902 3247 1062 3283 Mulieres
1072 3246 1219 3291 Pelagia-

378 3304 478 3339 naein
499 3299 760 3341 contendendo,
784 3309 822 3336 ac
832 3298 1032 3344 disputando
1051 3295 1218 3333 audaciffi·

377 3362 461 3388 mae.

1083 3345 1162 3395 346·
1184 3357 1217 3384 2·

1329 2989 1520 3025 stitionibus
1532 2989 1681 3024 oneravit
1692 3014 1700 3022 .
1726 2998 1746 3038 3
1754 2998 1767 3024 1
1778 2999 1808 3025 1.
1818 3000 1850 3027 2·
1876 2986 1962 3024 Non
1971 2998 2086 3024 tannen
2095 2993 2175 3024 one·

1331 3041 1414 3077 ravit
1428 3040 1659 3076 numerositate
1680 3039 1839 3074 salsorum
1851 3039 2003 3076 Deorum
2016 3062 2025 3073 .
2055 3039 2133 3087 31⁸&
2142 3042 2175 3070 1·

1332 3093 1403 3137 lpse
1429 3092 1462 3126 &
1473 3101 1556 3125 uxot
1568 3089 1831 3132 Hydromantici
1840 3114 1850 3124 .
2098 3082 2170 3118 lid·

1283 3143 1488 3189 Nuptiarum
1495 3139 1743 3190 interdictores.
2048 3143 2124 3182 27¹·
2135 3142 2173 3170 a·
