2346 3724
88 332 152 363 Lib.
176 340 188 361 1

70 372 193 411 EP·187.

78 637 140 669 Lib.
171 647 196 673 5.

76 679 176 714 tit-38.

77 724 194 755 (ap-10.

35 872 140 912 Quaest.
143 882 158 911 3
165 883 190 908 4·

713 125 755 172 C
825 141 853 169 A

218 216 350 257 sterius,
377 214 516 260 ignoro.
543 212 637 260 Qin
661 212 759 248 etiam
772 210 1000 258 posterioribus
1011 212 1102 245 saecu-

219 269 260 302 lis
277 266 318 301 ad
340 264 550 299 palentinum
576 265 609 297 ὅτ.
637 262 837 308 Burgensem
864 262 1098 306 Hispaniarum

924 141 946 169 P
1014 139 1031 169 1

194 356 197 361 1
219 312 826 360 episcoposscripfitvlnnocentius111.·
849 316 946 345 Nova
960 312 1101 353 quaedam

217 372 311 408 nuper
329 365 432 404 nostris
451 363 532 407 sune-
547 363 668 397 auribus
684 369 826 397 intimata
837 386 848 402 ,
875 363 954 404 quod
966 359 1099 404 abbatis-

212 415 258 461 s'ae
278 417 423 449 Moniales
444 417 584 456 proprias
605 411 779 459 benedicunt
791 437 801 452 ‚
829 410 1017 455 ipsarumque
1030 423 1099 444 con·-

209 465 572 509 feffronercriminulium
591 465 740 504 audium,
762 463 938 506 &legentes
959 464 1101 504 Evange-

214 516 289 548 liu'm
307 514 496 558 praefitmu'ne
516 514 633 557 publice*
654 514 837 556 pradicare.
867 513 910 545 Et
934 511 1019 545 hanc
1037 512 1100 554 epi-

215 565 335 600 stolam
354 567 417 599 suo
434 564 660 613 Decretalium
686 562 793 597 codici
815 563 949 596 inseruit
975 562 1099 606 Grego-

214 615 280 649 rius
299 615 359 648 lx.
388 613 628 662 Qdd=nempc
647 613 762 647 abusus
788 612 927 646 necdum
950 614 1025 646 esset
1038 613 1100 655 ple-

214 663 255 699 ne
266 665 395 699 evulsus
406 690 413 697 .
439 664 542 712 Qod
555 664 652 697 etiam
665 662 814 707 quaedam
827 663 1016 696 Graecorum
1032 661 1099 695 Ab·

213 714 334 749 batiffae
345 715 508 750 voluerint
530 716 656 748 suarum
673 713 874 751 Monialium
888 712 1101 746 confessiones

211 763 324 799 audire
348 790 359 805 ,
377 763 472 799 ‘lucet
491 772 532 800 ex
554 763 729 797 Theodori
757 763 962 797 Balsamonis
982 761 1100 794 Antio-

210 815 312 849 cheni
333 813 524 849 Patriarchae
534 809 707 856 Responfis
726 814 766 846 ad
789 813 980 855 quaestiones
996 811 1098 844 Marci

210 864 406 900 Patriarcbae
427 860 645 898 Alexandrini
666 886 673 893 .
701 861 881 906 Virginum
907 864 1100 896 consecran-

210 915 324 948 darum
353 914 492 946 andacia·
513 923 580 945 non
608 913 728 956 legitur
755 912 849 946 fuisse
872 912 956 956 apud
975 912 1101 945 Graeco-

175 997 181 1001 ,
209 975 281 998 rum
307 962 517 997 Αὺέκιῑίῐῖξις.Ἰ
538 962 581 995 Et
601 973 673 995 eam
686 961 803 996 Latina
824 964 947 1007 semper
959 961 1099 997 Ecclesia

209 1012 466 1048 constantissime
488 1012 676 1046 damnavit.

261 1063 317 1096 An
347 1063 452 1096 Graeci
476 1062 568 1096 istam
591 1062 871 1096 consecrationem
894 1063 1098 1107 permiserint

208 1112 413 1156 presbyteris
426 1136 436 1153 ‚
461 1113 495 1146 ὅ(
517 1124 558 1146 an
579 1111 890 1147 addustusaSanisto
910 1113 1096 1147 Theodoro

208 1163 435 1197 Cantuariensi
449 1162 567 1196 Canon
579 1163 614 1196 sit
627 1162 792 1208 legitimus
809 1175 847 1196 ac
871 1162 1096 1201 authenticus,

208 1224 278 1248 non
302 1214 429 1257 possum
454 1213 626 1246 affirmate.
656 1212 753 1247 Certe
774 1213 876 1250 alium
890 1213 1023 1246 similem
1037 1214 1095 1247 Ca·

209 1274 333 1298 nonem
357 1263 421 1296 huc
441 1264 540 1306 usque
564 1275 631 1298 non
658 1263 746 1297 vidi.
775 1263 817 1297 Et
830 1263 870 1307 afd
883 1265 974 1307 supra
991 1263 1097 1296 lauda·

208 1312 447 1350 tumesecundae
459 1312 727 1358 carthaginensis
738 1314 863 1357 Synodi
890 1318 1022 1348 tertium
1038 1314 1098 1347 Ca-

208 1374 334 1397 nonem
355 1363 463 1396 scribit
476 1363 645 1396 Sacrorum
657 1362 836 1396 canonum
857 1364 1000 1397 summus
1011 1362 1094 1405 apud

209 1413 341 1446 Grecos
361 1411 489 1445 Dostor
500 1409 700 1444 Theodorus
711 1411 884 1446 Balsamon
899 1425 906 1444 :
927 1415 1098 1446 Puellarum

206 1460 383 1504 consecratio
399 1458 457 1492 ison
478 1458 516 1498 est
537 1460 769 1501 Diaconissarum
785 1466 843 1502 per
868 1473 1007 1493 manuum
1032 1468 1092 1495 im-

201 1507 370 1553 positionem
389 1509 539 1542 ordinatio
552 1516 573 1548 ,‘
584 1507 643 1551 sed
662 1520 722 1541 mos
741 1519 808 1542 erae
823 1510 940 1551 puellas
975 1513 1020 1543 ad
1038 1515 1096 1543 Ec-

206 1559 318 1602 clefiam
338 1560 448 1593 adduci
468 1563 677 1603 virginitatem
683 1559 856 1601 profitentes
867 1584 879 1600 ,
905 1561 940 1594 (9
953 1572 1005 1594 eas
1019 1563 1095 1602 Epi-

199 1609 294 1655 [cipi
303 1617 360 1652 per
379 1618 481 1651 preces
505 1607 713 1652 consecrabant
737 1617 770 1642 ut
782 1612 844 1643 Deo
854 1611 1035 1650 dedicatas,
1062 1613 1096 1644 (ν

196 1659 252 1701 ,tili
276 1671 378 1694 earum
403 1659 535 1700 custodia
561 1668 664 1693 cur'am
678 1660 825 1703 gerebam
851 1685 859 1692 .
896 1664 968 1694 Haec
988 1662 1054 1704 ergo
1075 1662 1095 1693 ἃ

208 1709 390 1748 Presbyteri:
402 1708 470 1751 fieri
490 1707 645 1751 probibuit
666 1711 796 1748 synodus
809 1734 819 1750 ‚
846 1711 1092 1752 quemadmodum

206 1762 244 1795 o·
265 1760 437 1802 templorum
457 1758 715 1802 consecrationem,
741 1761 870 1794 &dedit
880 1772 977 1794 eorum
992 1760 1093 1803 facul·

199 1817 299 1844 reatem
321 1809 508 1850 Antistitibus
520 1835 528 1843 .
557 1810 600 1844 Et
612 1809 714 1844 infra:
733 1813 788 1843 His
810 1809 895 1854 irase
905 1810 1093 1850 habentibus,

205 1859 310 1893 dicunt
332 1861 447 1902 aliqui,
473 1860 555 1902 quod
568 1865 708 1902 quoniam
720 1859 760 1893 ab
774 1860 958 1900 Antistitibus
963 1860 1001 1902 fit
1011 1862 1094 1904 puel-

205 1911 305 1944 larum
323 1908 512 1952 consecratio,
543 1921 602 1943 non
623 1909 721 1944 licebit
741 1911 909 1952 monosterii
922 1911 1069 1953 Praefello
1083 1936 1093 1952 ‚

205 1963 260 2002 qui
276 1958 315 1998 est
330 1957 469 2002 sacratus
481 1983 490 1999 ‚
510 1966 648 2001 quemvis
672 1960 849 1994 Monachum
880 1963 1001 1996 tondere
1034 1961 1095 2004 fine

205 2008 376 2053 Episcopali
393 2011 571 2050 permisfione
582 2035 589 2042 .
617 2011 701 2044 Idem
713 2017 791 2044 enim
803 2011 840 2051 est
855 2013 1022 2053 puellarum
1032 2023 1094 2044 con-

201 2058 229 2103 s
223 2063 330 2093 ceratio
340 2062 373 2094 (θ’
384 2059 595 2093 Monac-horum
605 2059 726 2103 tonsura
737 2086 744 2093 .
772 2061 849 2094 Mihi
860 2072 959 2096 autem
974 2064 1096 2096 videtur

206 2110 377 2143 Sacerdotes
397 2109 559 2152 Praefbllos
580 2114 653 2153 posse
664 2115 740 2144 citra
752 2113 843 2145 ullum
854 2114 1097 2154 impedimentum

206 2161 351 2201 tondere,
379 2164 471 2193 et-iam
485 2165 549 2202 fine
567 2159 741 2204 Episcopali
760 2164 939 2204 permiffione
959 2188 966 2195 .
996 2162 1094 2198 Vide·

204 2218 262 2243 mr
281 2210 388 2254 palam
408 2210 566 2244 affirmare
579 2235 589 2250 ‚
618 2210 707 2254 quod
730 2212 815 2254 apud
827 2212 960 2246 Graecos
972 2237 984 2253 ‚
1009 2223 1045 2245 ut
1063 2212 1097 2244 ἀ

207 2259 291 2293 olim
311 2258 398 2303 apud
422 2261 543 2300 Afros,
569 2260 749 2303 virginum
771 2262 975 2293 consecratio
1001 2259 1096 2293 fuerit

206 2309 361 2343 reservata
382 2308 552 2351 Episcopis
570 2332 576 2339 .
603 2308 646 2341 Et
665 2307 705 2342 ad
717 2308 807 2343 hunc
822 2320 946 2343 morem
967 2311 1098 2342 firman·

206 2358 294 2392 dum'
309 2357 470 2391 Trullana
492 2357 677 2389 Graecorum
701 2355 855 2398 Synodus
877 2357 975 2390 istum
995 2356 1095 2389 etiam

205 2404 501 2450 Carthaginensem
529 2404 701 2439 Canonem
729 2405 863 2440 inseruit
883 2407 942 2440 suo
956 2405 1095 2440 Codici.

205 2451 304 2504 Qin
328 2452 397 2488 imo
418 2452 487 2488 haec
506 2453 639 2489 insertio
661 2454 789 2489 videtur
809 2456 872 2490 esse
894 2456 994 2500 longe
1016 2457 1098 2490 anti-

205 2506 322 2550 quior.
351 2504 436 2541 Eam
460 2503 551 2539 enim
588 2505 645 2539 ista
666 2505 818 2548 Synodus
843 2518 911 2540 non
939 2507 1094 2546 induxit,

205 2555 265 2590 red
284 2554 454 2589 dumtaxat
491 2554 537 2589 est
576 2556 769 2599 prosecuta.
808 2556 943 2591 Interim
966 2558 1098 2592 Sanetus

206 2605 308 2639 etiam
333 2603 536 2639 Theodorus
553 2606 617 2640 fuit
643 2606 691 2639 vir
713 2606 863 2646 Graecm,
891 2608 1099 2651 summusque

203 2652 377 2690 Sacrorum
390 2655 566 2689 Canonum
590 2657 732 2697 Dostor,
759 2669 799 2690 ac
810 2656 892 2690 vide&
902 2657 942 2691 de
953 2658 1021 2703 ejus
1034 2658 1098 2692 fide

206 2716 279 2738 non
301 2704 395 2748 poffit
417 2703 557 2738 dubitari
573 2730 580 2738 .
607 2706 771 2740 Existimo
798 2707 895 2740 variis
909 2707 1097 2742 Graecorum

201 2755 291 2791 ,locis
315 2763 371 2789 aut
381 2754 580 2798 temporibus
595 2756 687 2790 fuiffe
711 2757 810 2791 varias
823 2756 1075 2792 consuetudines
1092 2784 1099 2792 .

207 2803 336 2838 Eorum
360 2803 508 2839 Ecclesiae
534 2829 545 2846 ,
573 2817 643 2849 quae
663 2806 865 2850 presbyteris
888 2809 1099 2851 permiserunt

209 2850 422 2888 collationem
448 2852 642 2890 Christianae
668 2856 943 2892 confirmationis
962 2883 973 2899 ‚
1000 2859 1098 2892 etiam

208 2901 390 2947 virginum
426 2906 705 2942 consecrationem
744 2907 863 2951 poffint
893 2908 1061 2942 credidisse
1089 2933 1096 2940 .

204 2953 290 2987 Haec
312 2955 402 2987 enim
430 2953 503 2986 sunt
524 2966 690 2991 connexa.
721 2958 763 2991 Et
785 2958 895 2992 ambas
920 2958 1098 3002 degradato

207 3003 373 3047 Epi-scopo
396 3001 605 3040 Armentario
642 3008 779 3050 permisit
816 3008 915 3043 etiarn
954 3009 1100 3052 Rejenfis

207 3053 364 3097 Synodus
376 3078 383 3086 .
737 3062 741 3067 ·

260 3103 358 3140 Sexta
386 3103 522 3146 quaestio
547 3103 613 3143 est,
638 3105 719 3151 Qae
754 3118 827 3142 aetas
863 3108 1044 3151 requiratur
1065 3109 1099 3143 in

209 3152 429 3188 consecranda
445 3153 606 3197 Virgine?
632 3154 828 3198 Respondeo
842 3159 960 3202 requiri
975 3167 1099 3194 aetatem

210 3201 306 3247 plene
327 3203 488 3237 adultam.
516 3202 608 3236 Hinc
632 3205 707 3239 licet
731 3207 1029 3251 olimimpuberes,
1055 3220 1099 3243 et-

213 3253 281 3286 iam
306 3252 448 3287 infantes
459 3277 469 3293 ,
496 3254 607 3296 puellae
618 3256 783 3297 potuerint
795 3267 853 3299 per·
870 3268 1016 3300 parentes
1029 3260 1099 3293 Do·

211 3303 306 3338 mino
328 3303 404 3337 Deo
426 3315 463 3336 ac
483 3303 694 3339 Monasteriis
714 3305 852 3347 donari,
877 3307 909 3341 &
931 3318 986 3352 per
1006 3308 1097 3344 istam

310 3352 419 3394 Christ.
432 3356 511 3395 Lupi
527 3357 625 3397 Opera
645 3358 678 3389 T.
691 3358 747 3390 IX.

1100 140 1126 169 T

1195 137 1212 169 Ι
1281 138 1301 168 s
1406 123 1553 169 III.
1920 140 1982 187 37

1165 210 1382 246 donationem
1409 206 1553 252 profiteri
1572 207 1606 242 &
1623 202 1737 252 ligari,
1762 216 1905 245 attamen
1920 208 2049 244 nonnisi

1162 262 1195 294 in
1219 261 1329 295 adulta
1350 269 1444 294 aetate
1470 267 1647 302 potuerunt
1669 259 1864 293 consecrari.
1892 261 1941 295 Ita
1961 260 2048 304 apud

1161 311 1315 355 Gregorii
1336 310 1420 344 noni
1440 308 1626 343 Decretalia
1651 306 1782 341 testatur
1794 307 1880 351 Papa
1895 310 2046 346 Clemens

1161 362 1291 395 tertius.
1321 359 1485 404 Loquitur
1509 369 1584 393 cum
1610 357 1741 392 novella
1767 356 1839 400 lege
1866 358 2046 401 imperato-

1161 422 1230 444 rum
1254 411 1376 445 Leonis
1397 411 1431 444 &
1454 407 1621 452 Majorani
1657 407 1697 442 ad
1717 406 1871 441 Basilium
1894 407 2046 446 Praetorio

1161 461 1345 495 Praefestum
1367 484 1379 501 ‚
1419 459 1553 494 inferius
1573 456 1733 492 laudanda
1753 457 1787 491 &
1821 456 2013 493 adducenda
2039 486 2046 493 .

1163 509 1312 545 Ecclesiae
1336 511 1428 544 variae
1438 509 1521 544 olim
1533 509 1756 552 exquisierunt
1768 507 1888 541 variam
1901 518 2043 542 aetatem.

1165 560 1351 603 Antiquum
1376 560 1538 594 Africana:
1560 558 1711 593 Ecclesiae
1737 568 1862 593 morem
1882 557 1983 592 edicit
2007 559 2051 592 vi-

1162 612 1299 655 gesimus
1326 611 1433 645 sextus
1459 609 1581 644 Canon
1604 609 1749 643 secundae
1771 607 1973 642 Milevitanae
1992 610 2050 651 Sy-

1165 661 1241 695 nodi
1257 675 1267 694 .·
1296 661 1411 693 Placuit
1422 669 1456 693 ut
1467 666 1637 702 quicumque
1651 658 1862 701 Episcoporu'm
1874 683 1883 698 ,
1910 659 2050 699 neceffita-

1163 721 1190 743 re
1206 711 1407 752 periclitantis
1418 711 1575 752 pudicitiae
1587 711 1750 753 virginalis
1764 733 1775 749 ‚
1801 709 1866 742 cum
1881 710 1932 742 vel
1938 714 2050 750 petitor·

1159 768 1264 802 potens
1284 762 1336 794 vel
1345 769 1448 802 raptor
1467 762 1579 803 aliquis
1599 759 1803 801 formidatur,
1831 760 1884 792 vel
1900 758 1930 800 fi
1951 761 2050 801 aliquo

1162 817 1252 843 etiam
1264 815 1369 844 mortis
1375 809 1513 854 scrupulo
1522 808 1678 853 periculoso
1686 808 1964 851 compundiafuerit
1976 834 1985 849 ,
2012 816 2051 842 ne

1162 871 1218 892 non
1244 862 1349 894 velata
1370 867 1533 902 moriatur,
1560 869 1614 893 aut
1639 860 1825 904 exigentibus
1847 859 2051 901 parentibus,

1162 919 1214 943 aut
1235 910 1284 943 bis
1297 913 1468 953 adquorum
1479 922 1580 944 curam
1595 916 1727 952 pertinet
1741 935 1751 951 ,
1778 910 1932 943 velaverit
1957 913 2052 951 virgi-

1162 972 1247 999 nem,
1273 959 1321 1001 seu
1332 963 1449 995 velavit
1475 967 1559 994 intra
1571 965 1682 1004 viginti
1703 966 1831 1003 quinque
1845 971 1938 992 annos
1954 983 1965 998 ,
1993 970 2051 991 non

1161 1016 1187 1043 ci
1210 1009 1277 1051 clvfit
1288 1013 1447 1044 Concilium
1459 1036 1469 1052 ,
1495 1013 1575 1054 quod
1585 1014 1621 1044 de
1640 1010 1845 1049 illoannorum
1858 1019 1974 1042 numero
1987 1015 2052 1040 coni

1153 1060 1290 1100 stitutum
1308 1060 1366 1100 est.
1394 1060 1462 1094 Hic
1474 1060 1629 1104 posterior
1641 1061 1759 1094 Canon
1775 1060 1867 1103 periit
1879 1070 1935 1093 aut
1948 1060 2027 1093 latet
2041 1083 2049 1090 .

1163 1110 1214 1143 Ex
1225 1110 1368 1145 addusto
1380 1110 1512 1145 interim
1525 1109 1678 1144 discimus
1690 1111 1780 1153 plura
1794 1135 1800 1141 .
1824 1109 1946 1149 Primo,
1957 1108 2051 1152 quod

1158 1161 1244 1204 apud
1271 1160 1369 1194 Afros
1397 1163 1492 1195 Sacra
1513 1161 1622 1203 Virgo
1649 1160 1751 1194 velari
1787 1161 1842 1193 seu
1870 1158 2052 1193 consecrari

1160 1222 1228 1244 non
1254 1211 1416 1254 potuerit,
1442 1212 1499 1244 nisi
1521 1212 1653 1254 expleto
1672 1211 1773 1244 aetatis
1793 1220 1883 1243 anno
1897 1209 2051 1253 vigesimo

1161 1262 1280 1304 quinto
1307 1286 1314 1293 .
1352 1259 1524 1302 Secundo,
1551 1259 1640 1304 quod
1668 1261 1846 1304 Episcopus
1865 1260 1901 1293 in
1926 1258 2054 1302 aliquot

1161 1312 1255 1345 annis
1282 1313 1425 1355 potuerit
1450 1312 1495 1345 ob
1522 1311 1630 1345 causas
1655 1309 1854 1354 dispensare.
1883 1310 1926 1343 Et
1953 1310 2054 1343 causae

1161 1362 1408 1405 exprimuntur.
1438 1361 1482 1396 Et
1504 1362 1588 1395 inter
1603 1362 1688 1404 ipsas
1708 1361 1754 1395 est
1779 1369 1949 1404 parentum
1960 1360 2064 1392 devo*

1160 1412 1230 1451 tio,
1255 1409 1483 1446 anhelantium
1497 1406 1611 1446 videre*
1625 1409 1980 1444 consecratamfiliam.
2009 1407 2052 1442 Et

1159 1459 1236 1494 hinc
1260 1460 1413 1494 discimus
1434 1460 1531 1495 tertio
1557 1485 1568 1501 ‚
1594 1460 1696 1504 quod*
1711 1460 1864 1493 Romana
1886 1457 2051 1497 Ecclesia,

1158 1509 1259 1543 hodie
1279 1522 1320 1544 ex
1341 1509 1438 1542 simili
1459 1511 1554 1543 causa
1576 1510 1765 1550 dispensans
1786 1509 1820 1540 in
1843 1517 1934 1541 aetate
1945 1508 2050 1550 requi-

1158 1560 1213 1592 sita
1235 1558 1275 1592 ad
1299 1558 1544 1602 presbyteratus
1565 1557 1743 1598 ordinem,
1770 1556 1891 1591 nitatur
1910 1559 2052 1602 antiquo

1158 1608 1374 1642 fundamento
1394 1634 1401 1641 .
1859 1614 1861 1616 ’

1208 1659 1326 1703 Longe
1349 1658 1504 1702 majorem
1531 1667 1658 1694 aetatem
1681 1657 1763 1693 olim
1785 1657 2054 1702 exquifivitGala

1161 1708 1265 1743 licana
1290 1709 1451 1743 Ecclesia.
1479 1704 1585 1744 Lucet
1610 1721 1652 1743 ex
1674 1703 1860 1754 Agathenfi'
1893 1704 2053 1742 Canone:

1157 1759 1400 1793 Sanfflmoniules
1413 1784 1424 1800 ,
1451 1760 1669 1801 quantumlibet
1689 1754 1877 1793 vita²eaerum
1901 1755 1936 1792 6·
1956 1770 2051 1791 mores

1153 1810 1274 1852 probati
1292 1808 1355 1851 sint
1365 1834 1375 1850 ,
1404 1821 1476 1844 ante
1486 1822 1600 1843 annum
1612 1817 1714 1843 aetatis
1722 1809 1790 1853 suae
1802 1809 2055 1852 quadragesimum

1158 1871 1216 1893 non
1241 1861 1396 1893 velemur.
1427 1860 1552 1895 Verum
1578 1859 1880 1904 hancdisciplinam
1892 1860 2055 1902 dissipavit

1161 1911 1211 1944 vel
1239 1910 1527 1955 Merovingiorum
1551 1910 1684 1955 Regum
1712 1912 1844 1955 ignavia
1869 1911 1919 1944 vel
1944 1910 2056 1944 Caroli

1159 1960 1305 1994 Marcelli
1346 1962 1379 1994 in
1412 1961 1648 1995 Ecclefiasticas
1669 1961 1841 1996 facultates
1862 1961 2021 1995 violentia
2050 1985 2057 1992 .

1161 2011 1293 2044 Etenim
1309 2011 1430 2045 avitam
1448 2011 1655 2055 disciplinam
1667 2022 1816 2056 reparans
1827 2021 1966 2053 magnus
1979 2011 2057 2042 Rex

1158 2061 1296 2095 Carolus
1319 2062 1430 2095 statuit
1454 2063 1488 2096 in
1514 2064 1578 2095 suis
1602 2060 1867 2104 Capitularibus:
1896 2063 1934 2091 Ut
1955 2063 2058 2102 Virgi-
2075 2056 2234 2093 Lib.1·c,46.

1159 2123 1212 2144 nes
1235 2122 1293 2144 non
1317 2112 1455 2145 velentur
1475 2122 1547 2143 ame
1573 2115 1685 2151 viginti
1711 2109 1838 2152 quinque
1864 2120 1977 2148 annos,
2003 2108 2061 2150 nisi

1161 2161 1331 2194 rationabili
1359 2162 1514 2200 neceffitate
1526 2167 1663 2202 cogente.
1696 2159 1736 2192 Et
1750 2161 1838 2194 suam
1852 2159 2056 2193 sanctionem

1161 2212 1266 2242 firmat
1286 2222 1326 2242 ex
1350 2210 1490 2243 adducto
1511 2209 1711 2242 Miievitano
1733 2210 1874 2243 Canone
1899 2235 1905 2241 .
1946 2210 2055 2252 ipsum

1162 2258 1312 2301 producit
1331 2258 1494 2301 integrum
1507 2283 1514 2290 .
1544 2259 1688 2292 Proinde
1699 2260 1786 2293 avita
1801 2260 1980 2294 Gallicanae
1995 2260 2058 2293 Ec-

1161 2307 1262 2339 clefiae
1299 2307 1470 2348 disciplina
1505 2319 1572 2342 erat
1594 2318 1673 2342 tunc
1695 2310 1780 2342 circa
1809 2309 1873 2343 hoc
1896 2312 2053 2353 punitum

1156 2355 1241 2389 adeo
1265 2356 1420 2398 prostrata
1443 2380 1454 2396 ‚
1483 2366 1518 2390 ut
1541 2358 1644 2401 ipsam
1669 2359 1799 2400 plenam
1823 2360 1976 2394 reducere
1998 2371 2054 2394 au-

1158 2406 1209 2439 sus
1226 2416 1294 2439 non
1321 2406 1420 2439 fuerit·
1444 2417 1552 2440 tantus
1575 2408 1650 2441 Rex
1665 2433 1675 2448 ,
1703 2409 1753 2441 sed
1776 2408 1842 2451 ejus
1867 2410 1901 2443 in
1939 2410 2053 2444 locum

1157 2454 1298 2499 posuerit
1309 2454 1517 2500 disciplinam
1532 2457 1723 2491 Africanam
1737 2483 1747 2499 ,
1761 2459 1860 2503 longe
1871 2460 2031 2494 laxiorem
2044 2484 2052 2492 .

1158 2507 1201 2540 Et
1222 2505 1307 2540 hanc
1327 2504 1395 2547 ejus
1418 2508 1682 2541 moderationem
1705 2509 1856 2551 probavit
1879 2520 1917 2542 ae
1945 2511 2051 2543 firma-

1161 2555 1205 2590 vit
1226 2556 1524 2591 Francofordienfis
1560 2558 1714 2600 Synodus
1739 2571 1745 2590 :
1783 2562 1829 2592 De
1850 2559 2044 2602 Virginibus,
2069 2565 2144 2604 Cap.
2160 2568 2211 2602 46.

1158 2617 1213 2649 quo
1228 2614 1356 2648 tempore
1367 2608 1506 2640 velandae
1516 2605 1573 2646 sint
1587 2632 1596 2647 ‚
1621 2609 1672 2641 vel
1682 2608 1789 2651 quibus
1810 2609 2044 2651 occupationibus

1159 2666 1230 2690 ante
1254 2668 1348 2690 annos
1371 2663 1482 2700 viginti
1495 2663 1625 2700 quinque
1644 2661 1814 2693 detinena'ae
1828 2684 1837 2699 ,
1863 2659 1886 2702 fi
1902 2661 2047 2700 neceffitas

1157 2708 1300 2749 compellit
1314 2731 1325 2747 ‚
1335 2718 1370 2740 ea
1380 2717 1556 2749 quaerantur
1572 2721 1641 2751 quae
1651 2715 1684 2741 in
1697 2714 1818 2742 Conone
1822 2709 1941 2752 scripta
1949 2708 2021 2751 sunt
2037 2734 2044 2741 .

1160 2757 1286 2799 Utique
1306 2758 1466 2791 Africano
1489 2758 1630 2793 Canone
1648 2784 1655 2791 .
1686 2759 1837 2793 Eundem
1865 2760 2043 2793 Canonem

1161 2807 1291 2846 laudat,
1322 2818 1361 2840 ac
1382 2809 1472 2845 suum
1497 2809 1575 2842 facit
1597 2809 1690 2842 tertia
1715 2810 1918 2842 Turonensis
1938 2809 2044 2850 Syno-

1161 2857 1241 2890 dus.-
1269 2857 1438 2899 Virginibus
1454 2857 1576 2900 sacrum
1600 2860 1737 2892 velamen
1762 2858 1966 2899 accipiendum
1982 2861 2045 2892 De·
2061 2873 2185 2911 Cap.38.‘

1161 2917 1240 2941 creta
1253 2909 1380 2939 Parrum
1392 2909 1572 2941 interdicunt
1585 2918 1654 2942 ante
1667 2914 1776 2951 viginti
1788 2913 1915 2950 qumque
1925 2919 2021 2941 annos
2030 2933 2042 2948 ‚

1163 2957 1218 2999 nisi*
1233 2956 1314 2998 sbrie?
1324 2958 1427 2998 aliqua
1452 2966 1566 3001 cogente
1587 2959 1764 2997 neceffitate,
1789 2965 1844 2999 pro
1855 2970 1916 3000 qua
1927 2959 2042 2991 licirum

1161 3008 1198 3047 est
1220 3006 1282 3041 haec
1307 3009 1428 3040 statuta
1438 3005 1571 3048 mutare,
1599 3014 1675 3040 utin
1689 3008 1860 3041 Canonibus
1873 3032 1884 3048 ,
1903 3008 2043 3050 firequi-

1162 3067 1268 3097 ratur,
1297 3063 1429 3090 invenlri
1448 3056 1555 3098 potest.
1585 3057 1713 3091 Laudat
1742 3069 1810 3092 non
1838 3058 2037 3099 Canonem‚

1163 3108 1213 3141 sed
1237 3109 1391 3142 Canones
1415 3132 1421 3139 .
1448 3106 1595 3149 Exponit
1617 3107 1806 3150 Capitulare
1832 3109 2040 3151 Imperatoris

1163 3157 1326 3192 Ludovici
1348 3156 1399 3190 Pii
1423 3182 1433 3197 ,
1470 3157 1604 3191 laudans
1625 3158 1708 3192 duos
1728 3159 1903 3192 Africanos
1932 3159 2042 3192 Cano-

1164 3219 1237 3242 nes:
1265 3208 1443 3241 Decimum
1463 3208 1621 3246 sextum,
1647 3208 1681 3242 δε
1710 3209 1955 3252 nonagesimum
1984 3218 2045 3241 ter·

1163 3260 1267 3292 tium.
1296 3259 1399 3291 Hunc
1422 3256 1557 3291 adducit
1579 3257 1745 3302 integrum
1770 3272 1780 3291 .-
1808 3259 1851 3291 Et
1874 3259 1919 3291 est
1940 3257 2006 3299 jam
2024 3257 2043 3290 ὲ.

1163 3309 1257 3343 nobis
1274 3307 1427 3345 adductus
1448 3307 1664 3342 Milevitanus
1687 3334 1694 3341 .
1731 3307 1963 3343 Sexti-decimi
1986 3307 2047 3348 adt

1571 3358 1606 3391 D
1658 3369 1677 3406 3
1904 3356 1995 3393 ducit

2068 283 2214 322 Lib·3.'sit.

2063 334 2196 361 31.C·11··

2074 1746 2148 1784 Cap.
2166 1750 2212 1784 ¹92
