2346 3724
869 170 1196 217 Seno

372 178 432 238 78

1265 181 1577 213 LION

299 261 380 298 llam
394 266 479 295 viam
493 259 527 303 se
540 260 684 301 recipiat.
713 261 759 293 Et
784 258 819 292 ob
839 257 915 291 banc
936 256 1054 301 causam
1076 236 1188 291 di'lium
1248 255 1359 290 dicum
1377 263 1552 290 centonem
1575 277 1586 295 ,
1612 255 1742 298 qualem
1767 255 1863 291 fuiffe
1884 253 2132 300 Eutychianam

296 313 336 353 est
354 311 395 344 ab
418 310 543 353 apostolo
562 311 741 353 plenifflme':
769 311 911 353 Oportet
936 309 971 342 ὅ(
996 307 1127 343 haereses
1150 308 1184 341 in

297 360 483 402 vobise‘ire,
509 362 614 403 utqui
626 359 754 405 probati
768 360 861 399 sunt,
892 357 1054 392 manifesti
1081 359 1184 395 fiant.

296 416 391 454 Atque
402 417 434 445 in
445 411 496 444 boc
506 417 598 444 etiam
620 421 762 443 arcanam
775 413 831 442 Dei
844 407 1028 451 sapientiam
1041 410 1107 442 licet
1129 409 1188 441 ad-

293 457 421 502 mirari,
447 463 492 494 ad
515 464 632 494 Divum
658 460 787 493 Paulum
803 459 842 501 fic
867 460 1039 501 loquentis:
1071 457 1186 495 Virtus

290 520 368 547 «mea
390 512 425 546 in
447 511 637 544 infirmitate
649 510 812 554 perficitur
829 534 836 541 .
863 512 919 542 Ex
944 508 1048 551 quibus
1060 519 1187 550 namque

292 562 383 598 rebus
394 560 528 602 Ecclefiae
552 559 689 604 disrupta
704 559 778 602 sunt
792 559 921 592 membra
935 583 945 599 ,
971 571 1008 594 ex
1027 557 1130 601 iisdem
1143 569 1186 590 re-

233 623 236 626 '
295 613 347 647 Ha
361 615 510 656 Dogmata
520 635 531 651 ,
558 622 625 653 quae
641 616 674 643 in
690 611 802 643 nullam
814 609 1070 652 reprehensionem
1082 609 1184 650 pofflnt

231 673 234 676 ’
294 658 441 697 ‘incurrere
456 687 466 702 ‚
492 662 654 694 accuratius
666 661 830 699 limantur,
859 662 893 694 (θ’
915 668 1094 701 reponuntur
1107 664 1182 692 inte-

289 713 375 756 grius
389 736 399 752 ‚
426 714 460 745 (9·
484 710 611 750 Ecclefia
637 709 791 746 Catholica
818 712 927 747 indies
941 707 1040 752 crescit
1052 733 1063 748 ‚
1090 710 1124 742 (ν
1151 713 1182 740 in

293 764 396 795 coelum
416 756 628 804 quonammodo
653 762 806 794 extollitur
823 784 830 791 .
859 760 1011 793 Affirmat
1035 758 1181 792 Ecciefiae

292 812 486 847 essecertam
498 811 668 855 regulam,
693 812 735 844 ad
760 821 858 853 quam
884 819 1180 853 quaecumqueena-

291 862 417 896 scentes
430 860 559 895 haereses
571 859 691 895 debent
705 861 826 904 corrigi
850 871 888 894 ac
901 860 1011 893 reduci
1026 870 1034 891 :
1062 857 1181 894 Adesse

290 912 497 945 &Divinam
507 911 690 946 custodiam
705 934 716 949 ‚
742 920 812 954 quae
828 908 885 943 has
908 910 948 942 ad
975 909 1065 942 illam
1090 908 1181 943 redu-

289 970 362 1002 cat,
380 961 582 1005 ''exstinguat
593 959 744 1003 penitus,
771 970 811 992 ac
835 958 1118 993 ita'Christianam
1135 968 1180 993 et·

288 1011 355 1044 iam
367 1010 534 1046 veritatem
547 1010 644 1043 faciat
657 1009 692 1043 in
712 1008 904 1048 infirmitate
916 1009 1023 1052 perfici
1040 1033 1051 1049 ,
1077 1009 1112 1043 ὅ(
1133 1011 1179 1043 in-

286 1071 339 1094 ter
361 1060 492 1103 quosvis
503 1059 634 1093 assultus
648 1059 690 1093 de
700 1057 984 1093 cunctis-hostibus
1001 1059 1176 1103 triumpha·

286 1121 323 1144 re
345 1134 352 1141 .
380 1110 504 1145 Limari
527 1109 730 1149 accuratius,
756 1109 870 1151 reponi
896 1109 1088 1153 integrius,z
1105 1119 1188 1155 cre*-¹

286 1161 374 1194 scere
402 1171 458 1204 per
469 1169 575 1193 totum
591 1160 768 1194 mundum.
789 1158 870 1193 Haec
895 1160 1009 1199 omnia
1033 1159 1188 1199 ostendit

286 1209 392 1250 deesse
414 1208 691 1254 Philosophorum
703 1207 840 1248 diffidiis
853 1235 861 1248 ,.

390 1355 531 1398 omnia
546 1355 768 1399 'examinate
781 1387 793 1410 ‚
829 1351 924 1416 qnod
951 1353 1083 1399 bonum

361 1424 363 1428 ’
507 1421 509 1424 ’
639 1420 687 1484 est
712 1436 856 1473 tenete„
889 1467 930 1487 ᾗ,
1058 1420 1059 1423 '

339 1560 443 1611 Q‘od
467 1570 537 1594 non
562 1558 692 1594 tantum
710 1557 887 1601 Gnostici,
914 1559 970 1593 sed
992 1559 1173 1593 &Monta-

286 1611 377 1647 histae
397 1611 499 1645 essent
521 1620 719 1651 novatores,
745 1621 812 1644 erat
836 1609 918 1643 adeo
941 1610 1108 1649 lucidum,
1137 1610 1174 1641 ut

283 1660 610 1706 fflcarinonpoffet,
640 1660 781 1704 ideoque
802 1660 834 1693 &
859 1659 984 1702 ipsimet
1013 1660 1046 1693 id
1071 1661 1175 1693 osten·

286 1720 394 1745 tarent
406 1712 440 1744 δε
452 1711 680 1754 profiterentur
692 1734 699 1742 .
730 1709 880 1743 Gnostici
894 1710 924 1743 se
938 1710 1107 1752 Apostolis
1118 1709 1173 1743 do-

287 1760 424 1799 stiores,
450 1755 664 1806 Montanistae
675 1759 860 1804 garriebant
873 1759 891 1791 a
904 1757 1037 1794 Christo
1056 1759 1174 1793 Domi-

285 1821 333 1844 no
356 1808 550 1856 promissum
571 1834 582 1850 ‚
608 1810 664 1851 qui
686 1820 746 1850 nos
772 1806 907 1843 omnem
931 1834 942 1850 ,
968 1808 1176 1852 incapacibus

287 1859 398 1893 adhuc
416 1854 587 1902 Apostolis
599 1870 667 1892 non
695 1859 868 1899 traditam,
890 1860 1057 1894 veritatem
1080 1858 1175 1893 doce-

286 1920 335 1944 ret
348 1932 358 1949 ‚
386 1909 544 1952 Spiritum
558 1909 707 1942 Sannum
725 1910 843 1943 venifle
858 1909 893 1942 ἴῃ
905 1909 1109 1944 Montanum
1120 1933 1130 1950 ,
1141 1909 1175 1942 δε

285 1960 371 1994 istud
387 1957 584 1993 Promissum
598 1969 677 1992 runc
691 1959 778 2002 prius
796 1958 893 1993 fuisse
903 1959 1088 2002 expletum.
1117 1960 1179 1993 At-

284 2019 394 2043 tamen
421 2018 489 2043 non
505 2020 629 2043 novum
643 2009 801 2054 Dogma,
828 2008 881 2043 sed
905 2019 1029 2043 novum
1048 2009 1177 2043 dumta-

284 2070 341 2093 xat
355 2057 530 2092 Charisma
542 2065 714 2092 wnovam
726 2059 936 2102 disciplinam
949 2058 1158 2093 ostentabant
1168 2082 1175 2089 .

285 2109 452 2143 Insaniam
479 2108 538 2141 suo
560 2117 711 2150 tempore
731 2118 951 2150 exponemus.
982 2110 1076 2143 Hinc
1088 2109 1178 2151 Apo-

287 2161 361 2193 stoli
385 2158 425 2192 ad
452 2156 651 2191 Corinthios
674 2156 771 2190 verba
794 2181 805 2198 ‚
843 2162 965 2198 oportet
993 2161 1028 2192 (π
1049 2157 1176 2200 baereses

287 2210 361 2252 effe,
388 2218 421 2241 ut
447 2207 479 2239 hi
501 2212 551 2249 qui
558 2207 680 2247 probati
688 2205 781 2248 sunt,
806 2207 957 2248 manifesti
974 2207 1053 2249 fiant
1074 2213 1105 2239 in
1125 2217 1177 2239 vo-

288 2261 336 2292 bis
349 2284 358 2298 ,
388 2259 529 2301 ipsorum
543 2258 643 2299 aliqui
657 2257 860 2291 detorserunt
875 2257 910 2290 in
937 2255 1068 2290 laudem
1085 2254 1177 2290 haere-

287 2310 387 2343 sium.
416 2308 478 2341 Per
491 2306 677 2350 probabiles
691 2307 743 2339 seu
768 2306 922 2349 probatos
945 2306 1178 2339 intellexerunt

290 2372 358 2393 non
374 2358 406 2392 in
421 2358 556 2400 antiqua
570 2356 715 2389 doctrina
739 2355 936 2398 persistentes
964 2351 1156 2387 Catholicos
1167 2375 1179 2392 ,

254 2422 257 2423 ⁷
290 2410 345 2443 fed
370 2409 570 2445 declinantes
592 2405 633 2439 ad
662 2415 747 2438 nova
773 2402 942 2447 Dogmata
969 2402 1146 2445 Apostatas
1171 2425 1178 2432 .

154 2619 230 2657 Cap,
253 2628 277 2648 ι.

290 2457 457 2506 Qasdam
479 2456 717 2491 declinationes
737 2454 892 2488 censuere
904 2452 1081 2496 profestum
1095 2477 1103 2484 .
1130 2451 1179 2484 Ita

291 2510 332 2542 de
344 2509 537 2548 semetipso,
563 2507 605 2539 de
640 2506 699 2539 suo
711 2504 751 2541 ad
762 2504 966 2537 Montanum
996 2501 1118 2535 infelici
1138 2501 1179 2534 la-

294 2559 351 2601 psu
378 2557 486 2590 scribit
510 2557 543 2587 in
559 2555 643 2588 libro
659 2554 700 2588 de
713 2554 877 2588 Pudicitia
900 2552 1008 2586 noster
1032 2552 1179 2585 Doctor:

294 2612 370 2642 Erit
394 2608 427 2639 <ff
450 2605 497 2638 bic
515 2606 680 2637 adversum
706 2603 855 2647 Psychicos
877 2603 983 2636 titulus
995 2613 1010 2641 ,’
1031 2602 1180 2635 adversas

295 2669 368 2693 meae
390 2653 672 2699 quoque-sententia.²
692 2657 772 2688 retro
786 2662 889 2695 vperrei-
909 2655 973 2686 illos
995 2650 1159 2695 societatem
1170 2675 1181 2691 ‚

296 2711 355 2750 quo
377 2713 471 2749 magis
496 2704 555 2738 boc.-
569 2704 642 2737 mihi
663 2710 696 2737 in
731 2713 833 2736 notam
854 2704 993 2736 levitatis
1018 2700 1180 2743 objectent.

298 2763 476 2799 Numquam
484 2753 633 2797 firmatis
644 2755 796 2796 repudium
804 2751 907 2788 delie‘li
925 2753 1111 2795 praejudium
1123 2751 1161 2785 eil
1175 2773 1185 2789 ,

300 2807 384 2850 quasi
406 2814 474 2839 non*
482 2804 606 2846 facilius
623 2804 661 2846 fit
678 2816 777 2838 errare
802 2815 867 2837 cum
882 2802 1039 2845 pluribus,
1065 2803 1184 2845 quando

299 2864 418 2891 veritas
430 2867 495 2889 cum
503 2863 608 2897 paucis
619 2863 751 2888 ametur.
781 2859 821 2886 At
840 2859 919 2887 enim
939 2865 985 2886 me
1006 2864 1063 2885 non
1087 2858 1183 2895 magis

302 2908 491 2939 dedecoravit
501 2906 584 2938 utilis
596 2907 706 2940 levitas
717 2927 728 2944 ‚
738 2906 830 2947 quam
839 2909 953 2936 ornarit
966 2914 1069 2936 nocens
1080 2926 1089 2934 .
1109 2907 1183 2935 Non

299 2955 455 3000 suffundor
481 2966 573 2988 errore
584 2980 595 2995 ‚
621 2966 676 2997 quo
699 2960 781 2988 carui
792 2965 812 2994 ‚'
827 2960 899 2996 quia
910 2954 1027 2996 caruisse
1037 2953 1162 2986 deletlor
1175 2976 1182 2983 .

303 3011 400 3039 Nemo
407 3005 562 3046 proficiens
574 3004 711 3048 erubescit
724 3029 730 3037 .
759 3006 859 3038 Hanc
878 3004 1037 3037 insaniam
1049 3002 1183 3045 quidam

301 3057 444 3093 Errones
465 3064 598 3097 purgare
611 3055 645 3088 &
667 3056 793 3089 firmare
814 3054 1002 3088 nitebantur
1020 3064 1061 3085 ex
1081 3053 1185 3095 prima

1249 305 1388 340 haerefim
1413 304 1613 340 demonstrat
1631 305 1802 351 insigniter
1839 307 1876 340 in
1897 308 1961 341 suis
1983 305 2133 341 adversus

1248 357 1346 400 ipsam
1369 356 1511 400 dialogis
1523 353 1758 392 Theodoretus
1772 357 1951 401 Episcopus
1963 356 2114 399 Cyrenfis
2122 380 2131 387 ·

1250 406 1417 449 Ejusmodi
1428 407 1610 441 consuturae
1621 406 1696 440 sunt
1706 406 1829 451 quavis
1839 406 1971 443 haereses
1981 432 1990 440 .
2020 406 2132 441 Etiam

1247 456 1434 491 Lutherana
1446 457 1480 494 ἀ
1493 456 1689 491 Calviniana
1703 481 1710 489 .
1737 457 1850 503 Qare
1862 455 2050 492 Calvinistae
2061 468 2132 492 non

1247 506 1331 541 male
1354 508 1387 540 se
1407 506 1611 549 appellarunt
1632 506 1792 548 Geufios,
1818 518 1888 551 quae
1908 508 2040 543 Gallica
2063 517 2130 541 vox

1245 556 1406 601 fignificat
1426 556 1606 592 Mendicos
1625 581 1632 589 .
1671 556 1795 592 Nescio
1814 560 1869 592 cui
1890 556 2129 602 Tranquillino

1245 608 1395 651 roganti,
1422 618 1464 640 an
1486 608 1643 652 Origenis
1662 605 1766 642 libros
1778 609 1881 650 posset
1895 607 2025 653 legere,
2053 607 2133 641 San-

1244 659 1311 690 &us
1332 656 1561 700 Hieronymus
1581 657 1737 701 rescripsit
1753 657 1862 693 varios
1888 658 1975 693 varie
1987 659 2106 694 sentire
2118 682 2131 698 ,

1244 708 1277 745 ὃς
1297 705 1469 749 adjunxit:
1498 710 1564 750 Ego
1575 712 1731 750 origenem
1747 715 1870 750 propter
1890 708 2131 751 eruditionemfic
2148 714 2285 755 Ερίίῐίγᾶ.

1243 759 1390 790 interdum
1404 759 1555 800 legendum
1566 759 1694 790 arbitror
1706 783 1718 798 ‚
1744 760 1882 800 quomodo
1891 761 2108 794 Tertullianum
2116 783 2129 800 ‚

1244 812 1476 845 Novatianum,
1506 808 1690 847 arnobium,
1718 809 1934 850 Apollinarium
1955 833 1967 850 ,
1993 811 2030 843 ό*
2052 820 2131 842 non-

1243 857 1334 890 nullos
1358 857 1564 900 Ecclefiasticos
1586 860 1748 898 Scriptores
1772 883 1784 899 ,
1808 862 1932 893 Graecos
1953 864 2072 901 pariter
2086 860 2129 893 -ᾱ

1242 911 1368 942 Latinos
1382 932 1393 949 ,
1419 917 1453 942 ut
1465 908 1542 945 bona
1553 919 1652 941 eorum
1665 910 1809 950 eligamus
1818 932 1831 950 ‚
1859 907 2045 951 vitemusque
2065 920 2131 943 con·

1242 964 1339 991 traria
1350 982 1361 998 ,
1380 961 1478 999 juxta
1495 957 1655 1000 Apostolum
1667 959 1816 992 dicentem
1827 984 1838 1000 ‚
1864 963 1974 994 Omnia
1981 958 2130 1001 probate',

1241 1010 1320 1051 quod
1328 1009 1433 1043 bonum
1444 1009 1481 1048 est
1492 1016 1602 1042 tenere.
1635 1008 1737 1057 Qod
1751 1008 1955 1052 Hieronymi
1967 1010 2131 1054 judicium

1240 1069 1281 1092 an
1293 1059 1329 1091 fit
1339 1058 1543 1102 probandum
1557 1083 1568 1099 ,
1593 1059 1639 1092 est
1651 1060 1714 1094 alta
1727 1059 1861 1101 quaestio
1874 1084 1882 1092 .
1910 1060 2008 1096 Certe
2035 1060 2132 1096 haere-

1238 1106 1377 1142 tic'orum
1401 1110 1558 1143 librorum
1578 1108 1750 1144 lestionem
1776 1111 1855 1144 viris
1876 1111 1977 1145 etiam
2001 1112 2130 1156 magnis

1240 1161 1361 1202 semper
1374 1157 1724 1194 interdixitEcclefia.
1752 1159 1907 1206 Qantus
1933 1162 2002 1200 vir,
2028 1171 2132 1206 quan*-

1237 1220 1289 1245 tus
1314 1209 1438 1243 Doctor
1460 1210 1522 1244 fuit
1545 1211 1680 1247 Sanetus
1707 1208 1889 1253 Dionysius
1918 1211 2128 1247 Alexandria:

1236 1259 1453 1295 Patriarcha?
1478 1259 1581 1307 Qdd
1592 1269 1702 1294 tamen
1719 1259 1842 1295 similes
1865 1257 1967 1295 libros
1990 1259 2124 1296 liberius

1239 1311 1380 1344 volveret
1399 1333 1410 1349 ,
1437 1309 1530 1343 fuisse
1542 1308 1687 1345 amnicis
1706 1308 1961 1352 reprehensum,
1986 1311 2129 1346 &com3

1237 1360 1365 1402 pulsum
1389 1358 1429 1390 ad
1444 1355 1645 1400 Apologiatn
1658 1383 1668 1398 ‚
1697 1358 1829 1392 testatur
1853 1359 1891 1393 in
1905 1360 2128 1396 Ecclesiastico

1238 1408 1369 1442 historia
1384 1406 1542 1442 Eusebius
1561 1406 1741 1451 Episcopus
1753 1408 1983 1444 Caesaraeenfist
2014 1409 2130 1447 Etiam.
2145 1396 2206 1466 ffb.
2228 1410 2256 1434 ⁷·

1238 1458 1384 1502 Julianus
1421 1458 1638 1492 Halicarnasii
1664 1457 1698 1491 in
1736 1457 1833 1492 Caria
1861 1459 2126 1504 Episcopussfuie
2162 1446 2246 1477 ²¹²⁶*

1235 1508 1367 1554 grandis
1378 1508 1505 1542 Docior
1524 1517 1621 1549 atque
1639 1505 1786 1542 Antistes
1798 1533 1805 1539 .
1835 1509 1878 1542 Et
1898 1519 2006 1544 tamen
2020 1511 2128 1555 ipsum

1235 1571 1277 1592 ex
1292 1558 1461 1592 Valentini
1475 1569 1512 1590 ac
1527 1555 1704 1592 Manichaei
1727 1557 1818 1592 lestis
1840 1558 1931 1593 libris
1942 1553 2036 1596 fuisfe
2052 1565 2129 1596 co?-

1236 1617 1365 1651 ruptum
1388 1620 1426 1642 ac
1449 1609 1631 1651 perversum
1657 1607 1789 1643 testatur
1806 1608 1842 1643 in
1863 1609 2127 1646 erudito‘conttii

1238 1657 1426 1702 Acephalos
1447 1669 1545 1701 opere
1568 1660 1704 1694 sanstus
1725 1658 1911 1693 Anastasius
1927 1661 2052 1696 Sinait'a
2062 1657 2130 1696 :5112
2146 1674 2223 1711 Cap,
2245 1682 2293 1708 ¹4·

1237 1719 1303 1742 tem
1328 1706 1629 1742 Archimandritam
1658 1706 1879 1750 Eutychetem
1903 1710 2035 1745 testatur
2056 1711 2076 1744 a
2095 1708 2130 1745 si-
2146 1714 2220 1751 Cap·
2241 1717 2269 1742 6-

1238 1759 1311 1792 mili
1340 1758 1479 1792 lectione
1490 1759 1582 1793 fuisse
1593 1759 1798 1793 demutatum
1819 1759 1853 1792 in
1866 1759 2106 1795 haerefiarchar'n
2118 1785 2136 1795 ..

1236 1809 1316 1842 Hoc
1329 1808 1418 1842 idem
1430 1809 1472 1843 de
1487 1809 1596 1852 seipso
1609 1811 1779 1851 profitetur
1801 1809 1836 1842 in
1850 1811 1979 1844 suorum
1991 1818 2130 1854 operum

1238 1857 1420 1901 praefatione
1440 1859 1574 1892 Marcus
1586 1857 1754 1892 Antonius
1775 1859 1816 1892 de
1830 1860 1988 1895 Dominis
2011 1861 2131 1896 Archi-

1240 1907 1418 1952 Episcopus
1433 1907 1641 1951 Spalatensis.
1671 1908 1782 1955 Qare
1807 1910 1862 1951 qui
1891 1911 2043 1944 scelerata
2066 1911 2132 1945 Ca-

1239 1957 1301 1992 roli
1326 1958 1478 1992 Molinaei
1501 1968 1598 2001 opera
1619 1967 1735 1991 contra
1766 1956 1941 1992 terribilem
1966 1960 2131 1994 Romanae·

1240 2006 1661 2042 Ecclesiaeinterdistionem
1672 2007 1842 2041 licentiose
1852 2008 1967 2052 legunt
1981 2033 1992 2049 ,
2012 2010 2044 2043 ὃ(
2056 2010 2129 2043 aliis

1240 2057 1378 2102 legenda
1399 2058 1613 2101 permittunt,
1637 2058 1762 2102 grande
1788 2067 1958 2101 peccatum
1982 2058 2123 2094 habent.

1239 2108 1321 2142 Haec
1334 2118 1382 2141 res
1392 2107 1437 2141 est
1449 2107 1582 2142 alterius
1594 2107 1676 2142 loci.

1290 2158 1422 2202 Integer
1433 2158 1543 2192 Sancti
1555 2158 1649 2192 Pauli
1664 2158 1704 2192 ad
1716 2156 2021 2194 Thessalonicenses
2035 2160 2128 2194 locus

1239 2206 1285 2240 est
1296 2206 1351 2241 hic
1364 2221 1375 2241 .·
1402 2209 1546 2249 Spiritum
1557 2209 1643 2241 nolite
1665 2213 1859 2251 extinguere,
1891 2209 2066 2251 Prophetias
2080 2222 2132 2243 no·
2148 2213 2220 2251 Cap.
2234 2221 2259 2249 5.

1243 2257 1295 2290 lite
1306 2254 1446 2299 spernere
1460 2280 1471 2296 ,
1497 2263 1596 2290 omnia
1610 2257 1737 2299 probate
1747 2283 1758 2297 ,
1785 2260 1864 2300 quod
1873 2259 1979 2292 bonum
2000 2260 2038 2300 est
2049 2270 2134 2293 tene·

1241 2315 1284 2338 te.
1314 2306 1399 2339 Eum
1418 2306 1590 2350 insigniter
1600 2308 1735 2350 exponit·
1748 2308 1880 2342 Hilarus
1894 2308 2053 2344 Romanae
2064 2310 2127 2344 Ec-

1241 2354 1341 2386 clesiae
1353 2355 1524 2387 Diaconus
1538 2367 1545 2386 :
1572 2361 1631 2388 Hoc
1640 2358 1714 2389 dicit
1726 2358 1872 2397 Apostolus
1885 2382 1896 2398 ,
1923 2368 1958 2391 ut
1971 2372 2031 2392 non
2049 2360 2132 2401 faci·

1241 2403 1269 2435 Ιέ
1278 2402 1367 2434 alicui
1389 2409 1444 2443 per
1455 2404 1597 2443 Spiritum
1619 2405 1749 2445 loquenti
1768 2409 1963 2439 interdicatur
1978 2432 1985 2439 .
2014 2407 2132 2441 Extin-¹

1237 2457 1343 2496 guitur
1361 2456 1456 2491 enim,
1477 2451 1508 2493 fi
1515 2458 1684 2494 incipientis
1709 2454 1789 2494 loqui
1803 2454 1913 2495 fervor
1922 2457 2132 2490 contradillio·

1243 2513 1278 2535 ne
1287 2499 1398 2543 sopitur
1414 2526 1420 2533 .
1448 2506 1483 2533 N
1485 2513 1499 2534 e
1503 2502 1588 2543 forte?
1600 2514 1656 2534 non
1668 2504 1865 2546 intelligentes
1878 2507 1940 2537 dict
1951 2506 1989 2538 ab
2013 2518 2044 2538 eo
2065 2506 2129 2549 spi-

1242 2552 1345 2584 ritalia
1361 2576 1371 2592 ,
1398 2552 1670 2593 injurtamfaciant
1681 2555 1809 2595 spiritui
1820 2555 1946 2594 santra,
1965 2558 2127 2597 &peccent

1241 2610 1296 2644 per
1313 2606 1532 2644 ignorantiam.
1561 2606 1822 2645 Nequealiquem,
1849 2611 1901 2647 qui
1911 2605 1995 2647 quast
2001 2609 2132 2648 Scriptu-

1244 2664 1296 2685 ras
1308 2651 1420 2684 revelet
1434 2677 1444 2692 ,
1471 2663 1527 2684 non
1539 2654 1640 2685 audiri
1650 2660 1803 2695 patienter
1812 2654 1917 2688 debere
1928 2680 1935 2686 .
1962 2659 1981 2688 5
1983 2658 2022 2688 ml
2030 2661 2135 2690 omnia-

1246 2700 1327 2734 dic‘la
1345 2707 1535 2740 examinari,
1561 2703 1595 2736 (9·
1607 2702 1648 2742 sic
1667 2705 1823 2744 judicari,
1849 2717 1885 2738 ne
1900 2705 2126 2749 fhrtEgratIam

1246 2753 1350 2784 datam
1365 2751 1464 2793 fratri
1486 2754 1556 2797 dum
1592 2752 1733 2795 respuunt
1754 2778 1765 2794 ,
1792 2754 1914 2787 Autbori
1940 2765 2104 2800 repugnent
2117 2778 2132 2789 .-

1246 2807 1356 2834 Omnia
1378 2805 1444 2845 ergo
1462 2813 1528 2843 quae
1549 2803 1686 2835 dicuntur
1707 2828 1717 2843 ,
1752 2806 1911 2845 probanda
1936 2815 2053 2840 monet:
2080 2810 2127 2840 Et

1247 2853 1397 2894 quidquid
1409 2851 1508 2895 sobrie*
1521 2854 1553 2886 Θ
1574 2851 1646 2886 bene?
1664 2854 1775 2886 dmum
1793 2855 1895 2896 fuerit
1915 2858 2102 2890 retinendum
2118 2878 2126 2889 .

1248 2905 1450 2945 ,Quaecumque
1469 2908 1546 2935 enim
1559 2903 1749 2944 Apostolorum
1761 2907 1794 2938 <ot
1803 2905 1890 2947 ipfius
1903 2909 2029 2938 Domini
2037 2907 2124 2939 dian

1247 2962 1426 2995 congruunt,
1452 2964 1489 2985 ea
1500 2953 1571 2986 bene
1585 2954 1666 2985 dic‘la
1682 2953 1820 2987 habenda
1836 2955 1930 2998 sunt,
1957 2957 2125 2988 &retinen-

1248 3004 1308 3045 da;
1334 3002 1373 3035 ab
1385 3001 1431 3035 hu
1445 3013 1544 3037 autem
1555 3015 1621 3045 quae
1632 3010 1752 3037 inimica
1757 3005 1834 3046 fidei
1846 3007 1986 3040 videntur
2000 3028 2012 3046 ‚
2036 3005 2123 3045 absti-

1247 3054 1376 3087 nendum
1390 3077 1398 3085 .
1425 3055 1445 3085 5
1446 3055 1522 3086 olent
1532 3060 1611 3086 enim
1622 3056 1641 3084 5
1637 3059 1750 3096 piritus
1760 3057 1865 3088 mundi
1876 3053 2034 3095 fallaciter
2046 3055 2129 3097 quafi

172 3119 246 3154 cap.
258 3125 285 3151 ς,
305 3107 347 3140 ad
359 3102 665 3139 Thessalonicenses
678 3105 812 3148 epistola
828 3105 955 3136 :Omnia
963 3102 1096 3144 probate,
1108 3104 1188 3143 quod
1242 3111 1298 3144 per
1309 3109 1502 3136 imitationem
1515 3105 1606 3137 dicere
1619 3105 1694 3137 bona
1704 3130 1715 3146 ,
1741 3107 1775 3139 (5·
1787 3112 1863 3138 inter
1882 3102 1945 3137 haec
1953 3102 2125 3146 subinduce-

305 3156 411 3190 bonum
423 3154 460 3195 est
472 3163 583 3186 tenete.
612 3153 806 3189 Garriebant
817 3155 937 3196 quaevis
949 3163 1106 3186 novarum
1118 3151 1185 3185 hae-

306 3207 419 3241 reseon
431 3205 589 3247 dogmata
603 3214 669 3237 non
681 3207 742 3238 esse
754 3203 951 3249 negligenda
970 3213 1026 3236 aut
1039 3203 1187 3245 spernen-

307 3256 348 3289 da
361 3280 370 3295 ,
396 3255 448 3288 sed
461 3251 620 3287 audienda
643 3278 653 3294 ,
693 3254 829 3298 legenda
848 3277 860 3293 ,
892 3252 1109 3287 examinanda
1121 3275 1131 3291 ,
1153 3254 1186 3286 &

308 3306 422 3339 cuncta
434 3315 505 3347 quae
523 3304 557 3336 in
571 3302 694 3338 cunetis
713 3305 778 3337 visa
800 3304 920 3338 fuerint
933 3303 1040 3342 bona,
1067 3304 1186 3345 ample-

310 3353 423 3388 &enda
436 3364 473 3387 ac
486 3353 624 3393 tenenda
637 3360 656 3389 ,’
672 3354 724 3391 Ex
742 3355 813 3398 ipsis
831 3353 1075 3389 conficiendum
1098 3364 1187 3389 men-

1245 3165 1275 3186 re
1280 3163 1404 3196 prava,
1433 3163 1467 3188 ut
1474 3162 1531 3196 per
1544 3154 1606 3187 baec
1617 3166 1684 3196 quae
1695 3156 1770 3188 bona
1776 3153 1848 3197 ficnt
1859 3178 1869 3193 ‚
1895 3162 2007 3195 accepto
2017 3155 2125 3195 feran-

1245 3212 1293 3237 tur
1305 3207 1337 3238 (Ὗ
1349 3205 1449 3237 mala:
1476 3209 1513 3238 Ut
1523 3210 1595 3246 quia
1606 3211 1692 3238 unius
1703 3208 1724 3237 5
1720 3210 1832 3246 piritus
1855 3204 1937 3236 dit‘la
1952 3212 2103 3244 putantur
2114 3230 2124 3245 ,

1247 3265 1303 3287 non
1316 3253 1522 3297 discernantur
1533 3256 1572 3288 ab
1584 3261 1709 3289 invicem
1719 3278 1730 3294 ‚
1751 3252 1809 3296 sed
1813 3262 1870 3295 per
1882 3255 1919 3285 id
1928 3255 2006 3295 quod
2012 3254 2126 3287 licitum

1246 3303 1285 3344 est
1298 3328 1308 3344 ,
1333 3307 1548 3339 commendetur
1558 3308 1692 3340 illicitum
1703 3328 1714 3343 ‚
1741 3302 1920 3336 authoritate
1929 3309 2057 3336 nominis
2069 3316 2125 3336 non

1250 3360 1365 3388 ratione
1377 3361 1502 3389 virtutis
1515 3380 1523 3388 .
1547 3357 1645 3389 Solent
1669 3358 1746 3387 enim
1763 3351 1817 3396 sub
1830 3353 2023 3397 Apostolorum
2035 3366 2125 3387 nomi·

1997 3415 2034 3438 ne
2043 3406 2075 3438 <9¹
