2346 3724
745 237 1336 280 Cnrxrxs

301 323 373 352 Non
383 320 460 349 enim
471 326 587 359 aequum
602 315 637 356 est
653 325 686 349 ut
700 316 869 357 baptizatus
884 325 953 349 cum
970 314 1026 345 non
1048 311 1177 354 baptiza-

300 373 450 409 inpariter
466 372 637 410 inquinetur
649 391 656 398 .
685 366 793 399 Etiam
815 367 851 398 in
867 366 1008 399 Decreto
1031 363 1089 396 suo
1101 362 1178 396 san-

169 434 242 463 paffi
261 441 286 461 ι,
300 419 369 451 &us
381 417 439 450 lvo
451 415 659 451 Carnutenfis
671 414 848 459 Episcopus
858 413 994 448 adducit
1014 410 1104 446 hunc
1117 411 1178 445 Ca·

167 477 263 510 οπερ.
301 478 424 502 nonem
447 480 454 500 :
482 465 883 501 Catechumeni-manducare
904 476 962 496 non
984 462 1094 496 debent
1114 472 1178 495 cum

299 517 463 559 baptizatis
473 542 489 556 y
510 529 601 560 neque
611 523 653 550 eis
667 513 793 559 osculum
802 516 873 548 dare
884 539 891 546 .
918 513 986 548 Uti
1006 513 1042 547 in
1054 512 1178 557 regula-

299 568 341 602 tis
352 566 522 602 Coenobiis
540 566 671 602 Novitii
692 575 768 599 cum
780 563 947 604 Profeffis,
973 563 1019 598 ita
1042 562 1077 596 in
1097 560 1178 597 bene

300 618 447 652 formatis
469 617 617 652 Ecclesiis
638 613 876 651 catechumeni
896 624 971 649 cum
1007 611 1178 657 baptizatis

301 680 369 702 non
383 670 512 711 ponunt
522 668 585 702 effe
605 665 800 705 familiares,
826 664 913 709 quafi
927 675 982 707 par
1003 674 1078 697 cum
1093 663 1177 707 pari.

302 719 458 762 Antiquae
480 717 627 752 Ecciefiae
645 714 828 751 habuerunt
850 715 1004 750 distincta
1023 714 1117 752 loca,
1143 711 1177 744 in

302 769 421 813 quibus
431 768 557 802 Fideles
566 767 585 801 a
595 764 851 802 Catechumenis
866 764 1039 808 oportebat
1060 762 1180 799 discer-

301 821 494 863 nitempore
518 817 675 852 orationis
700 816 933 850 &concionis.

352 870 452 903 Hanc
460 867 664 912 disciplinam
676 865 786 901 laudat
810 864 1027 910 acinsigniter
1043 860 1181 905 exponit

301 919 466 967 Origenes
487 919 522 952 in
543 917 641 951 tertio
651 916 738 951 libro
758 925 875 951 contra
888 914 1042 949 Celsum.
1069 911 1182 946 Celsus

301 969 475 1014 garriverat
485 968 613 1002 nostros
625 966 805 1011 episcopos
814 965 878 1001 effe
889 964 1008 999 nullius
1021 961 1182 1006 ponderis,

304 1010 417 1062 utpote
438 1017 494 1063 qui
512 1015 732 1060 Philosophos
758 1027 797 1049 ac
818 1015 901 1050 alios
921 1011 1076 1046 Eruditos
1096 1011 1182 1045 vita-

302 1079 396 1107 rent,
421 1069 455 1101 δε
475 1067 642 1110 vulgarem
654 1064 817 1100 ambirent
837 1063 1061 1106 plebeculam,
1086 1071 1181 1102 atque

301 1117 349 1157 ibi
361 1118 393 1150 se
412 1116 614 1150 ostentarent
626 1115 800 1149 Dostores.
832 1113 995 1158 Origenes
1016 1110 1181 1156 respondit

302 1165 428 1210 plebem
440 1166 540 1200 etiam
551 1164 569 1198 a
579 1162 791 1207 philosophis
802 1174 870 1198 non
883 1163 1006 1208 negligi
1018 1188 1029 1204 ‚
1058 1163 1092 1197 &
1110 1172 1182 1205 pro-

170 1233 190 1262 p
223 1241 286 1268 ¹42·
302 1210 469 1260 sequitur:
497 1212 619 1258 ,Quodsi
629 1212 796 1257 Philosophi
805 1215 946 1256 culpandi
958 1225 1016 1246 non
1019 1211 1099 1254 fini,
1110 1213 1182 1245 dum

303 1265 510 1307 haecfaciunt‚
536 1266 695 1298 videamus
713 1274 755 1296 an
768 1275 826 1297 non
837 1263 999 1303 Christiani
1020 1263 1102 1306 longe*
1121 1272 1180 1295 me-

304 1317 361 1350 lius
369 1315 519 1359 plebejam
528 1316 750 1349 multitudinem
763 1316 808 1346 ad
814 1313 991 1354 honestatem
997 1320 1157 1355 provocent
1169 1312 1181 1344 ?

307 1371 393 1400 Nam
404 1366 450 1399 illi
455 1367 614 1409 propalam
626 1366 710 1406 apud
719 1364 829 1409 vulgus
840 1363 990 1398 bominum
1002 1362 1182 1407 differentes,

307 1427 365 1449 non
372 1415 444 1459 sunt
460 1411 562 1456 euriofi
567 1421 600 1447 in
614 1413 816 1456 difiernendis
826 1413 1011 1447 auditoribus
1022 1437 1034 1453 ,
1054 1412 1112 1456 sed
1117 1420 1182 1454 pro·

307 1464 414 1509 miscue'
424 1465 574 1508 quivult,
600 1465 699 1504 adflat
725 1462 931 1507 &ausc-ultae.
960 1462 1182 1502 obrutum-ve-

303 1518 336 1548 ro
346 1540 357 1557 ,
382 1516 527 1556 quantum
537 1515 671 1557 poffunt,
694 1521 943 1555 praeexaminant
960 1519 1076 1546 animos
1098 1513 1184 1545 audi·

304 1576 337 1598 re
360 1563 393 1608 se
411 1569 596 1607 cupientium
619 1588 630 1604 ,
655 1565 691 1598 ὁ*
711 1566 812 1605 primi
833 1567 984 1605 privatim
1002 1561 1154 1601 inllrulios
1176 1583 1189 1601 ,

301 1613 475 1658 priusquam
495 1620 527 1647 in
549 1622 655 1648 coetum
675 1618 859 1655 recipiantur
871 1637 882 1653 ,
909 1613 961 1646 ubi
986 1614 1131 1646 videntur
1154 1613 1186 1644 ιό

303 1663 451 1707 proceffiffe
464 1688 476 1704 ‚
500 1673 534 1698 ut
547 1663 670 1702 honestae
681 1670 758 1696 vitae
768 1662 830 1703 fini
840 1663 962 1705 cupidi,
988 1672 1059 1696 sune
1068 1663 1186 1695 demum

307 1715 517 1754 introducunt,
544 1713 691 1754 diflim‘lis
700 1713 872 1754 ordinibus,
899 1714 992 1746 altero
1008 1712 1110 1746 recens
1134 1711 1188 1744 ad·

307 1765 466 1807 mffirum,
495 1765 618 1797 necdum
627 1763 813 1807 affin-uterum
823 1762 1005 1804 lustrationIs
1015 1762 1188 1801 symbolam,

307 1815 405 1847 altero
425 1825 521 1846 eorum
532 1837 544 1853 ,
570 1819 623 1856 qui
642 1813 789 1855 quantum
810 1818 843 1846 in
855 1811 890 1855 se
902 1811 961 1853 est,
989 1810 1190 1851 demonstrant

304 1862 358 1905 fibi
375 1860 549 1905 propositum
570 1862 642 1904 effe,
666 1859 745 1894 nihil
751 1862 839 1893 aliud
859 1860 915 1901 nifi
931 1871 997 1894 cum
1013 1859 1189 1899 Christianis

307 1914 386 1946 velle
410 1916 445 1947 er
455 1911 566 1956 sentire
579 1933 590 1951 ,
614 1916 695 1945 inter
704 1921 775 1953 quos
786 1910 918 1943 nonnulli
930 1908 1083 1952 Praepofiti
1094 1908 1167 1953 sunt
1181 1932 1191 1949 ‚

306 1970 360 2006 qui
380 1969 412 1996 in
432 1968 531 1997 vitam
543 1985 554 2001 ,
581 1962 617 1994 <9
641 1969 735 1993 mores
753 1970 852 1992 eorum
860 1975 875 1999 ⁴,
901 1965 954 2001 qui
965 1961 1193 1996 admittuntur,

301 2008 465 2055 'inquirant
476 2034 488 2050 ,
514 2019 549 2042 ut
559 2020 618 2041 nen
627 2007 750 2050 cone-effa
755 2006 902 2048 facientes
921 2008 1113 2039 Candidatus
1136 2003 1192 2039 Rei

309 2065 427 2106 ligionis
451 2066 575 2093 arceant
595 2059 616 2090 ἃ
631 2055 699 2100 suis
710 2056 939 2095 conventibus,
961 2065 1079 2090 caeteros
1091 2054 1194 2088 borum

311 2110 461 2152 diffimiles
471 2113 623 2152 excipiant
634 2119 672 2141 ex
683 2112 804 2147 animo,
831 2107 866 2140 ὑ
883 2107 1069 2149 quotidianis
1089 2105 1194 2146 acceffi·

310 2161 368 2195 bus
380 2160 508 2202 faciant
528 2159 691 2192 meliorem.
719 2156 872 2190 Affirmat
896 2166 965 2190 nou
984 2154 1196 2190 solummodo

311 2211 423 2245 fideles
444 2208 540 2243 fuisse
561 2206 728 2242 distinetos
748 2204 1057 2246 aCatechumenis‚
1082 2204 1138 2240 sed
1151 2214 1195 2238 et-

312 2261 379 2295 iam
399 2258 519 2294 horum
542 2257 636 2291 fuisse
657 2257 762 2292 varios
782 2255 918 2300 gradus.-
950 2256 994 2291 Et
1016 2254 1194 2300 fingulisin

313 2309 465 2344 Ecclefiae
475 2309 654 2343 Conventu
667 2306 824 2342 exstitisse
836 2307 925 2341 suam
942 2304 1074 2341 claffem
1105 2304 1193 2340 &10-

312 2370 410 2394 cum.
439 2356 614 2402 Septimius
634 2356 844 2396 Gnostieos,'
860 2367 900 2390 ac
920 2356 1089 2401 praesertim
1111 2354 1195 2393 Mar-

312 2409 453 2444 cionitas
471 2407 579 2454 arguit
592 2431 603 2447 ,
629 2407 718 2452 quod
742 2405 799 2439 has
820 2405 930 2441 classes
951 2416 1021 2440 uon
1039 2404 1195 2439 discerne·

313 2470 386 2494 rent
406 2482 418 2499 ,
442 2459 497 2494 sed
517 2458 631 2492 omnia
651 2456 769 2503 gentili
791 2465 884 2491 more
903 2464 1065 2500 aequareut
1099 2462 1196 2499 atque

313 2508 552 2545 confunderent
566 2532 575 2540 .

364 2559 511 2606 Qaestio
531 2558 599 2597 est,
624 2557 682 2592 An
704 2555 773 2591 haec
790 2555 962 2600 disciplina
982 2556 1019 2590 fit
1030 2552 1197 2599 Apostoli·

316 2621 355 2643 ca
368 2609 385 2641 ἔ
413 2609 592 2642 Rationem
604 2606 776 2642 dubitandi
789 2607 867 2642 facit
879 2607 914 2640 in
935 2606 1090 2650 vigesima
1108 2614 1195 2639 nona

318 2660 410 2701 super
430 2658 569 2702 primam
589 2657 630 2692 ad
650 2657 846 2692 Corinthios
866 2655 1037 2701 epistolam
1058 2653 1196 2689 homilia

318 2710 454 2743 Sandius
463 2707 605 2751 Ioannes
614 2706 868 2749 Chrysostomus
879 2730 891 2746 ,
916 2704 957 2740 ad
967 2704 1122 2748 Apostoli
1133 2715 1196 2739 ver·

319 2760 361 2792 ba
372 2783 383 2799 ,
410 2762 508 2792 Nemo
514 2755 605 2799 potest
617 2758 732 2797 dicere,
762 2760 909 2790 Dominus
923 2753 1084 2798 JESUS,
1107 2752 1197 2795 nifiiu

319 2812 434 2851 Spiritu
444 2808 571 2847 5an80,
598 2806 754 2841 scribens:
783 2807 875 2849 ,Quid
885 2807 954 2849 ergo
977 2805 1144 2838 dixerimus
1161 2806 1198 2839 de

321 2858 544 2893 catechumenis
557 2858 570 2890 2
596 2860 682 2890 Nam
687 2855 717 2898 fi
723 2867 806 2890 nemo
813 2854 904 2898 potest
926 2855 1022 2888 dicere
1044 2858 1198 2888 Dominum

323 2908 478 2953 JESUM
489 2932 501 2948 ‚
527 2904 583 2948 nifi
591 2912 622 2940 in
637 2909 748 2949 spiritu
758 2906 865 2939 SaenHo
878 2929 889 2946 ,
913 2905 988 2947 quid
997 2904 1034 2938 de
1044 2905 1104 2938 illis
1114 2906 1198 2939 dixe-

322 2966 418 2993 rimus
441 2956 664 2991 nominantibus
683 2957 804 2999 quidem
826 2957 891 2996 ejus
913 2965 1018 2988 nomen
1034 2975 1046 2993 ‚
1065 2958 1198 2996 privans

323 3020 424 3044 autem
435 3008 573 3050 Spiritu?
598 3008 658 3039 Sed
674 3007 711 3039 de
731 3005 782 3039 his
803 3016 881 3039 nunc
905 3016 964 3038 non
982 3009 1101 3049 agitur.
1126 3008 1198 3038 Non

323 3064 403 3093 enim
412 3066 500 3092 erant
510 3065 580 3090 tunc
592 3055 800 3090 Catecbumeni
813 3080 821 3087 .
847 3057 909 3089 Sed
918 3056 955 3089 de
961 3052 1102 3097 fidelibus
1113 3078 1125 3096 ,
1147 3063 1198 3088 aut

323 3108 515 3151 infidelibus.
542 3106 589 3140 Et
609 3108 694 3140 certe
714 3107 848 3140 sanstus
870 3104 983 3139 Petrus
1005 3103 1198 3139 Cornelium

321 3159 563 3194 Centurionem
576 3180 587 3196 ‚
613 3157 747 3191 Sanctus
757 3154 930 3198 Philippus
955 3154 1126 3189 Diaconus
1138 3154 1201 3190 Re·

322 3210 416 3254 ‘ium
430 3204 624 3243 Eunuchum
636 3230 647 3247 ,
673 3205 774 3240 &alii
786 3204 939 3249 Apostoli
958 3204 1040 3238 alios
1058 3204 1099 3238 ad
1113 3204 1201 3239 nulla

325 3267 503 3304 coegerunt
510 3255 813 3291 Catechumenatus
824 3263 969 3297 tempora
976 3276 988 3292 ‚
1012 3254 1065 3287 sed
1075 3254 1202 3288 creden·

330 3318 379 3343 tes
389 3310 497 3344 statim
521 3308 738 3351 baptizarunt.
764 3306 898 3341 Sanstus
910 3304 1023 3337 Petrus
1040 3304 1075 3338 in
1088 3303 1202 3339 Pente-

328 3358 434 3392 costes
443 3359 497 3392 die
515 3358 640 3401 aliquot
653 3355 758 3391 millia
778 3351 887 3390 subito
904 3354 1097 3399 baptizavit.
1123 3354 1206 3389 Res-

328 3407 462 3452 pendeo
480 3407 799 3443 catechumenatem
826 3404 968 3440 omnino
987 3405 1050 3440 effe
1074 3402 1204 3441 Institu-

1440 228 1543 272 XL
1582 229 1629 286 I·vv
1970 247 2066 292 317

1244 318 1314 342 tum
1339 308 1567 352 Apostolicum
1583 335 1590 342 .
1617 310 1722 344 Lucet
1743 321 1785 345 ex
1800 312 1985 355 Apostolica
2005 314 2048 349 ad
2058 314 2123 349 Ge·

1245 360 1325 393 latas
1347 360 1483 404 epistola
1508 374 1515 393 :
1543 365 1746 394 eommunicet
1768 367 1795 393 is
1818 385 1828 400 ‚
1854 368 1903 404 qui
1922 364 2122 399 catechizatur

1243 409 1354 449 verbo,
1382 415 1468 452 etqui
1484 409 1519 454 fi·
1539 410 1722 452 catechizat,
1748 417 1780 443 in
1791 412 1926 444 omnibus
1936 412 2036 446 bonis.
2064 414 2123 448 Et·

1243 461 1309 493 iam
1320 460 1360 493 ad
1373 459 1568 495 Corinthios
1579 462 1691 496 scribit
1715 460 1803 495 idem
1826 460 2005 505 Apostolus
2017 472 2028 492 .-
2054 467 2121 507 Ego

1239 511 1406 552 plantavi,
1433 511 1546 554 utique
1559 523 1615 556 per
1635 510 1880 546 Catech'ffmum
1890 535 1904 553 ,
1933 511 2033 553 Apollo
2047 518 2123 556 riga·

1243 565 1314 601 vit,
1339 571 1394 604 per
1404 559 1587 603 Baptisma.
1615 561 1749 597 Etenim
1761 561 1882 595 Paulus
1901 560 1974 595 istic
1994 562 2124 599 nonnisi

2138 389 2213 428 Cap·
2225 392 2253 422 6.

1245 610 1447 654 pauciffimos
1459 609 1632 655 baptizavit
1645 637 1654 645 .
1682 614 1725 647 Et
1737 611 1778 646 de
1792 610 1928 646 Christo
1948 611 2102 646 Domino
2111 634 2125 652 ,

1244 671 1373 695 coecum
1386 671 1499 695 natum
1521 661 1751 702 illuminante,
1777 661 1887 697 scribit
1908 662 1942 694 in
1962 661 2126 696 Tractati-

1244 710 1303 745 bus
1314 713 1406 755 super
1418 711 1525 745 Sancti
1539 712 1675 755 Joannis
1688 712 1905 757 Evangelium
1914 711 2047 745 Sanetus
2054 709 2125 746 Au·

1243 761 1411 805 gustinus:
1437 765 1582 796 Dominus
1592 764 1826 805 quandocoecum
1834 767 1868 796 in
1873 759 1970 805 seipso
1980 762 2125 803 quodam·
2140 764 2227 797 Tra&
2251 770 2304 807 ῆι

1243 812 1327 844 modo
1348 811 1521 854 baptizavit
1536 836 1549 853 ‚
1574 821 1645 847 tunc
1666 814 1873 854 illuminavit,
1898 812 2019 855 quando
2037 816 2125 845 inu»-

1245 866 1313 902 xit,
1332 861 1456 905 fortasse
1484 862 1732 897 catechumenum
1747 863 1842 905 ficit.
1871 859 2128 899 Catechumena-

1245 920 1297 946 tus
1317 922 1463 955 tempora
1484 912 1652 947 Dominus
1674 924 1743 947 non
1767 911 1907 947 instituit
1921 936 1932 952 ,
1958 911 2011 946 sed
2034 910 2128 949 istius

1247 961 1423 1004 postmodo
1445 973 1502 1005 per
1523 961 1703 1007 Apostolos
1728 963 1886 999 faciendae
1910 960 2129 996 institutionis

1247 1011 1320 1045 fixit
1331 1011 1585 1047 fundamentum
1612 1014 1868 1056 acexemplum.
1896 1011 2049 1055 Apostoli
2074 1011 2131 1046 ha·

1247 1060 1386 1096 buerunt
1397 1063 1526 1106 plenam
1547 1063 1649 1098 totius
1670 1060 2131 1098 sactiMinisteriiauthorita·

1246 1120 1329 1145 tem:
1357 1111 1452 1147 Hinc
1461 1113 1661 1157 quandoque
1672 1112 1779 1147 subito
1792 1112 2020 1155 baptizarunt,
2031 1121 2131 1155 quan-

1246 1159 1356 1203 doque
1375 1161 1448 1205 post
1469 1161 1691 1196 insti-ustionis
1710 1161 1919 1196 intervallum
1937 1186 1946 1194 .
1988 1159 2133 1195 Proinde

1247 1209 1547 1246 Catechumenatus
1566 1211 1612 1246 est
1635 1210 1777 1246 omnino
1797 1208 1839 1244 ab
1853 1210 1944 1254 ipfis.
1973 1210 2135 1245 Attamen

1247 1261 1410 1296 initialem
1423 1261 1567 1306 ipsorum
1581 1262 1721 1296 formam
1731 1261 1932 1296 Succeffores
1949 1258 2060 1294 Patres
2082 1271 2135 1294 va-

1247 1309 1294 1345 rie
1317 1321 1476 1347 ornarunt
1501 1322 1599 1356 atque
1618 1311 1789 1346 firmarunt
1811 1334 1821 1344 .
1855 1309 1910 1345 Ad
1938 1307 2137 1345 Corinthios

1249 1361 1369 1404 scripsit
1393 1362 1530 1397 Sanctus
1556 1360 1704 1395 Paulus:
1738 1363 1859 1394 Caeterae
1880 1384 1891 1400 ,
1916 1360 1981 1393 cum
2005 1371 2135 1403 venero,

1248 1409 1419 1454 disponam.
1449 1412 1533 1459 Qae
1544 1412 1610 1455 ipse
1634 1421 1691 1445 aut
1701 1411 1769 1454 ejus
1780 1410 1926 1455 Collega:
1938 1421 2006 1445 non
2022 1420 2136 1453 potue-

1250 1471 1327 1495 runt
1337 1471 1378 1496 ex
1389 1462 1491 1496 causis
1500 1461 1681 1505 disponere,
1688 1461 1888 1497 Succeffores
1896 1459 2136 1503 disposuerunt,

1249 1521 1290 1544 ex
1313 1512 1455 1554 ipsorum
1466 1511 1750 1546 instructionibus.
1776 1510 1827 1546 Ita
1839 1510 1940 1545 tradit
1950 1510 1985 1544 in
1997 1509 2083 1544 libro
2094 1510 2137 1549 de

1251 1560 1372 1604 Spiritu
1384 1561 1504 1595 Sancto
1515 1561 1661 1606 Magnus
1683 1560 1818 1596 Basilius
1829 1587 1837 1594 .

1302 1610 1439 1657 Qanta
1461 1621 1538 1646 cura
1563 1612 1599 1646 ἀ
1623 1621 1750 1655 quanto
1761 1612 1871 1657 rigore
1890 1610 1985 1647 issam
1996 1609 2140 1655 discipli·

1254 1671 1331 1696 nam
1350 1659 1570 1697 observaverit
1590 1661 1727 1707 antiqua
1748 1660 1981 1697 christianitas
2002 1685 2015 1702 ‚
2039 1661 2141 1701 docet

1253 1710 1412 1746 secundus
1432 1712 1538 1746 Sansti
1563 1712 1700 1755 Ioannis
1720 1711 1950 1755 chrysostomi
1969 1712 2077 1747 sermo
2089 1711 2142 1745 su·

1255 1771 1311 1804 per
1333 1762 1507 1796 Genesim.
1534 1761 1668 1804 Lupum
1693 1762 1729 1795 δι
1754 1761 1892 1805 Agnum
1907 1785 1919 1801 ‚
1945 1771 2029 1804 quos
2049 1757 2146 1794 simul

1257 1811 1292 1844 in
1306 1820 1397 1844 novo
1408 1810 1628 1845 Testamenta
1638 1810 1847 1845 accubituros
1859 1811 2005 1854 promisit
2019 1821 2074 1853 per
2082 1810 2147 1847 Isa-

1235 1895 1238 1902 ⁴
1255 1858 1320 1902 jam
1332 1857 1531 1902 Prophetarn
1545 1860 1734 1899 Dominus,
1758 1860 1897 1895 affirmat
1918 1861 1983 1895 esse
2005 1860 2149 1898 divitem

1257 1920 1296 1944 ac
1321 1920 1496 1953 pauperem
1517 1933 1530 1949 ,
1555 1919 1655 1952 atque
1674 1910 1901 1953 prosequitur:
1928 1910 2058 1944 attende
2077 1910 2151 1951 dili·
2163 1916 2283 1947 Tom.6.

1252 1966 1360 2000 genter
1371 1981 1379 1989 .
1406 1957 1529 1997 Adstitit
1536 1959 1712 2001 plerumque
1721 1960 1811 1994 dives
1836 1961 1872 1995 ά
1877 1967 1995 2003 pauper
2028 1965 2062 1992 in
2085 1964 2116 1993 E
2117 1974 2149 1995 c·

1258 2003 1338 2046 clesi'a
1348 2030 1356 2038 .
1381 2006 1630 2049 comprehendite
1655 2007 1759 2042 borum
1782 2009 1945 2050 Mssteri'um
1967 2034 1976 2042 .
2003 2012 2148 2053 Expellt·

1258 2063 1307 2089 tur
1316 2057 1405 2090 dives
1417 2081 1428 2098 ,
1453 2065 1488 2091 ut
1506 2059 1630 2092 minime
1640 2064 1776 2093 initiatus
1795 2059 1934 2101 Myfleriis
1947 2085 1955 2093 .
1984 2063 2146 2094 Permanet·

1260 2115 1360 2140 autem
1367 2112 1454 2156 *intra
1462 2108 1584 2148 coelestia
1593 2109 1789 2144 tabernacula
1798 2133 1811 2150 ‚
1836 2109 1992 2153 adstatque
2007 2118 2124 2153 pauper
2132 2135 2145 2145 .

1260 2161 1370 2199 Neque
1382 2165 1483 2191 tamen
1493 2159 1669 2201 indignatur
1681 2161 1770 2194 dives
1782 2184 1794 2202 ‚
1819 2162 1930 2203 quippe²
1951 2166 2007 2203 qui
2027 2166 2146 2195 noveru·

1256 2204 1291 2249 se
1300 2209 1320 2239 a
1333 2208 1615 2248 DivinisMffleriis
1628 2211 1756 2243 alienum
1768 2234 1776 2241 .
1802 2213 1888 2254 ‚Quin
1914 2215 2004 2246 etiam
2014 2234 2027 2251 ,
2052 2213 2069 2244 ὁ
2082 2213 2146 2244 Dt-

1262 2261 1370 2291 vinum
1381 2257 1551 2300 beneficium
1561 2283 1574 2299 ,
1599 2269 1658 2293 non
1675 2262 1760 2293 modo
1780 2262 1943 2303 equalitas
1961 2259 2079 2295 honoris
2104 2261 2145 2302 est

1261 2311 1294 2339 in
1304 2306 1432 2348 Ecclefia
1443 2331 1454 2348 ,
1479 2319 1545 2351 quae
1555 2310 1577 2341 ἃ
1588 2312 1650 2343 Deo
1659 2308 1697 2350 est
1704 2314 1811 2354 gratia
1820 2334 1831 2351 ,
1853 2310 1913 2354 sed
1936 2312 1971 2346 Θ
1980 2321 2046 2350 cum
2064 2318 2144 2345 uter·

1261 2367 1318 2399 que
1325 2355 1456 2398 substitit
1465 2381 1477 2398 ,
1498 2360 1672 2402 plerumque
1679 2368 1798 2403 pauper
1805 2365 1922 2402 pietate
1942 2361 2073 2395 divitem
2090 2362 2149 2396 and

1263 2407 1369 2440 recellit
1386 2430 1393 2438 .
1417 2408 1480 2441 sed
1494 2418 1585 2451 neque
1593 2411 1758 2452 quidquam
1779 2411 1872 2444 diviti
1890 2412 2077 2446 contulerunt
2098 2412 2145 2445 ad

1258 2461 1404 2498 pietatem
1430 2465 1500 2500 opes
1513 2480 1526 2497 ,
1548 2470 1640 2501 neque
1657 2467 1826 2502 paupertas
1841 2459 1924 2502 fideli
1938 2459 2143 2504 fraudifuit‚

1258 2504 1315 2549 sed
1320 2517 1386 2540 eum
1395 2517 1458 2541 cum
1464 2506 1577 2549 fiducia
1586 2509 1686 2542 coram
1692 2508 1797 2552 fando
1804 2509 1912 2551 statuit
1925 2512 2023 2544 Aliari
2034 2535 2043 2544 .
2071 2514 2144 2547 Haee

1261 2565 1361 2590 autem
1371 2557 1410 2590 de
1428 2556 1659 2592 catechumenis
1680 2560 1702 2592 ἃ
1713 2571 1759 2592 me
1775 2560 1916 2594 dicuntur
1926 2582 1939 2600 ,
1963 2571 2021 2594 non
2030 2561 2068 2594 de
2078 2566 2144 2603 qui-

1261 2604 1365 2649 busvis
1376 2607 1524 2648 opulentis
1533 2631 1542 2640 .
1569 2609 1703 2642 Adverte
1712 2607 1810 2653 quaeso
1818 2615 1952 2643 animum
1962 2634 1974 2651 ,
1996 2621 2035 2644 ac
2044 2612 2119 2646 vide
2130 2635 2143 2652 ‚

1260 2667 1317 2699 quo
1323 2655 1415 2699 pado
1426 2657 1562 2692 dominus
1571 2659 1695 2691 excedat
1704 2670 1744 2693 ex
1755 2659 1881 2701 Ecclefia
1890 2683 1903 2699 ,
1927 2661 1962 2694 6·
1976 2658 2087 2701 servus
2103 2654 2142 2701 fi-

1261 2707 1336 2740 delas
1345 2705 1443 2749 sacris
1454 2707 1579 2746 affideat
1590 2707 1745 2740 Altaribus
1758 2719 1766 2740 ε
1792 2709 1978 2750 Egrediatur
1995 2709 2118 2742 domna
2125 2733 2141 2751 ‚

1260 2757 1295 2790 θ
1303 2763 1426 2791 maneat
1435 2756 1546 2788 ancilla
1558 2779 1566 2789 .
1592 2759 1667 2788 Nou
1679 2761 1760 2789 enim
1768 2761 1874 2798 accipit
1885 2754 2010 2791 bominis
2023 2757 2141 2801 faciem

1262 2809 1362 2840 Deus.
1389 2810 1463 2839 Non
1480 2804 1519 2845 est
1538 2809 1572 2837 in
1594 2803 1722 2846 Ecclesia
1736 2803 1844 2849 servus
1872 2807 1907 2840 θ
1924 2805 2017 2841 uber.
2042 2806 2142 2845 Adeo

1261 2866 1341 2891 tune
1353 2854 1495 2891 Ecclesia
1504 2853 1590 2891 inter
1599 2854 1678 2892 istos
1686 2854 1807 2901 gradus
1821 2853 2023 2895 discernebat
2031 2882 2040 2890 .

1614 3004 1763 3054 Fideles
1772 3041 1788 3055 .

1314 3154 1419 3198 Aliud
1432 3153 1699 3191 Catechumenos
1707 3179 1721 3197 ,
1733 3155 1826 3193 aliud
1834 3157 1899 3193 esse
1911 3155 2040 3194 Fideles
2048 3182 2062 3200 ,
2077 3158 2142 3196 ela·

1265 3216 1357 3242 mant
1366 3208 1483 3242 omnes
1493 3205 1602 3240 Patres
1613 3206 1647 3241 dt
1656 3205 1785 3252 antiqui
1797 3207 1951 3243 Canones
1961 3232 1969 3241 .
1995 3208 2039 3244 Et
2048 3210 2140 3245 utris·

1266 3268 1331 3302 que
1349 3256 1476 3292 ordinis
1498 3256 1571 3290 sunt
1594 3258 1689 3293 varioe
1706 3258 1817 3293 classes
1838 3257 2019 3303 &gradus-
2043 3258 2141 3297 Cate-

1266 3306 1503 3343 chumenorum
1521 3305 1580 3340 alii
1594 3306 1669 3342 sunt
1689 3306 1889 3347 Christiani,
1917 3309 1976 3344 alii
1991 3307 2141 3346 Audien-

1267 3368 1317 3393 tes
1339 3381 1351 3398 ,
1378 3355 1535 3391 Substrati
1555 3380 1568 3397 ‚
1591 3355 1790 3398 Precantes,
1813 3356 1919 3393 Elem
1944 3381 1957 3401 ,
1982 3358 2141 3399 Scrutati.

1269 3407 1525 3453 competentes.
1553 3407 1675 3444 omnis
1693 3406 1987 3448 fidelis-debete&
1999 3407 2141 3451 baptiza-

2020 3463 2094 3499 (ἡ,
