2346 3724
763 163 995 209 CAP

1063 174 1081 204 1
1151 176 1176 205 ἵ

1247 173 1355 205 ts
1459 158 1516 205 V.
1930 166 1995 226 87

243 262 366 290 cenos,
393 248 449 292 qui
462 246 597 283 Arianis
618 248 653 282 in
667 243 1120 286 ottliodoxorumcathedras
1137 254 1142 280 l
1181 244 1420 289 transfiguravit
1441 245 1477 280 in
1489 242 1641 291 Episcopi
1662 241 1812 289 idolum,
1834 250 1991 286 &omnia
2005 251 2062 293 sua

243 313 298 346 per
309 301 538 342 Imperatorem
553 297 790 336 Constantium
813 299 939 336 intrusis
953 299 1121 342 Episcopis

240 350 486 386 communicare
506 348 684 390 nolebant,
712 350 852 394 ideoque
875 360 950 384 cum
963 348 1052 383 fideli
1067 360 1120 392 po-

240 399 319 444 pulo
330 399 470 444 agebant
479 397 700 434 clandestinas
721 401 918 444 &separatas
939 398 1118 434 Collectas.

237 450 358 484 Canon
370 448 416 484 est
432 459 570 492 nequam
589 461 630 483 ex
642 450 712 486 solo
723 452 852 485 suorum
864 448 1039 483 authorum
1053 460 1119 491 pra-

238 511 283 534 vo
303 500 437 534 animo.
466 498 522 534 Est
547 500 767 541 ambidexter,
793 499 878 538 &ab
902 499 1058 533 haereticis
1085 499 1121 532 in

239 548 433 588 Catholicos
444 573 455 589 ,
480 549 513 583 δε
528 547 570 583 ab
583 549 633 583 his
645 549 746 593 potest
758 550 969 594 contorqueri
982 549 1015 583 in
1028 548 1102 583 istos
1111 573 1118 580 .

239 601 285 634 Et
296 598 375 634 hinc
396 610 511 635 omnes
534 599 611 635 istos
633 601 787 635 Canones
800 624 811 641 ,
837 599 913 636 licet
938 599 1062 636 dudum
1075 610 1121 633 re-

237 650 392 686 futaverit
413 674 425 690 ,
453 648 627 687 Catholica
656 650 799 686 Ecclesia
823 649 955 687 tandem
978 648 1119 686 admisit.

237 699 290 734 llli
315 700 404 736 enim
429 699 582 741 firmant,
606 698 681 735 licet
703 711 744 735 ex
759 700 886 736 Ariano
900 702 998 744 scopo
1012 723 1023 740 ‚
1048 700 1120 733 avi-

236 757 305 785 tam
325 760 424 794 atque
447 749 675 794 Apostolicam
697 749 906 795 disciplinam
925 775 932 784 .
961 750 1004 784 Et
1029 748 1118 787 hunc

230 801 389 844 quintum
413 799 563 844 probavit
583 800 619 834 in
641 798 778 835 secunda
790 800 1038 845 Carthaginensi
1061 800 1121 842 Sy-

237 850 330 886 nodo
341 876 352 891 ,
378 861 416 885 ac
430 852 521 885 suum
534 850 611 886 fecit
624 848 780 886 Africana
796 850 936 888 Ecclesia
948 875 955 882 .
984 851 1118 887 Sanslus

237 900 370 943 Alipius
392 898 599 943 Tagastensis
622 897 803 943 Episcopus
828 923 839 940 ,
872 912 911 935 ac
931 899 1119 937 Numidicae

98 938 173 969 0²¹¹·
192 941 218 968 ⁸·
234 947 418 985 Provinciae
437 949 602 992 Legatus,
630 948 700 982 illic
721 949 767 983 ita
789 950 924 989 retulit:
953 954 1019 983 Nec
1046 949 1122 983 allud

232 999 528 1042 praetermittendum
547 997 606 1040 est,
633 998 702 1038 ursi
720 1005 787 1041 quis
804 999 890 1046 forte
916 1000 1070 1043 Presbyter
1079 997 1118 1032 ab

235 1048 382 1092 Episcopo
390 1048 443 1093 suo
461 1055 606 1093 correptus
626 1058 681 1084 aut
690 1055 958 1086 excommunicatus
975 1073 984 1088 ‚
1008 1057 1119 1084 tumore

233 1099 287 1132 vel
296 1097 438 1141 superbia
462 1098 582 1139 inflatus
601 1104 764 1140 putaverit
779 1099 946 1145 separatim
958 1102 1020 1133 Deo
1024 1097 1119 1143 sucri-

228 1151 298 1194 ficia
320 1147 471 1189 offerenda
491 1172 503 1187 ,
529 1149 578 1182 vet
599 1149 688 1185 aliud
706 1150 877 1195 erigendum
899 1151 996 1183 altare
1018 1158 1120 1184 contra

233 1197 462 1241 Ecclefiasticam
478 1198 617 1241 fidemac
640 1196 830 1246 disciplinam
852 1201 1036 1239 crediderit,
1063 1210 1120 1232 non

229 1258 318 1284 exeat
340 1254 529 1290 impunitus.
558 1249 772 1284 Relationem
793 1250 941 1293 probavit
969 1251 1004 1284 ἀ
1017 1250 1121 1287 firma-

234 1300 284 1332 vit
299 1298 500 1342 Valentinus
521 1299 719 1335 Summenfis
733 1293 932 1344 Episcopus,
959 1301 1020 1334 suae
1041 1309 1121 1334 tunc

233 1347 422 1385 Provinciae
444 1349 595 1389 Primas,
620 1349 654 1382 dc
679 1348 793 1383 omnes
818 1349 972 1392 Episcopi
996 1350 1123 1393 respon-

234 1398 355 1432 derunt
369 1409 377 1432 t
405 1400 513 1440 Siquis
528 1398 684 1436 Presbyter
698 1399 718 1433 ὰ
734 1398 893 1441 Praepofito
898 1397 954 1443 suo
962 1409 1123 1435 excommu-

234 1452 351 1480 nicatus
373 1449 426 1482 vel
436 1447 536 1487 fuerit
555 1454 706 1487 correptus
729 1468 739 1483 ,
761 1446 823 1489 fid
837 1447 981 1490 ficperbia
998 1448 1121 1492 inflatus

229 1492 438 1540 secernendum
456 1493 490 1538 se
509 1494 548 1527 ab
562 1494 703 1537 Episcopi
717 1493 766 1541 fin
787 1502 985 1532 communione
1000 1499 1123 1532 duxerit

233 1557 269 1579 ac
274 1543 443 1588 separatim
464 1555 529 1578 cum
550 1544 697 1586 aliquibus
718 1542 848 1587 schisma
863 1546 985 1588 faciem·
1006 1546 1123 1589 sacrifi-

232 1598 310 1631 cium
333 1598 395 1630 Deo
412 1595 567 1635 obtulerit,
595 1593 762 1629 anathema
783 1595 952 1637 habeatur,
980 1597 1015 1630 <a
1031 1598 1122 1630 locum

232 1650 373 1680 amittat.
403 1644 459 1679 An
482 1656 523 1679 ex
536 1644 755 1682 Antiocheno
778 1645 921 1681 Canone
948 1647 1119 1691 loquatur,

234 1695 374 1741 ignoro,
403 1695 538 1732 Interim
561 1695 706 1739 loquitur
727 1696 866 1730 eandem
891 1695 1097 1739 disciplinam
1113 1720 1120 1729 .

233 1744 292 1780 Ad
306 1745 591 1790 Parasynagogam
603 1746 702 1779 etiarn
717 1746 856 1790 requirit*
863 1746 942 1783 tria:
971 1746 1122 1782 Seceffio-

232 1800 310 1830 nem
329 1795 348 1832 ὲ
366 1795 606 1831 communione
628 1795 806 1840 Episcopi,
830 1797 1026 1833 erectionem
1050 1809 1121 1841 pro-

232 1842 480 1890 phanialtaris‚
506 1844 763 1883 &seductoriam
786 1847 899 1890 populi
911 1846 1117 1885 Collestam.

232 1895 280 1930 Et
299 1907 361 1941 pro
389 1897 483 1930 causa
506 1894 643 1940 affignat
670 1894 871 1941 Episcopalis
896 1896 1119 1933 damnationis

231 1954 289 1980 aut
311 1945 529 1990 correptionis
550 1953 795 1988 contemptum.
824 1946 974 1983 Eandem
990 1950 1118 1983 causam

230 1994 323 2039 supra
344 1994 482 2031 adduxit
514 1994 660 2041 Magnus
687 1994 845 2034 Basilius.
875 1997 1024 2033 Eandem
1047 2000 1117 2033 for·-

231 2056 323 2080 mam
340 2045 615 2092 Parasynagogae.

283 2094 346 2130 Ista
356 2095 497 2131 omnino
509 2095 554 2138 est
567 2095 730 2131 ordinaria
742 2095 999 2144 Parasynagogae
1012 2100 1116 2134 causas

232 2144 416 2181 Etenimab
427 2146 589 2190 Episcopo
600 2146 817 2191 Metropolita
830 2172 840 2189 ‚
867 2149 1012 2184 Primate
1025 2174 1035 2189 ,
1059 2151 1116 2184 Pa-

231 2195 369 2230 triarcha
381 2222 392 2238 ,
418 2195 578 2231 Romano
590 2196 754 2231 pontifice
764 2222 774 2238 ,
793 2209 849 2232 aut
863 2201 962 2233 etiam
974 2200 992 2232 a
1005 2200 1117 2240 quavis

230 2246 371 2289 Synodo
393 2245 503 2280 datam
529 2246 753 2280 damnationis
778 2248 972 2282 sententiam
994 2257 1117 2281 contu·-

231 2295 367 2330 maciter
386 2306 519 2340 arguere
541 2295 724 2338 iniquitatis
745 2295 780 2329 δε
801 2306 1014 2331 contemnere
1027 2321 1038 2336 ,
1063 2296 1118 2330 di·-

230 2345 393 2390 gnitatem
405 2356 442 2379 ac
453 2343 669 2378 ministerium
682 2355 749 2377 non
762 2345 944 2387 deponere,
970 2355 1069 2386 atque
1081 2347 1114 2378 in

230 2395 303 2437 ipso
314 2395 344 2428 se
357 2403 412 2437 per
425 2393 545 2428 sedulii
559 2393 671 2436 populi
685 2402 740 2429 aut
753 2392 842 2427 Cleri
857 2393 1051 2428 violentiam
1063 2395 1116 2428 fir-

229 2453 319 2478 mare
331 2465 343 2482 ,
369 2452 467 2486 atque
480 2441 822 2488 itaParasynagogarn
834 2442 961 2484 facere,
988 2444 1050 2479 fuit
1061 2445 1117 2479 da·

229 2492 353 2527 mnatis
364 2492 532 2537 Episcopis
544 2492 578 2527 δε
590 2492 728 2528 Clericis
740 2493 822 2527 olim
836 2493 1016 2529 admodum
1026 2496 1119 2530 fami·

231 2542 309 2578 liare
330 2567 336 2574 .
364 2542 457 2577 Hinc
478 2542 693 2578 Antiochena
715 2543 868 2587 Synodus
891 2544 999 2580 sanxit
1019 2545 1117 2586 illos,

229 2593 310 2627 dum
331 2592 381 2626 bis
392 2593 513 2627 moniti
537 2592 655 2628 nolunt
671 2594 895 2638 acquiescere,
922 2595 1116 2639 opprimen-

229 2643 291 2677 dos
300 2652 354 2686 per
364 2642 545 2678 potestates
567 2654 714 2684 exteras,
742 2654 796 2688 per
808 2644 970 2679 auxilium
992 2646 1118 2680 saecula·

230 2692 276 2727 ris
288 2691 431 2728 brachii.
462 2693 506 2727 Et
527 2692 568 2728 ad
580 2693 688 2728 Sancti
700 2694 834 2729 Damasi
856 2695 1031 2730 Pontificis
1048 2707 1116 2739 pre-

230 2752 285 2777 ces
298 2741 477 2786 Imperator
488 2743 665 2778 Gratianus
674 2744 781 2778 sanxit
792 2744 984 2790 relegandos
993 2746 1034 2779 ad
1043 2757 1116 2781 cen·

231 2803 304 2828 turn
326 2791 428 2827 millia
449 2794 467 2827 a
481 2792 556 2827 loco
578 2794 640 2828 suat
651 2794 824 2839 dignitatis
845 2805 902 2828 aut
924 2796 1113 2830 ministerii.

232 2844 392 2877 Attamen
416 2842 473 2876 ista
496 2854 563 2877 non
578 2844 643 2877 fuit
667 2844 765 2879 unica
777 2845 1031 2890 Parasynagogae
1042 2858 1115 2881 cau-

231 2894 265 2927 sa
288 2918 294 2925 .
322 2891 435 2926 Aliam
457 2894 547 2935 supra
574 2893 760 2929 audivimus
780 2894 799 2928 a
823 2894 931 2929 Sancti
954 2895 1114 2938 Cypriani

230 2942 391 2977 Trastatu
404 2941 446 2976 de
457 2942 529 2975 zelo
541 2942 687 2980 &livore
697 2959 708 2979 .·
734 2948 814 2977 Dum
825 2944 1005 2979 ahto-edatur
1015 2949 1036 2979 5
1037 2957 1113 2981 acer-

229 2991 365 3033 dotibus,
398 2993 467 3025 dum
488 2991 642 3035 Episcopi:
664 2996 817 3029 invidetur
840 3020 852 3037 ‚
877 2996 950 3029 dum
972 3002 1039 3038 quis
1062 3007 1114 3031 aue

229 3047 363 3087 queritur
378 3039 413 3084 se
436 3054 491 3075 non
512 3047 612 3084 potius
636 3046 807 3078 ordinatum
820 3069 831 3085 ,
855 3054 909 3079 aut
932 3046 1113 3090 dedignatur

229 3094 359 3127 alterum
360 3091 447 3133 ferre
457 3090 661 3134 praepofitum.
688 3093 836 3138 Respicit
863 3096 1046 3130 suscitatam
1059 3097 1113 3133 ad-

232 3142 341 3177 versus
361 3142 419 3176 sea
432 3142 630 3176 Felicissimo
649 3143 805 3179 Diacono
828 3145 1018 3190 &quinque
1028 3145 1113 3181 Pres-

231 3192 355 3236 byteris
365 3191 650 3237 Parasynagogam
662 3218 669 3226 .
696 3193 884 3238 Cyprianus
897 3207 938 3230 ex
952 3195 1110 3241 Neophy-

230 3251 269 3276 to
290 3243 393 3277 fuerat
418 3253 587 3287 promotus
608 3243 788 3287 Episcopus
802 3268 810 3276 .
841 3244 1003 3281 Hincista
1015 3247 1113 3282 factio

230 3294 405 3338 agnoscere
426 3293 530 3338 ipsum
554 3293 680 3332 noluit,
706 3294 813 3328 erexit
834 3305 957 3329 novum
969 3296 1110 3332 altarein

226 3342 418 3379 suburbano
454 3353 569 3379 monte
593 3368 605 3386 ,
637 3345 858 3380 Fortunarum
885 3344 1110 3391 Presbyterum

1179 296 1317 332 tentavit
1338 307 1394 339 per
1421 295 1609 333 Romanam
1646 294 1825 330 Ecclesiam
1848 301 2057 336 confirmari.

1181 347 1224 380 Et
1235 347 1404 393 quousque
1416 346 1455 382 lis
1466 346 1539 383 istic
1549 346 1702 394 pependit
1714 369 1726 389 ,
1739 358 1806 380 non
1818 349 1883 382 fuit
1895 350 2038 386 Schisma
2047 375 2062 394 ,

1181 396 1234 431 sed
1257 394 1427 435 dumtaxat
1442 395 1692 441 Parasynagoga
1707 421 1714 433 ,
1746 395 1858 432 Aliam
1869 401 1997 433 causam
2007 400 2063 436 ad-

1180 446 1269 481 ducit
1284 447 1318 479 in
1331 446 1446 482 litteris
1457 446 1497 481 ad
1509 447 1646 485 illustres
1659 446 1824 486 Dominas
1833 472 1843 489 ,
1860 447 2038 483 Eustatiam
2049 474 2063 490 ‚

1182 496 1387 531 Ambrosiam
1409 519 1420 535 ,
1445 508 1483 531 ac
1509 498 1686 535 Basiliffam
1713 497 1848 534 sanctus
1885 496 2063 541 Gregorius

1182 547 1360 590 Episcopus
1370 546 1405 580 N
1407 548 1551 590 yffenus.
1581 545 1789 585 Graffabatur
1801 558 1881 584 tunc
1894 548 2066 592 Apollina·

1180 599 1220 631 rii
1242 595 1363 642 dogma
1382 621 1393 637 ‚
1419 595 1561 641 ideoque
1586 598 1621 636 ὃς
1645 598 1749 635 multa
1771 598 1855 635 circa
1877 598 2066 632 Dominicas

1181 645 1417 684 lucarnationis
1428 648 1674 682 Sacramentum
1692 648 1846 691 quaestio.
1872 648 1966 683 Hinc
1978 647 2067 683 Gre-

1181 698 1293 742 gorius
1308 697 1418 735 nescio
1432 697 1511 741 quid
1522 697 1718 741 quibusdam
1732 698 1904 742 displicens
1915 698 2068 743 permise-

1181 755 1228 783 rat
1251 746 1315 784 labi
1326 758 1366 782 ex
1382 758 1460 791 ore,
1486 758 1584 792 atque
1595 748 1640 783 ita
1651 747 1972 786 multidiscreverant
1984 749 2014 783 se
2024 746 2067 782 ab

1180 797 1248 839 ejus
1264 799 1502 837 communione
1514 823 1525 843 ‚
1552 809 1590 833 ac
1604 798 1734 842 insuper
1753 810 1879 835 novum
1891 799 1991 833 altare
2001 809 2069 834 ere-

1180 858 1293 883 xerant
1307 872 1318 888 ,
1344 848 1379 884 ὅ(
1391 847 1592 895 collegerant
1612 847 1899 895 Parasynagogam
1912 873 1920 881 .
1948 849 2069 891 Expo-

1183 898 1232 934 nit
1254 898 1310 932 ille
1328 899 1417 933 suam
1443 898 1540 933 fidem
1555 900 1589 932 in
1605 897 1734 935 laudata
1747 899 1893 945 Epistola
1910 922 1922 940 ,
1947 910 1983 932 ac
1997 909 2068 942 per-

1182 948 1255 992 git.-
1282 950 1313 985 ss·
1323 953 1416 994 igitur
1438 947 1501 984 baec
1510 950 1576 983 alta
1588 960 1656 986 voce
1674 950 1898 992 praedicamus,
1926 950 1961 985 et
1973 947 2071 991 testifi-

1181 1009 1282 1031 camur
1293 1023 1304 1039 ,
1332 999 1366 1036 id
1381 998 1447 1040 est,
1476 998 1687 1037 authenticos
1700 999 1814 1035 nostrae
1828 999 2070 1045 praedicationis

1182 1047 1277 1082 testes
1301 1048 1535 1091 producimus,
1562 1060 1631 1092 quae
1653 1049 1938 1091 nostrainjuriaest?
1965 1050 2070 1093 ‚Quam

1181 1098 1216 1130 ob
1228 1095 1348 1140 causam
1371 1099 1436 1131 odio
1458 1097 1619 1133 habemur?
1651 1104 1709 1132 Aut
1728 1099 1861 1141 qaidfibi
1874 1100 1976 1133 volunt
1989 1110 2071 1132 nova

1182 1146 1246 1183 baec
1257 1149 1422 1182 adversam
1434 1160 1486 1185 nos
1497 1148 1594 1186 ereHa
1604 1149 1714 1182 altaria
1725 1150 1738 1182 Ρ
1764 1153 1825 1181 Cur
1826 1149 1967 1192 fugiendi
1985 1150 2071 1190 judi-

1181 1208 1284 1231 camur
1304 1200 1317 1231 ,²
1342 1200 1388 1234 Et
1411 1209 1464 1235 cur
1482 1200 1648 1232 adversam
1671 1210 1723 1231 nos
1744 1198 1843 1232 altare
1864 1199 1988 1240 quidam
2010 1209 2071 1230 ex·-

1183 1257 1286 1282 truunt
1298 1273 1309 1289 ,
1335 1247 1420 1291 quast
1428 1260 1480 1283 nos
1493 1246 1657 1294 ipfisancqa
1666 1249 1893 1290 pollueremus?
1919 1247 2071 1282 Similem

1182 1309 1224 1335 ex
1235 1298 1328 1333 simili
1342 1299 1436 1335 causa
1447 1323 1458 1340 ‚
1471 1299 1547 1336 licet
1559 1310 1627 1334 non
1640 1298 1928 1347 Parasynagogam
1938 1322 1948 1338 ,
1960 1307 2073 1332 tamen

1184 1349 1433 1386 communionis
1451 1347 1717 1385 diffeciationem
1734 1348 1797 1385 isto
1809 1357 1955 1391 tempore
1968 1347 2074 1391 passus

1184 1398 1247 1431 fuit
1271 1400 1372 1433 etiam
1407 1398 1590 1443 Gregorius
1611 1398 1845 1434 Nazianzenus
1870 1397 2074 1440 Episcopus,

1186 1458 1274 1490 pater
1294 1447 1400 1481 Sancti
1422 1446 1577 1492 Gregorii
1599 1447 1803 1483 Nazianzeni
1826 1471 1834 1482 .
1864 1447 1977 1483 Etiam
2000 1446 2076 1481 Ma·

1185 1508 1270 1541 gnus
1290 1498 1447 1532 Basilius.
1476 1498 1519 1530 Et
1543 1497 1649 1540 plures
1660 1497 1781 1541 Magni
1792 1495 1964 1536 Antistites
1973 1506 2075 1539 atque

1186 1547 1360 1581 Dostores.
1389 1545 1657 1580 Periculosiffima
1668 1544 1713 1579 ob
1728 1545 1827 1580 varias
1839 1545 1969 1582 haeteses
1982 1555 2075 1581 erant

1186 1596 1244 1629 ista
1268 1605 1434 1639 tempora:
1464 1595 1559 1629 Hinc
1580 1596 1717 1630 &istam
1742 1594 1857 1639 populi
1878 1607 1918 1630 ac
1929 1595 2019 1631 Cleri
2032 1594 2076 1630 ab

1186 1646 1356 1690 Episcopis
1368 1645 1575 1680 secessionem
1587 1646 1680 1681 fuisse
1691 1655 1770 1680 tunc
1782 1645 2076 1690 frequentiffimam

1184 1696 1323 1731 affirmat
1345 1696 1433 1731 idem
1467 1695 1603 1731 Basilius
1624 1696 1666 1732 ad
1688 1695 1920 1741 patrophilum
1939 1695 2076 1740 Episco-
2097 1702 2252 1742 Ep.82.85.

1186 1758 1262 1791 pum
1274 1771 1281 1782 ,
1311 1747 1394 1782 Eam
1404 1757 1447 1782 ex
1459 1747 1543 1782 varia
1550 1746 1649 1782 causa
1662 1757 1742 1781 tunc
1754 1758 1822 1782 non
1836 1745 2075 1781 tantummodo

1184 1796 1413 1839 permittebant
1428 1822 1440 1839 ,
1467 1797 1521 1831 sed
1558 1797 1593 1832 dc
1614 1796 1770 1840 jubebant
1793 1798 1871 1832 sacri
1893 1797 2072 1832 CanoneS.

1184 1847 1248 1883 His
1260 1848 1381 1883 factiosi
1411 1846 1531 1881 subditi
1545 1847 1679 1882 fuerunt
1701 1846 1885 1889 frequenter
1896 1846 2004 1889 abusi,
2031 1849 2075 1882 se-

1182 1900 1339 1933 cesserunt
1363 1897 1429 1932 sine
1451 1898 1570 1938 causa,
1596 1898 1631 1932 ἀ
1654 1898 1853 1942 quandoque
1874 1896 2075 1935 addiderunt

1183 1947 1471 1993 parasynagogam
1488 1972 1495 1980 .
1522 1948 1624 1982 Hanc
1646 1946 1808 1984 Arcadius
1834 1948 2013 1991 Imperator
2035 1948 2073 1981 in

1185 1998 1254 2043 lege
1268 1999 1308 2033 ad
1321 1997 1543 2034 Anthemium
1555 1998 1743 2035 officiorum
1758 1998 1954 2042 Magistrum
1965 1996 2074 2039 appel·

1183 2049 1228 2082 lat
1249 2047 1431 2092 tumultuosa
1453 2050 1656 2083 conventicula
1681 2073 1689 2082 .
1717 2048 1800 2080 Haec
1826 2045 1939 2079 omnia
1961 2045 2072 2080 statim

1184 2098 1253 2143 post
1288 2098 1477 2134 Constantii
1505 2110 1544 2132 ac
1565 2097 1687 2140 Juliani
1715 2106 1857 2133 mortem
1878 2096 2071 2140 extinguere

1184 2161 1251 2182 non
1276 2149 1385 2191 potuit
1409 2148 1589 2190 Imperator
1602 2145 1875 2182 Valentinianus.
1905 2145 2000 2192 Quin
2015 2157 2071 2189 per

1183 2208 1316 2231 omnem
1330 2198 1503 2231 Orientem
1516 2197 1580 2237 ipsa
1592 2196 1678 2229 fovit
1693 2219 1704 2236 ,
1727 2196 1759 2229 ὅ(
1774 2194 1903 2239 publica
1913 2196 1991 2230 fecit
2001 2196 2070 2239 ejus

1184 2245 1322 2290 Collega
1342 2246 1484 2281 &frater
1507 2245 1632 2281 Valens
1646 2270 1653 2278 .
1681 2246 1775 2281 Hinc
1799 2245 1871 2288 ipsis
1888 2245 2070 2290 Imperator

1182 2294 1392 2328 Theodofius
1416 2295 1449 2328 in
1464 2296 1535 2339 lege
1547 2295 1588 2330 ad
1601 2295 1793 2339 Eufignium
1807 2295 1962 2330 Praetorio
1982 2295 2070 2329 Prae-

1180 2345 1300 2378 fecium
1327 2344 1519 2378 severissime
1546 2346 1717 2379 interdixit
1737 2356 1872 2379 omnem
1896 2345 2070 2382 turbulen-

1180 2394 1260 2427 tiam
1274 2417 1281 2425 .
1309 2392 1448 2427 Exstant
1463 2394 1551 2439 leges
1564 2395 1598 2428 in
1612 2396 1705 2429 sexto
1717 2394 1849 2430 decimo
1871 2395 1955 2431 libro
1967 2395 2070 2431 Codi-

1177 2442 1224 2478 cis
1237 2442 1487 2478 Theodosiani.
1518 2444 1629 2479 Etiam
1652 2445 1686 2478 in
1709 2445 1765 2479 illa
1791 2445 1951 2480 variarum
1965 2446 2070 2489 Syno-

1178 2493 1295 2528 dorum
1316 2494 1508 2529 collectione
1530 2519 1540 2537 ,
1578 2506 1677 2538 quarn
1706 2495 1907 2539 appellamus
1933 2497 2069 2530 Mennae

1178 2543 1372 2579 Patriarchae
1383 2544 1796 2590 Constantinopolitanam
1810 2545 1984 2589 Synodum
1999 2570 2010 2587 ,
2020 2548 2067 2582 est

1178 2594 1263 2629 varia
1277 2595 1404 2629 mentio
1429 2595 1469 2629 de
1480 2594 1744 2640 Parasynagogis
1754 2620 1762 2627 .

1227 2645 1371 2687 Simplex
1381 2645 1481 2690 igitur
1491 2644 1747 2691 Parasynagoga
1756 2646 1896 2681 necdum
1903 2646 1948 2681 est
1959 2645 2067 2681 Schis-

1176 2705 1249 2729 ma.
1279 2695 1434 2740 Utraque
1456 2696 1547 2730 enim
1566 2707 1660 2740 pars,
1687 2697 1764 2731 licet
1785 2697 1885 2731 altera
1908 2696 2065 2739 iniquiffi-

1175 2754 1244 2778 mas
1255 2744 1364 2779 turbas
1376 2755 1451 2790 agat
1465 2768 1475 2785 ,
1502 2745 1610 2780 adhuc
1624 2743 1759 2780 adhaeret
1772 2746 1931 2780 Romanae
1941 2756 1978 2778 ac
1990 2745 2063 2779 uni-

1177 2795 1287 2829 versali
1316 2794 1487 2835 Ecclefiae,
1513 2806 1552 2829 ac
1572 2794 1640 2836 ejus
1661 2794 1839 2829 Pontifici.
1866 2793 1944 2827 Pars
1965 2794 2062 2828 disce·

1175 2845 1254 2879 dens
1266 2845 1299 2878 se
1317 2845 1438 2885 scind'ae
1455 2845 1497 2880 ab
1509 2845 1615 2887 aliqua
1628 2844 1800 2878 dumtaxat
1817 2843 1970 2888 singulari
2000 2844 2061 2879 Ec·

1174 2895 1269 2929 clesia
1281 2918 1293 2934 ,
1314 2893 1356 2929 ab
1366 2894 1480 2939 aliquo
1491 2894 1662 2929 dumtaxat
1675 2893 1840 2938 Episcopo
1852 2917 1863 2934 ,
1890 2893 2060 2938 Metropo-

1175 2944 1254 2985 lita,
1281 2943 1450 2987 Primate,
1472 2954 1528 2980 aut
1539 2942 1726 2983 Patriarcha
1741 2966 1750 2974 ·
1776 2944 1832 2979 Est
1845 2953 2059 2980 tamenexor-

1173 2993 1265 3029 dium
1288 2993 1478 3029 Schismatis
1493 3018 1505 3034 ,
1527 3006 1566 3029 ac
1593 2996 1779 3039 frequenter
1797 2994 1927 3039 proficit
1944 2995 1978 3028 in
1992 2995 2058 3038 ple-

1173 3056 1255 3079 num
1267 3044 1433 3081 Schisma.
1461 3043 1632 3089 insigniter
1643 3044 1707 3079 haec
1720 3045 1828 3080 lucent
1852 3046 1886 3079 in
1900 3043 2055 3080 scelerato

1172 3093 1318 3136 Photio,
1344 3095 1400 3139 qui
1425 3095 1561 3138 seipsum
1583 3094 1619 3128 in
1642 3094 2054 3138 Constantinopolitaan

1172 3146 1280 3182 Sanni
1307 3142 1499 3180 Patriarchae
1522 3143 1643 3190 lgnatii
1670 3142 1870 3180 Cathedram
1893 3145 2053 3180 violenter

1171 3197 1296 3231 intrusit
1315 3220 1327 3236 ,
1352 3207 1390 3230 ac
1413 3195 1498 3229 inter
1518 3194 1722 3230 Orientalem
1745 3196 1777 3231 dt
1800 3194 2053 3232 Occidentalem

1174 3246 1351 3281 Ecclesiam
1375 3245 1541 3279 suscitavit
1562 3243 1763 3281 horrendum
1788 3245 1870 3279 illud
1883 3244 2028 3279 Schisma
2041 3269 2053 3286 ,

1171 3297 1261 3341 quod
1270 3297 1393 3331 Divina
1404 3294 1529 3339 Justitia
1537 3294 1670 3330 tandem
1682 3295 1880 3335 vindica-vit,
1891 3307 1928 3329 ac
1937 3295 2054 3330 etiam-

1172 3358 1252 3382 num
1263 3347 1409 3382 vindicat
1431 3355 1486 3391 per
1499 3344 1679 3382 Turcicam
1692 3344 1915 3390 captivitatem
1927 3346 2052 3428 .sAna·

1893 3395 1937 3430 sta
1951 3404 2000 3429 ius

2089 2426 2147 2457 Tit.
2170 2438 2197 2464 4*
2218 2437 2244 2459 c.

2093 2477 2119 2497 ι.
2138 2478 2166 2503 4.
