2346 3724
168 1810 244 1850 Cap.
259 1819 288 1849 3.

391 181 492 226 322.
882 167 1215 214 Seno

318 249 434 288 nichaei
448 247 627 295 ingressum
651 247 794 296 Spiritus
804 251 938 287 Sanetus
951 251 1209 287 concionantem

316 300 547 348 Augustinum
567 301 717 336 distraxit
740 312 778 336 ac
788 301 928 337 deduxit
952 302 970 336 a
983 310 1143 345 concepta
1156 311 1210 344 per

318 352 475 398 praevium
497 351 641 386 studium
665 352 801 386 materia
815 375 826 391 ,
852 351 976 387 &fecit
999 364 1040 386 ex
1062 361 1209 394 tempore

317 411 434 439 contra
444 400 654 436 Manichaeos
667 401 852 436 declamare
864 425 871 433 .
900 400 977 436 Fuit
991 401 1074 437 adeo
1087 412 1209 436 extem-

317 452 442 498 poralis
453 451 632 488 Rhetorica
646 475 657 492 ,
683 460 720 485 ut
733 462 806 486 eam
831 452 898 495 ipse
915 450 1122 498 Augustinus
1142 452 1208 486 fue·

318 503 363 540 rit
383 503 419 538 in
445 501 616 545 semetipso
634 501 825 536 admiratus.
854 500 921 537 Rei
933 503 1048 537 seriem
1071 502 1209 545 exponit

317 551 471 588 laudatus
482 550 661 586 Poffidius.
691 551 894 595 Huiusmodi
905 563 1041 588 eventus
1054 573 1066 594 ,
1077 564 1114 585 ac
1128 552 1207 595 ipso

316 612 392 639 tum
412 602 532 637 studius
556 601 682 636 videtur
705 602 915 647 Augustinus
935 603 1148 637 confideraffe
1163 601 1209 636 al-

317 653 406 693 tius,
430 660 527 697 atque
549 652 595 686 ita
608 651 802 688 Africanam
828 651 1002 696 Synodum
1023 652 1210 693 induxisse,

316 701 522 747 utideinceps
541 702 741 747 quicumque
761 701 904 739 haeretici
919 725 931 744 ,
956 700 1026 737 imo
1039 703 1139 737 etiam
1154 703 1206 747 Ju-

314 752 489 796 daeiatque
510 752 652 797 pagani,
678 752 720 787 ad
732 753 914 788 conciones
937 751 1206 788 admitterentur.

314 802 363 841 Et
382 800 470 837 certe
490 800 549 836 ista
569 802 638 846 ejus
658 802 796 838 diversio
820 803 931 839 evenit
957 798 1017 838 sub
1031 803 1205 838 exordium

302 852 532 897 Episcopatus
544 877 555 893 ,
580 862 659 889 ante
673 853 909 898 Episcopatum
922 852 1059 888 Poffidii
1072 878 1084 895 ,
1109 853 1206 889 adeo-

312 912 379 948 que
400 902 524 938 &ante
547 902 716 938 laudatum
730 903 922 939 Canonem.
952 903 996 938 Et
1020 905 1123 949 ipsum
1137 915 1205 938 tan-

310 953 413 993 dem,
441 963 561 998 nempe
581 950 622 987 ad
648 954 730 989 sexti
752 954 995 989 saeculiannum
1012 954 1204 999 vigesimum

310 1002 445 1039 sextum
463 1027 474 1044 ,
501 1002 678 1048 probavit,
704 1002 876 1039 &admisit
910 1004 1203 1049 etiamHispania.

310 1052 448 1091 Etenim
462 1051 573 1089 statuit
597 1051 632 1087 in
645 1053 826 1089 Valentina
850 1052 1006 1098 synodo:
1036 1053 1203 1099 Episcopus

308 1105 427 1139 nullum
445 1102 606 1146 probibeat
627 1106 744 1150 ingredi
761 1104 943 1146 Ecclefiam,
968 1107 1120 1139 &audire
1140 1116 1206 1139 ver-

309 1151 383 1190 lum
395 1158 475 1195 Dei,
489 1151 558 1247 five
575 1157 742 1198 gentilem,
759 1154 825 1198 five
846 1154 1017 1188 haerettcum
1031 1179 1043 1196 ‚
1063 1155 1129 1197 five
1140 1157 1203 1199 Ju-

310 1206 415 1240 daeum
437 1229 448 1245 ‚
473 1215 493 1237 u
509 1202 564 1247 que
589 1206 636 1238 ad
660 1206 777 1246 Missam
803 1204 1089 1240 catechumenorum
1113 1231 1120 1238 .
1147 1205 1202 1240 Est

309 1251 481 1299 ipfiffimus
493 1254 614 1289 Canon
630 1254 895 1300 Carthaginensis
909 1278 916 1287 i
942 1255 1088 1291 Proinde
1102 1257 1203 1300 usque

306 1305 350 1341 ad
363 1305 419 1339 illa
441 1313 589 1347 tempora
609 1303 751 1348 Hispani
774 1305 995 1340 admittebant
1007 1306 1094 1340 solos
1107 1306 1202 1340 Cate-

306 1353 509 1389 chumenos.
538 1353 663 1388 Eorum
676 1353 777 1388 etiam
790 1354 948 1398 Episcopi
964 1356 1092 1389 nullum
1107 1379 1118 1395 ,
1145 1356 1201 1388 nisi

306 1400 365 1448 qui
392 1401 589 1446 Symbolum
613 1402 817 1445 profiteretur
838 1404 879 1438 ad
907 1413 1045 1447 portas,
1073 1405 1201 1448 permit·

304 1452 424 1491 tebant
437 1450 586 1496 ingredi.
613 1451 677 1487 Ista
692 1451 870 1489 liberalitas
894 1454 1025 1489 diverso
1043 1455 1200 1499 paulatim

305 1509 454 1548 tempore
467 1502 529 1537 fuit
547 1510 604 1547 per
618 1513 752 1538 omnem
775 1502 840 1538 fere
853 1502 1029 1540 Ecclesiam
1051 1515 1202 1549 compro-

306 1554 384 1590 bata
398 1578 406 1587 .
433 1549 591 1589 Eruditus
615 1565 654 1587 ac
668 1554 822 1596 antiquus
833 1554 1001 1598 Scriptor‚
1026 1566 1123 1598 quem
1137 1556 1201 1599 pas-

303 1606 364 1651 sim
387 1603 530 1639 dicimus
551 1605 705 1639 Sanstum
721 1603 925 1647 Dionysium
940 1605 1179 1650 Areopagitam
1191 1629 1202 1646 ‚

303 1655 339 1690 in
355 1657 410 1690 sua
425 1653 649 1690 Ecclesiastica
663 1652 859 1688 Hierarchia
870 1679 881 1695 ,
908 1666 978 1690 non
1001 1657 1090 1689 solos
1103 1656 1203 1690 Ener-

303 1716 469 1752 gumenos
481 1715 520 1739 ac
533 1704 742 1740 Poenitentes
753 1729 764 1745 ‚
790 1704 845 1738 sed
858 1705 959 1739 etiam
984 1704 1202 1740 Catechume-

303 1767 366 1790 nos
389 1755 537 1790 admittit
558 1755 601 1790 ad
625 1754 786 1789 Divinam
809 1754 1035 1789 Psalmodiam
1053 1754 1201 1790 aclibro-

304 1817 378 1840 rum
406 1804 610 1839 Divinorum
633 1804 840 1837 auditionem
853 1829 861 1837 .
890 1805 948 1837 Est
965 1805 1099 1839 firmum
1111 1816 1203 1850 argu·

303 1862 479 1894 mentum,
505 1852 596 1899 quod
618 1862 736 1895 quarto
761 1852 876 1886 saeculo
902 1854 1062 1897 scripserit
1090 1879 1102 1896 ‚
1129 1856 1199 1899 post

303 1906 415 1942 datam
430 1903 580 1937 Ecclesiae
590 1904 608 1936 a
623 1902 850 1935 Constantino
863 1911 977 1945 pacem
989 1929 996 1936 .

354 1955 449 1989 Dum
471 1952 613 1997 gentiles
632 1948 742 1985 adhuc
758 1948 906 1984 Romani
920 1950 1091 1995 Principes
1115 1952 1199 1987 odis·

303 2006 377 2042 sent
398 2015 437 2039 ac
450 2003 721 2045 persequerentur
743 2000 946 2041 Ecclesiam,
973 2001 1081 2043 quivis
1092 2000 1201 2046 Paga·

302 2066 366 2090 nus
394 2079 405 2095 ‚
434 2053 617 2088 Haereticus
638 2074 649 2093 ‚
677 2047 803 2095 Judaeus
827 2060 895 2085 erat
919 2050 1030 2086 noster
1052 2051 1201 2094 proditor

303 2106 339 2142 ὅ(
361 2102 608 2141 Frumentarius
629 2126 642 2143 ‚
668 2101 810 2146 ideoque
834 2101 907 2145 ipsis
936 2112 998 2136 nec
1023 2100 1119 2135 istam
1140 2102 1202 2135 suae

302 2158 476 2200 synaxeos
491 2161 614 2197 partem
627 2162 709 2188 tunc
725 2151 871 2186 Ecclesia
893 2150 1048 2186 credebat
1058 2177 1066 2184 .
1095 2151 1201 2186 Dolo-

303 2208 359 2243 sos
379 2207 461 2241 item
484 2203 622 2239 &fistos
645 2201 914 2241 Catmhumenos
936 2201 1137 2246 quandoque
1147 2213 1202 2235 ex-

302 2267 396 2303 perta
420 2255 507 2294 fuit,
533 2254 676 2297 ideoque
698 2250 832 2287 &illos
855 2251 1054 2288 excludebat
1077 2275 1085 2285 .
1113 2252 1201 2286 Data

303 2318 360 2353 per
384 2300 645 2341 Constantinum
668 2313 733 2347 pax
758 2313 796 2337 ac
816 2300 913 2347 plena
936 2301 1068 2337 libertas
1090 2302 1201 2336 nullos

300 2358 460 2401 deinceps
471 2353 584 2390 timuit
595 2353 778 2398 delatores,
805 2350 949 2396 ideoque
961 2353 1112 2396 quosvis,
1140 2352 1200 2394 pri·

299 2407 399 2444 'mum
420 2404 690 2442 Catechumenos
708 2425 718 2441 ‚
745 2402 924 2446 postmodo
947 2403 1046 2437 etiam
1071 2399 1198 2444 Judaeos

305 2470 346 2495 ac
357 2456 535 2495 Gentiles,
561 2452 696 2489 Christo
707 2452 862 2489 Domino
885 2452 1005 2486 lucrati
1031 2451 1200 2494 satagens,

304 2507 350 2544 ad
370 2503 547 2551 Evangelii
571 2502 699 2540 cantati
720 2502 906 2547 &expositi
928 2501 1133 2536 audientiam
1148 2499 1199 2534 ad-

307 2558 411 2593 misit.
437 2556 543 2590 Tunc
565 2552 600 2589 in
624 2550 863 2598 Episcoporum
884 2549 1110 2592 sermonibus,
1138 2559 1199 2584 an·-

301 2616 364 2646 ktea
387 2604 538 2640 inaudita
557 2627 570 2645 ‚
595 2603 635 2638 ad
662 2603 782 2646 quaevis
808 2603 887 2637 fidei
912 2603 1026 2636 nossrae
1049 2595 1201 2645 mysteria

309 2656 420 2692 audiri
431 2654 532 2699 coepit
553 2652 621 2687 haec
640 2651 849 2686 famofiffima
873 2662 958 2685 vox:
986 2657 1110 2686 Norunt
1130 2651 1201 2697 fide-

310 2704 378 2742 les.
407 2705 519 2739 Antea
527 2703 619 2738 enim
632 2701 803 2745 Episcopis
815 2695 1029 2736 uastantibus
1049 2702 1110 2736 soli
1128 2699 1201 2735 fide-

314 2757 364 2792 les
389 2752 526 2790 aderant
548 2776 560 2793 ,
585 2751 729 2795 ideoque
755 2750 815 2785 ista
842 2750 1030 2786 nostrorum
1057 2751 1202 2786 Arcano·

309 2818 384 2844 rum
397 2803 533 2840 custode
556 2800 701 2837 formula
720 2808 790 2836 non
806 2810 875 2836 erat
894 2811 995 2845 opus.
1021 2799 1199 2836 Marcioni-

309 2867 362 2893 tas
373 2857 475 2903 igitur
487 2877 499 2895 ,
526 2851 619 2898 quod
647 2853 689 2887 ad
711 2853 784 2886 suas
797 2851 977 2886 conciones
996 2853 1097 2887 eriam
1107 2849 1202 2886 Cate-

310 2907 521 2944 rhamnos,
546 2902 617 2938 imo
637 2903 671 2937 ὅ(
691 2902 830 2949 gentiles
852 2901 1083 2944 admitterent,
1110 2901 1201 2937 meri-

313 2958 353 2994 to
364 2955 541 3000 Septimius
564 2955 712 2989 accusat.

363 3004 471 3043 Porro
494 3004 571 3039 licet
590 3002 667 3039 data
690 3013 744 3049 per
756 2998 1017 3038 Constantinum
1030 3014 1093 3047 pax
1107 3000 1202 3038 Cate-

298 3057 499 3095 *chumenos
509 3054 550 3089 ad
562 3055 731 3098 publicum
747 3054 782 3088 in
797 3054 938 3088 Ecclesia
954 3054 1087 3088 verbum
1100 3052 1200 3089 admi-

312 3110 408 3150 serit,
435 3116 505 3142 non
529 3115 641 3140 tamen
662 3104 791 3140 admisit
807 3103 848 3138 ad
859 3103 1039 3139 fimulcum
1050 3102 1200 3139 fidelibus

311 3157 517 3195 audiendum
534 3178 543 3188 .
574 3156 679 3191 Lucet
700 3166 744 3189 ex
766 3155 907 3189 secunda
928 3152 1035 3189 Sansti
1061 3155 1198 3198 Ioannis

310 3205 546 3253 Chrysosiomi
556 3205 650 3250 super
661 3200 836 3240 secundam
850 3205 891 3240 ad
904 3202 1103 3240 Corinthios
1129 3203 1195 3246 epi·

312 3260 432 3295 stolam
456 3255 618 3297 homilia,
645 3255 703 3290 ubi
724 3255 808 3290 dicit
829 3255 872 3289 de
896 3252 1199 3299 perfectiori-etiam

304 3307 641 3344 „catechumenorum
661 3307 758 3341 clafle
777 3317 785 3338 z
801 3308 920 3340 >Extra
940 3304 1083 3345 vestibula
1106 3307 1199 3348 Regia

306 3353 417 3400 stant,
443 3359 581 3402 longeque
602 3359 623 3392 ὰ
636 3351 735 3402 sacris
758 3356 920 3392 cancellis.
949 3355 993 3391 Et
1004 3353 1144 3391 homilia
1157 3353 1198 3390 de

1282 178 1649 212 tlon?

1273 250 1345 284 filio
1357 249 1496 296 prodigo
1508 248 1637 285 inducit
1647 246 1735 284 hunc
1757 251 1799 285 sic
1820 249 2010 296 loquentem
2034 251 2074 288 ad
2093 252 2152 288 Pa·

1274 312 1356 336 trem
1380 315 1391 336 .-
1417 303 1486 335 .sine
1505 312 1551 334 me
1572 310 1639 334 cum
1663 300 1887 335 Catechumenn
1911 307 1995 335 intra
2019 302 2151 344 Ecclefiae

1265 350 1351 392 fores
1364 350 1504 394 confistere
1515 375 1526 392 ,
1552 359 1586 385 ut
1595 351 1802 392 contemplans
1820 362 1886 393 quae
1897 358 1928 384 in
1950 364 1984 386 ea
1991 353 2151 396 perficiun-

1272 411 1321 434 tur
1330 401 1481 442 mysteria,
1506 397 1717 444 eorumsenfim
1730 399 1830 433 rursus
1841 400 1991 445 pa‘rticeps
2009 403 2151 445 fiericon·

1271 450 1418 495 cupiscam
1430 476 1438 486 .
1465 450 1528 486 Per
1539 450 1690 495 mysteria
1704 450 1811 494 palam
1824 451 1978 497 intelligit
2003 465 2070 487 non
2085 453 2152 487 Eu-

1271 498 1430 537 charistiae
1451 501 1706 538 celebrationem
1721 525 1732 541 ‚
1761 500 1815 535 sed
1837 511 1951 537 manus
1971 503 2151 547 impositio-

1259 576 1261 578 *
1273 561 1329 586 nes
1345 550 1379 585 δε
1389 551 1555 587 orationes
1566 551 1669 587 varias
1680 575 1691 592 ‚
1719 552 1810 595 super
1822 552 1902 586 certi
1921 553 2039 598 gradus
2050 553 2150 593 Cat&-

1271 600 1452 637 chumenos
1463 602 1534 648 post
1545 603 1714 647 publicum
1727 602 1910 636 Sacerdotis
1933 603 2064 638 verbum
2079 603 2148 638 fieri

1271 652 1468 687 consuetas.
1496 653 1540 687 Et
1567 654 1602 687 in
1630 652 1761 687 laudata
1793 654 1885 696 super
1911 654 2150 697 Apostolorum

1273 701 1374 736 Asius
1383 701 1521 738 homilia
1532 702 1614 737 dicit
1625 702 1666 736 ad
1679 702 1848 736 Gentilem
1862 714 1869 734 :
1894 702 1997 742 Qod
2010 704 2029 737 fi
2041 703 2149 739 adhue

1270 752 1411 798 ambigis
1432 777 1444 794 ,
1469 765 1549 788 num
1574 751 1726 787 Christus
1745 754 1782 787 sit
1805 754 1899 787 Deus
1914 777 1925 794 ,
1951 755 2033 786 Scato
2045 753 2149 796 foris,

1269 811 1305 836 ne
1318 806 1448 836 Divinos
1467 802 1617 847 sermones
1639 804 1750 836 audias
1767 827 1779 844 ,
1805 814 1880 837 neve
1901 811 1931 836 te
1954 802 2050 846 ipsum
2071 809 2149 837 inm·

1270 852 1504 887 catechumenos
1530 859 1738 887 numeraveris
1761 878 1769 886 .
1798 852 1879 886 Non
1906 852 1990 887 inter
2015 852 2149 894 fideles,

1268 903 1320 937 sed
1333 904 1417 938 inter
1428 904 1715 938 Catechumenos·
1740 904 1844 951 Qod
1869 914 1986 946 nempe
2011 901 2150 936 hihabe-

1269 964 1338 989 rent
1354 952 1794 999 locumlongeinferiorem.
1826 954 1867 987 Et
1881 954 1914 987 in
1938 953 2074 987 homilia
2088 953 2149 987 ad-

1269 1004 1394 1038 versum
1407 1016 1463 1038 eos
1474 1004 1529 1048 qui
1542 1003 1666 1038 Pascha
1685 1003 1835 1047 jeiunant
1847 1017 1858 1038 .-
1870 1003 1946 1044 .siste
1961 1002 2148 1037 Catecbume·

1268 1066 1324 1086 nus
1345 1060 1373 1087 is
1388 1078 1398 1094 ,
1425 1060 1476 1097 qui
1494 1060 1638 1098 gravium
1657 1062 1844 1096 peccatorum
1858 1054 1956 1087 morbo
1966 1053 2100 1094 laborat,
2127 1054 2149 1086 B

1267 1103 1404 1142 vestibulo
1414 1105 1515 1146 templi
1525 1113 1661 1139 arceatur
1673 1116 1687 1146 ;
1706 1103 1754 1144 fin
1786 1103 1885 1146 fidens
1895 1103 2036 1143 mysteriis
2046 1108 2150 1140 initia-

1266 1164 1338 1194 tus,
1363 1156 1383 1187 ἃ
1392 1152 1481 1197 sacra
1503 1152 1605 1197 mensa
1628 1155 1789 1195 repellatur
1803 1178 1811 1185 .
1837 1153 2077 1188 Catechumeni
2092 1152 2150 1196 igi-

1268 1215 1319 1237 tur
1329 1215 1422 1238 erant
1448 1203 1531 1238 intra
1545 1204 1723 1237 Ecclefiam
1737 1225 1748 1243 ,
1773 1203 1890 1236 verum
1909 1204 1944 1236 in
1967 1202 2149 1242 vestibulo,

1266 1254 1356 1296 quod
1383 1252 1483 1288 hodie
1502 1254 1520 1288 a
1543 1254 1664 1287 Graecis
1687 1262 1824 1286 vocatur
1845 1252 1963 1286 Ferula
1983 1251 2037 1286 seu
2060 1252 2150 1286 Nar-

1267 1301 1371 1337 thex:
1397 1303 1525 1337 Fideles
1550 1303 1583 1336 in
1596 1303 1703 1337 media
1727 1313 1827 1336 nave.
1855 1301 1930 1335 istic
1951 1300 2148 1335 audiebant.

1316 1354 1398 1387 Haec
1411 1353 1525 1387 omnia
1549 1353 1787 1387 confirmantur
1808 1363 1849 1386 ex
1874 1351 1969 1386 variis
1985 1351 2071 1395 apud
2095 1363 2150 1386 an-

1267 1403 1372 1446 tiquas
1408 1403 1566 1437 Ecclesias
1583 1401 1852 1439 Catechumeniis
1876 1426 1888 1442 ,
1924 1403 1979 1436 seu
2007 1401 2149 1436 Audito·

1267 1454 1339 1487 riis.
1369 1453 1492 1488 Ostava
1513 1453 1667 1497 Synodus
1690 1452 1722 1485 in
1744 1463 1864 1497 magna
1889 1453 2006 1487 Sanctae
2019 1450 2149 1495 Sophiae'

1266 1503 1640 1547 Constantinopolitana
1663 1499 1804 1538 Ecclesia
1826 1503 1965 1537 affirmat
1985 1501 2025 1536 ad
2037 1499 2149 1536 dexte-

1265 1564 1332 1588 ram
1357 1565 1479 1597 partem
1502 1554 1596 1588 fuisse
1612 1551 1870 1589 Catechumenia
1884 1577 1895 1593 ,
1920 1553 1953 1588 ἀ
1965 1549 2064 1596 prope
2080 1550 2149 1593 ipfi

1267 1602 1447 1648 Episcopos
1472 1605 1650 1639 consedisse
1671 1630 1678 1638 .
1707 1606 1832 1640 Eadem
1859 1603 1970 1637 laudat
1991 1601 2150 1645 antiquus

1263 1654 1305 1689 de
1314 1653 1458 1696 ejusdem
1482 1665 1537 1697 per
1550 1655 1771 1698 Justinianum
1792 1656 2024 1698 Imperatorem
2040 1652 2148 1686 erecta

1266 1702 1413 1738 Ecciefiae
1422 1704 1542 1739 fabrica
1555 1704 1689 1741 Author
1703 1721 1714 1741 .·
1740 1711 1818 1740 Cum
1831 1702 1947 1747 opifices
1964 1698 2148 1745 adsecundae
2163 1716 2238 1756 cap,
2248 1724 2297 1746 η.

1262 1753 1350 1797 usque
1373 1754 1606 1789 catechumenia
1623 1757 1768 1798 perduao
1793 1764 1877 1799 opere
1898 1777 1910 1794 ,
1941 1750 2147 1796 superlfflbue

1262 1807 1405 1838 columnis
1416 1830 1427 1845 ,
1452 1817 1490 1839 ac
1501 1804 1671 1846 fornicibus
1683 1808 1787 1841 crealis
1799 1832 1809 1847 ,
1836 1800 2149 1845 circumpofitaefaebri·

1262 1866 1305 1888 cae
1320 1854 1398 1886 teda
1409 1853 1604 1896 imposuiffent
1615 1880 1623 1887 .
1649 1856 1835 1901 Qomodo
1858 1852 1931 1898 quis
1950 1851 1970 1886 ὲ
1986 1851 2150 1886 ventilan-

1263 1902 1353 1937 tibus
1369 1927 1380 1942 ‚
1409 1902 1441 1936 id
1455 1902 1501 1936 est
1515 1926 1525 1942 ,
1551 1901 1591 1936 ad
1605 1904 1774 1939 Miffarum
1791 1903 1949 1939 solemnia
1963 1901 2147 1936 ministran-

1262 1953 1350 1986 tibus
1360 1952 1527 1985 Diaconis
1548 1953 1685 1987 oculum
1711 1954 1819 1988 fixerit
1831 1955 1864 1988 in
1879 1951 2052 1988 foeminam
2065 1975 2076 1991 ,
2101 1961 2148 1985 re-

1262 2002 1325 2034 fert
1337 2001 1372 2032 in
1385 1998 1492 2033 Sancti
1505 1999 1613 2032 Basilii
1637 2002 1706 2035 vita
1719 2003 1852 2036 Sanctus
1865 1998 2123 2043 Amphilochius
2135 2022 2147 2040 ,
2165 2026 2236 2064 αἱ).
2249 2035 2281 2063 5·

1261 2050 1295 2084 ἀ
1319 2048 1470 2093 adjungit
1493 2061 1501 2080 :
1529 2047 1664 2091 Basilius
1682 2056 1830 2094 praecepie
1847 2049 1992 2094 suspendi
2010 2050 2080 2082 vela
2103 2050 2150 2082 ad

1262 2098 1497 2133 Catecbumenia
1509 2124 1520 2140 ‚
1546 2102 1707 2144 injungens
1719 2101 1892 2136 mulieribus
1907 2124 1918 2140 ‚
1943 2108 1978 2132 ut
1993 2097 2025 2140 fi
2028 2109 2090 2141 qua
2099 2098 2151 2133 de-

1258 2148 1396 2192 prebens
1390 2162 1409 2181 a
1422 2149 1485 2191 effer
1499 2173 1510 2189 ,
1536 2151 1681 2191 quamdiu
1693 2153 1714 2184 5
1714 2162 1785 2185 acra
1793 2158 2012 2196 peragerentur
2022 2172 2034 2189 ,
2059 2158 2150 2192 extre

1262 2201 1333 2234 vela
1345 2197 1490 2242 despicere
1501 2223 1511 2238 ‚
1539 2201 1577 2233 de
1590 2199 1717 2243 Ecclefia
1724 2203 1886 2244 pelleretur
1901 2226 1911 2242 ,
1936 2201 2067 2234 &extra
2076 2209 2151 2232 corn·

1262 2251 1428 2284 munionem
1448 2248 1533 2290 fieret
1557 2273 1566 2282 .
1592 2251 1688 2298 Qid
1709 2252 1815 2286 simile
1836 2252 1972 2287 refertur
1990 2250 2090 2283 etiam
2111 2247 2149 2283 in

1263 2301 1331 2335 vita
1346 2298 1455 2335 Sancti
1469 2298 1606 2343 Joannis
1620 2299 1869 2345 Chrysostomi.
1897 2299 2001 2335 Porrd
2014 2298 2151 2333 Anasta·
2208 2302 2210 2305 ’

1262 2350 1323 2384 fius
1335 2349 1565 2384 Romanorum
1580 2348 1858 2388 Bibliothecarius
1881 2353 2000 2386 ostavae
2010 2347 2151 2393 synode

1264 2399 1356 2433 dedit
1369 2398 1434 2432 hoc
1449 2399 1629 2443 marginale
1655 2401 1834 2437 Scholion:
1863 2399 2094 2435 catechumenia
2104 2399 2149 2432 dt·

1264 2457 1370 2482 cuntur·
1394 2448 1457 2481 loca
1477 2470 1488 2490 ,
1518 2454 1551 2482 in
1574 2450 1681 2493 quibus
1704 2449 1914 2486 Catecbumeni
1940 2450 2144 2488 instruuntur.

1267 2500 1310 2534 Et
1321 2499 1355 2533 in
1367 2498 1453 2532 libro
1469 2498 1510 2532 de
1524 2499 1741 2536 sacramentis
1752 2503 1884 2537 Simeon
1898 2499 2151 2543 Archi-Episco·
2202 2520 2205 2523 »

1265 2559 1324 2593 pus
1349 2544 1645 2585 Theffalonicensis
1671 2550 1800 2586 scribit:
1829 2549 1998 2586 Nartbeces
2011 2552 2150 2584 dicuntur

1264 2599 1438 2641 templorum
1458 2604 1633 2642 principia,
1661 2603 1696 2636 er
1718 2601 1972 2640 Catecbumenia,
1997 2598 2149 2632 Catecbu-

1264 2659 1415 2684 menorum
1436 2651 1541 2692 nempe
1562 2650 1709 2685 domicilia
1721 2677 1731 2692 ‚
1756 2664 1823 2695 qua
1848 2652 2048 2694 &propterea
2061 2660 2149 2687 exco—

1259 2706 1361 2744 gitata
1381 2694 1476 2743 sunt,
1502 2708 1537 2732 ut
1559 2701 1772 2741 &hiandum
1800 2700 1926 2745 visuque
1944 2699 2005 2744 solo
2025 2703 2151 2737 Divino·

1265 2762 1330 2783 rum
1335 2755 1498 2792 participes
1508 2749 1612 2792 fierent
1629 2777 1640 2792 ‚
1667 2752 1702 2786 ό·
1714 2752 1805 2786 labus
1816 2752 1978 2796 linguaque
1982 2750 2074 2792 fidem
2079 2757 2151 2792 pro·

1261 2803 1416 2844 fiterentur
1431 2821 1441 2840 ,
1468 2798 1688 2844 devotionisque
1705 2801 1802 2836 verba
1816 2803 2040 2836 modularentur
2054 2824 2066 2840 ‚
2091 2807 2149 2836 mn

1263 2859 1365 2884 tamen
1377 2855 1589 2884 communicant
1594 2852 1745 2893 precibus,
1754 2849 1813 2894 sed
1821 2852 1859 2886 ab
1870 2857 1913 2886 eis
1926 2859 2058 2887 extorres
2064 2847 2148 2893 sune.

1264 2903 1367 2944 utpote
1379 2898 1417 2932 ab
1429 2907 1473 2933 eis
1483 2899 1589 2944 semoti
1603 2925 1610 2934 .
1636 2901 1902 2939 Catechumenia
1915 2901 2067 2937 videntur
2077 2896 2150 2935 fuis·

1266 2953 1297 2987 se
1317 2952 1384 2995 ipse
1396 2948 1547 2986 Narthex
1558 2974 1566 2983 .
1881 2945 1886 2955 ¹
2093 2991 2095 2993 ι

1315 3002 1387 3036 Res
1383 3001 1515 3044 pondeo
1527 2999 1787 3037 Catechumenia
1797 3026 1808 3043 ‚
1823 3003 1876 3036 seu
1888 3000 2063 3036 Auditoria
2073 2995 2147 3032 fuis-

1265 3053 1295 3086 se
1308 3051 1453 3095 duplicia
1466 3064 1478 3085 .-
1506 3051 1583 3085 Alia
1606 3051 1755 3087 fidelium
1771 3077 1782 3094 ‚
1806 3053 1870 3087 alia
1888 3049 2146 3086 Catechumeno-

1265 3111 1358 3136 rum.
1389 3099 1524 3136 Etenim
1537 3101 1679 3136 foeminae
1693 3127 1704 3143 ‚
1730 3114 1809 3147 quas
1829 3114 1904 3137 cum
1917 3100 2023 3136 Sancti
2039 3096 2146 3131 Basilii

1266 3150 1430 3187 Diaconis
1454 3151 1554 3186 oculo
1582 3152 1685 3185 lufiffe
1705 3152 1724 3187 ὲ
1745 3150 2012 3187 Catechumeniis
2038 3147 2146 3182 scribit

1264 3203 1398 3238 Sanctus
1421 3200 1680 3246 Amphilochius
1702 3228 1713 3244 ‚
1739 3211 1831 3237 erant
1851 3197 1992 3236 omnino
2015 3196 2144 3231 fideles·

1265 3250 1358 3288 Hinc
1380 3253 1428 3287 eis
1451 3253 1699 3287 communionis
1721 3251 1938 3296 prIvationem
1961 3245 2146 3281 minabatur

1265 3303 1418 3338 Basilius.
1447 3302 1491 3336 Et
1517 3302 1690 3345 quomodo
1718 3300 1912 3335 ventilantes
1936 3296 2082 3331 Diaconi
2103 3308 2146 3330 ex

1263 3353 1357 3389 altari
1368 3364 1446 3389 cum
1458 3352 1674 3389 existentibus
1698 3351 1732 3385 in
1745 3349 1860 3386 Ferula
1880 3345 2069 3433 mulieri-laus
2091 3357 2146 3398 pq

1964 3407 2013 3432 tut
2060 3406 2097 3432 nt
