2346 3724
699 120 1116 164 CA·1³'1·r

215 208 323 243 nostra
341 217 383 240 ex
403 200 557 239 ambabus
580 204 664 237 mala
677 204 801 238 edixit:
830 202 940 237 Edicit
959 202 1091 235 nune&

215 258 319 293 nostra
339 266 379 288 ex
390 253 547 288 ambabus
564 254 739 288 commoda
752 279 759 287 .
787 251 971 300 Qomodo
982 261 1091 284 autem

215 308 296 351 ipsas
316 304 378 339 effe
401 313 552 347 oporteat
567 327 579 343 ,
602 304 738 347 exponit
760 305 794 337 in
807 304 913 346 primae
924 302 964 335 ad
976 301 1093 335 Corin-

214 357 301 391 thios
336 354 476 398 epistolae
500 356 738 388 commentario
773 354 909 386 Hilarus
933 351 1093 385 Romanae

214 405 366 440 Ecclefiae
386 405 557 438 Diaconus
581 416 588 435 :
626 404 770 446 Apostolus
800 402 920 445 fluendo
943 403 1093 434 nonnullor

213 465 310 490 mento
329 463 478 495 corruptos
502 453 635 497 versutia
661 454 800 493 Diaboli,
826 454 899 485 dicit
919 464 926 484 :
953 453 1094 494 Oportet

213 506 341 540 haereses
363 507 441 538 effe.
471 509 542 537 Non
566 507 669 546 utique
681 506 794 542 voluit,
821 515 872 536 nec
884 508 1004 544 optavit
1017 526 1027 541 ‚
1039 502 1096 545 sed

213 563 285 599 quta
304 554 373 598 sunt
385 579 396 594 ,
416 554 556 596 futurum
563 557 729 595 praedtxit.
757 556 834 586 ficut
846 555 879 587 eb·
892 557 1039 585 Dominus
1050 558 1095 584 in-

212 612 278 648 quit
292 606 468 648 :.Oportet
490 605 601 638 venire
626 603 772 637 scandala
791 627 799 635 .
827 603 869 637 Et
892 614 1022 646 oportet
1042 602 1094 636 Fi-

212 656 295 690 lium
317 653 464 689 hominis
485 654 575 697 pati.
616 652 783 696 Praesctus,
812 659 883 695 quia
897 654 1010 698 Judas
1028 660 1097 694 pro··

212 708 294 739 ditor
316 715 383 739 erat
386 704 514 747 futurus
527 729 534 736 .
564 705 707 738 Proinde
720 703 817 748 quam
829 705 972 738 maxime
984 704 1095 736 locum

212 756 269 790 hie
290 754 389 789 habet
411 755 519 789 Sansti
543 755 724 799 Augustini
745 754 856 798 regula
879 768 889 787 .·
916 754 1029 786 Maluit
1048 753 1094 784 bo-

212 818 271 839 nus
293 808 373 838 Deur
395 807 431 838 de
449 807 536 838 malis
552 806 624 839 beai
637 804 763 845 facere,
789 807 881 845 quam
906 806 988 836 mala
1012 804 1093 835 nulla

212 856 264 898 esse
277 862 453 897 permittere
465 880 472 886 .

266 906 310 939 Et
328 905 436 947 primo
452 905 539 946 quod
554 903 740 937 Gentilium
764 904 1003 946 persecutiones
1014 902 1097 935 mul·

212 955 284 988 tum
307 954 485 997 profuerint
507 953 679 993 Ecclefiis,
706 953 750 987 est
764 954 914 987 constans
924 963 993 996 pars
1004 951 1095 986 Chri»

212 1004 309 1038 stiani
332 1004 530 1048 Dogmatis.
557 1004 703 1037 Primum
717 1005 854 1045 ipsarum
871 1004 1010 1036 frustum
1030 1002 1098 1035 edi·

212 1056 259 1089 cit
283 1054 338 1087 hic
360 1053 608 1087 Tertullianus.-
635 1058 674 1086 Ut
678 1053 850 1094 probabiles
870 1058 981 1095 quique.
999 1058 1097 1084 mani-

208 1103 412 1147 festarentur,
441 1110 492 1145 qur·
516 1109 548 1136 in
563 1102 812 1145 persecutionibus
829 1102 979 1141 steterint.
1011 1103 1096 1135 Eun-

212 1153 288 1188 dem
312 1154 449 1187 fructum
469 1154 577 1188 laudat
599 1156 631 1187 in
649 1153 733 1187 libro
752 1153 792 1186 de
818 1154 910 1199 Fuga
931 1154 965 1186 in
991 1154 1093 1195 perse-

213 1205 346 1240 catione
358 1217 369 1237 .·
397 1202 628 1246 Persecutionem
650 1205 779 1236 dixerim
802 1206 861 1236 Deo
878 1202 1073 1240 necessariam
1087 1226 1098 1242 ,

212 1257 258 1289 ad
274 1253 476 1297 probationem
498 1252 605 1296 scillcet
625 1252 783 1296 servorum
808 1256 873 1293 ejus
886 1277 897 1293 ‚
917 1253 982 1294 five
1002 1261 1096 1294 repro·

212 1306 375 1339 hattonem.
398 1306 480 1348 ,Quis
505 1304 543 1343 est
565 1309 642 1337 em'm
663 1310 763 1337 exitus
772 1302 984 1345 persecutionls
997 1327 1007 1342 ‚
1026 1308 1097 1345 quis

213 1354 334 1395 effec‘lus
355 1355 430 1386 altus
443 1377 453 1391 ,
477 1353 534 1394 nlfi
545 1353 682 1393 probatio
694 1355 728 1386 o·
741 1352 906 1392 reprobatio
917 1352 988 1392 fidet
1003 1376 1012 1388 ,
1038 1364 1099 1394 qua

210 1404 400 1448 suos'uttque
422 1406 565 1435 Dominus
590 1403 769 1436 examinat?
795 1404 852 1434 Hoc
862 1413 944 1434 omne
947 1403 1099 1442 judicium

212 1453 251 1492 ef}
257 1451 417 1494 persecutio
427 1475 437 1489 ,
461 1459 517 1492 per
529 1462 620 1491 quam
630 1456 699 1492 quis
710 1459 764 1482 aut
778 1451 925 1492 probatus
935 1462 988 1484 aut
1000 1460 1098 1496 repro-

213 1503 305 1535 batus
318 1502 494 1542 judicatur„
514 1502 584 1532 Haec
604 1501 680 1541 pala
701 1500 778 1538 illa,
806 1511 875 1540 quae
899 1511 977 1532 nunc
999 1503 1099 1532 Domi-

214 1557 311 1586 m'cam
330 1561 432 1583 aream
449 1558 563 1593 purgat
576 1573 587 1589 ‚
613 1548 770 1590 Ecclesiam
788 1548 900 1590 scilicet
912 1573 923 1589 ‚
948 1548 1098 1592 confusum

213 1611 356 1636 acervum
373 1601 507 1644 fidelium
521 1601 694 1633 eventilans
705 1624 716 1640 ,
733 1599 922 1640 frumentum
935 1602 1097 1638 Martyrum

214 1653 248 1686 θ
264 1651 373 1694 paleas
394 1655 578 1693 Negatorum
591 1675 598 1682 .
622 1653 691 1683 Haec
705 1656 784 1682 enlm
800 1648 891 1692 scalae
903 1674 914 1690 ,
940 1661 1017 1692 quas
1023 1648 1102 1693 som-

214 1707 282 1735 m‘at
295 1700 417 1746 Jacob,
447 1702 517 1733 altis
539 1697 714 1743 adscensum
728 1706 759 1731 tn
768 1698 940 1742 superiora,
966 1700 1039 1733 aliis
1051 1702 1103 1734 de-

79 1754 153 1790 Cap·
169 1761 193 1781 1·
208 1750 347 1797 scensum
366 1752 411 1784 ad
431 1750 576 1791 inferiora
594 1750 824 1790 demonstrantes
853 1775 860 1782 .
889 1751 931 1784 Et
955 1750 991 1783 in
1015 1750 1102 1784 libro

214 1802 392 1845 Scorpiaco
415 1799 523 1835 scribit
542 1800 632 1842 fidem
653 1809 710 1842 per
725 1799 937 1843 persecutiones
957 1798 1103 1841 «estuare,

214 1853 250 1887 ὑ*
270 1851 427 1893 Ecclefiam
447 1850 582 1885 exuri'de
599 1852 698 1894 figura
707 1849 790 1883 ruht.
817 1851 907 1896 Quia
925 1850 1043 1894 nempe
1055 1863 1104 1885 ru·

215 1903 278 1937 bus
298 1901 451 1939 ardebat,
479 1901 514 1934 &
538 1910 605 1934 non
629 1899 823 1934 exurebatur
841 1924 849 1933 .
884 1901 934 1934 Ita
960 1911 1016 1944 per
1038 1913 1103 1944 per,-

214 1954 422 1987 secutionum
444 1949 594 1984 flammas
618 1951 686 1984 sola
719 1950 866 1984 Ecclefiae
889 1951 979 1993 palea
999 1952 1104 1985 exuri·

212 2012 290 2043 tur,
316 2012 385 2036 non
405 2011 538 2035 aurum.
567 2000 756 2039 Persecutio
777 2001 857 2044 ergo
877 2001 923 2034 est
950 2002 1033 2035 scala
1056 2002 1104 2044 Ja-

214 2052 302 2091 cob,
331 2052 377 2085 est
399 2050 531 2085 Divinae
549 2050 753 2085 discretionis
763 2051 943 2092 judicium,
968 2050 1013 2085 est
1026 2062 1103 2086 areae

214 2101 434 2137 ventilabrum
450 2126 462 2141 ,
485 2102 531 2134 est
557 2101 723 2145 purgatrix
746 2100 894 2134 Ecclefiae
904 2103 1044 2143 fornax,
1060 2101 1103 2136 de

220 2163 286 2195 qua
307 2152 403 2195 poffit
425 2149 510 2185 dici:
541 2151 681 2191 Avolent,
702 2152 846 2193 quantum
857 2153 958 2185 volent
970 2175 981 2191 ‚
1003 2154 1101 2193 paleae

75 1178 150 1218 Cap.
169 1188 194 1208 1.

214 2203 293 2237 Ievis
312 2203 386 2245 fidet
400 2226 411 2243 ,
437 2211 470 2236 ut
490 2202 594 2243 purior
613 2201 703 2244 maffa
717 2200 869 2242 frumenti
878 2207 912 2234 in
924 2201 1030 2235 horrea
1042 2205 1115 2245 Βοὴ

216 2257 294 2286 mim·
314 2261 474 2295 reponatur
489 2277 495 2284 .

264 2302 453 2337 Secundum
476 2303 707 2345 persecutionis
727 2304 864 2338 frustum
877 2301 976 2339 edicit
992 2302 1027 2337 in
1041 2303 1114 2342 ser-3'

210 2363 315 2387 mone
338 2352 380 2387 de
403 2352 513 2394 Lapfis
537 2354 668 2385 sanetus
693 2354 881 2397 Cyprianus
901 2366 908 2385 :
947 2355 978 2385 st
1003 2354 1099 2386 cladrs

212 2399 300 2443 causa
309 2399 484 2444 cognoftt'tur
499 2423 510 2440 ‚
535 2402 570 2434 6*
579 2403 695 2434 medela
707 2403 1026 2444 vulneris'tnvenitur,
1040 2406 1113 2447 Do·>

211 2456 310 2484 minus
327 2448 451 2492 probari
463 2449 621 2491 familiam
637 2449 725 2494 suam
737 2454 850 2485 voluit.
879 2455 925 2485 Et
940 2454 1013 2494 qula
1033 2452 1111 2486 tra-J

210 2502 309 2534 ditam
326 2501 411 2534 nobis
433 2502 593 2534 Dtvlnltus
605 2501 795 2545 disciplinam
812 2511 879 2544 pax
897 2504 985 2546 longa
1003 2515 1112 2547 cortu-y

209 2559 300 2593 perat
311 2574 321 2590 ‚
342 2552 490 2592 jacentem
497 2550 591 2592 fidem
604 2575 614 2591 ,
634 2554 668 2586 (⁰5
675 2554 797 2594 penitus
808 2554 938 2586 dixerim
949 2555 1092 2588 dormien-

211 2609 271 2634 tem
283 2624 294 2640 ,
319 2599 438 2643 censura
449 2601 566 2641 coelestts
589 2606 704 2636 erexit.
732 2608 864 2644 Cumque
887 2615 939 2637 nos
960 2610 1092 2646 peccatis

211 2650 315 2690 nostris
327 2652 454 2692 amplius
470 2656 541 2692 pati
563 2663 740 2686 mereremur
753 2679 763 2694 ,
789 2655 1017 2694 clementnyfimus
1031 2659 1095 2687 Do·-

211 2706 312 2733 minus
331 2700 370 2742 fic
388 2707 488 2734 omma
499 2702 664 2735 moderatus
683 2704 744 2743 est,
767 2714 802 2736 ut
813 2704 865 2737 hot·
884 2715 968 2737 omne
980 2728 991 2744 ‚
1017 2706 1096 2747 quod

207 2749 318 2793 gestum
337 2749 396 2790 est,
422 2752 584 2792 exploratio
599 2753 700 2794 potius
712 2777 723 2793 ,
750 2755 842 2796 quam
860 2754 1023 2798 persecutio
1046 2760 1095 2788 v}-

210 2802 330 2833 deretur
339 2825 347 2833 .
364 2799 508 2835 Graflata
520 2812 596 2837 ante
606 2804 860 2845 persecutionem
873 2815 1002 2848 peccata
1014 2816 1092 2838 enu-

209 2858 336 2889 merat,
361 2859 458 2893 atque
481 2853 669 2887 concludit:
697 2855 861 2897 ,Quid-oron
878 2860 996 2896 perpeti
1016 2856 1092 2888 tales

206 2907 263 2941 pro
274 2905 405 2941 peccatis
424 2898 562 2942 ejusmodi
579 2913 753 2936 mereremur
775 2899 794 2936 i
814 2898 927 2938 Habes
955 2902 1010 2939 hic
1031 2915 1093 2939 tres

210 2949 442 2993 persecutionis
465 2950 609 2984 effeetus.
637 2953 766 2988 Primus
784 2954 852 2996 est,
878 2954 969 2998 quod
993 2955 1094 2999 perse·

211 2999 305 3034 cutio
326 2998 364 3033 srt
376 3000 500 3033 Divina
520 3000 704 3037 nostrorum
729 3014 940 3047 peccatorum
958 3005 1094 3050 castiga-

211 3050 261 3084 tio
283 3074 290 3081 .
329 3049 497 3083 Secundus
517 3051 562 3084 est
585 3074 597 3090 ‚
624 3054 720 3095 *quod
741 3055 786 3088 fit
800 3055 1033 3099 castigatorum
1051 3056 1092 3090 ad

211 3099 383 3134 meliorem
410 3101 537 3144 frugem
553 3100 691 3135 ereffio'.
714 3100 819 3151 Qdd
841 3105 881 3139 fit
901 3115 1032 3148 paterna
1044 3116 1094 3140 ca-

208 3149 346 3194 stigatio
357 3150 391 3183 &
402 3150 573 3193 disciplina
585 3174 592 3182 .
619 3150 756 3187 Tertius
773 3154 838 3195 est,
864 3156 954 3199 quod
971 3156 1011 3188 fit
1023 3165 1094 3199 pro-

207 3198 326 3234 ‘bandae
346 3200 493 3234 Ecclefiae
518 3201 700 3243 exploratio
721 3202 939 3248 potiusquam
952 3207 1093 3249 persecu-

211 3248 262 3282 tio
283 3274 290 3282 .
316 3248 378 3283 Per
398 3251 654 3293 persecutionem
676 3252 844 3289 Dominus
870 3255 962 3289 Deus
983 3256 1094 3300 explo-

213 3309 261 3334 rat
281 3309 378 3341 atque
398 3300 622 3342 demonstrat,
648 3302 783 3345 quinam
807 3304 869 3339 lint
889 3305 1026 3341 electum
1036 3318 1093 3342 au-

313 3347 418 3390 christ.
434 3353 512 3393 Lupi
524 3355 621 3395 Opera
633 3355 665 3386 T.
677 3354 735 3386 IX.

1165 127 1167 130 ’
1184 130 1201 162 1
1270 130 1289 160 S
1376 116 1416 160 *I
1452 118 1509 160 V·
1908 133 1936 178 7
1948 136 1967 176 3

1155 212 1226 235 rum
1238 225 1250 242 ,
1274 211 1312 233 ac
1321 209 1419 243 grave
1432 199 1633 232 frumentum
1650 199 1775 241 justitiae
1789 227 1800 243 ‚
1827 202 1961 246 quinam
1975 202 2038 236 fint

1157 252 1258 285 scoria
1276 261 1316 283 ac
1326 249 1413 291 palea
1425 247 1653 292 Negatorurn.
1681 250 1783 284 Hunc
1803 254 1947 287 effectum
1971 263 2039 285 am-

1156 301 1208 344 ple
1228 299 1348 343 exponi
1373 299 1438 342 jam
1458 299 1643 332 audivimus
1663 298 1681 331 a
1700 299 1932 335 Tertulliano.
1961 303 2042 336 San-

1156 353 1208 385 &o
1234 350 1405 393 Cypriano
1427 350 1587 384 consonat
1609 349 1643 382 in
1658 349 1879 383 Ecclefiastica
1906 351 2040 385 historia

1158 400 1316 434 Eusebius
1338 399 1569 440 Caesaraeensis,
1598 398 1982 443 scribens-persecutiones
1996 404 2040 434 es-

1158 452 1189 484 se
1215 449 1462 494 castigationem
1488 473 1499 489 ,
1535 450 1741 492 disciplinam
1767 473 1778 489 ,
1815 460 1852 481 ac
1881 449 2043 491 probatio-

1159 511 1232 535 nem
1246 525 1256 540 ,
1281 500 1400 543 quibus
1423 500 1550 533 Divina
1575 499 1786 533 Providentia
1809 499 1872 532 suis
1893 499 2044 540 tempori·
2060 503 2118 533 Lib.
2139 515 2168 539 7.

1159 550 1414 592 busEcclefiam
1451 550 1575 593 judicat
1602 549 1813 583 exercendam
1851 559 1949 591 atque
1973 559 2045 590 pur·
2059 551 2174 582 cap-24·

1158 601 1300 645 gandam
1314 626 1321 632 .
1349 599 1493 633 Felicem
1506 611 1543 633 ac
1561 600 1716 634 floridum
1727 624 1738 639 ‚
1764 610 1861 642 quem
1876 610 1950 632 ante
1962 598 2046 632 Dio-

1158 652 1290 685 cletiani
1313 650 1488 693 Imperium
1505 649 1642 683 Ecclesia
1663 648 1778 683 habuit
1793 673 1803 689 ,
1830 650 1930 692 plenae
1951 648 2046 682 liber·
2063 661 2194 690 L.8.c.1·

1159 702 1236 735 tatis
1257 701 1374 735 statum
1395 697 1548 734 describit
1576 699 1711 733 inferius
1732 724 1744 740 ,
1776 709 1944 732 enumerat
1967 710 2044 733 nata

1160 751 1280 785 exinde
1301 753 1334 784 dc
1359 761 1414 793 per
1438 750 1597 784 Ecclefias
1616 751 1751 793 grassata
1778 760 1908 792 peccata
1922 774 1932 789 ‚
1958 749 2047 782 &af-

1161 801 1266 834 firmat
1289 802 1328 835 ad
1353 801 1418 843 ipsa
1438 800 1852 844 punienda&corrigenda
1878 801 1969 833 fuiffe
1990 799 2047 832 im-

1161 851 1288 884 miffam
1326 849 1521 884 horrendam
1545 850 1640 884 istam
1666 850 1920 893 persecutionem
1943 874 1951 881 .

1162 901 1383 935 ventilandam
1407 901 1600 941 Ecclesiam,
1627 902 1661 934 ὅ(
1674 901 1875 944 purgandam
1889 927 1896 934 .

1212 951 1368 985 Tertium
1405 952 1637 993 persecutionis
1662 952 1810 985 effectum
1832 952 1934 986 edicit
1958 950 2049 983 Ter-

1163 1002 1319 1035 tullianus
1340 1002 1374 1034 in
1388 1000 1481 1049 *libro
1505 1002 1729 1046 Apologetico
1744 1012 1759 1033 ‘:
1794 1006 1861 1035 Nec
1884 1002 2050 1044 quidquam
2066 1006 2196 1043 Cap-50.

1159 1052 1274 1093 proficit
1286 1050 1453 1093 exquisitior
1466 1062 1589 1093 quaeque
1600 1052 1759 1084 crudelitas
1770 1052 1868 1091 vestra
1881 1077 1888 1083 .
1912 1052 2050 1084 Illecebra

1162 1099 1200 1140 est
1221 1107 1317 1144 magis
1337 1101 1428 1134 Secqae
1442 1126 1449 1132 .
1479 1102 1582 1133 Plures
1599 1102 1734 1142 efficimur
1746 1126 1756 1140 ‚
1784 1109 1898 1143 quoties
1914 1106 2051 1134 metimur

1163 1151 1297 1184 avobis.
1328 1154 1432 1184 Semen
1462 1151 1500 1191 est
1517 1149 1641 1193 sanguis
1669 1150 1921 1191 chrrstianorum.
1951 1152 1993 1184 Et
2016 1153 2051 1183 in

1166 1202 1250 1235 libro
1275 1201 1315 1234 ad
1326 1201 1497 1243 Scapulam
1514 1201 1632 1234 Africae
1645 1200 1900 1234 proconsulem:
1927 1206 1994 1233 Nec
2005 1209 2053 1232 ta·

1165 1263 1232 1285 men
1252 1251 1367 1294 deficiet
1385 1250 1449 1284 haec
1460 1251 1546 1284 seda
1559 1275 1569 1290 ‚
1595 1263 1685 1294 quam
1707 1260 1778 1286 tunc
1797 1259 1894 1295 magis
1907 1251 2051 1293 aedficari

1162 1300 1262 1344 scias,
1287 1302 1351 1334 cum
1371 1303 1606 1334 caedividetur.
1635 1300 1768 1344 ,Quisque
1782 1308 1861 1334 enim
1881 1310 2001 1334 tantam
2012 1310 2052 1334 to-

1166 1353 1326 1384 lerantiam
1345 1351 1486 1394 speeqans
1510 1375 1520 1391 ,
1547 1359 1581 1384 ut
1602 1354 1700 1393 aliquo
1714 1351 1851 1395 scrupulo
1868 1352 2056 1393 percussus,

1169 1404 1365 1443 &inquirere
1386 1403 1555 1434 accenditur
1568 1425 1578 1439 ,
1604 1404 1680 1443 quid
1697 1401 1734 1441 fit
1755 1407 1787 1433 in
1807 1401 1916 1444 causa,
1946 1403 1980 1434 (5
2002 1402 2053 1434 uba·

1167 1458 1334 1494 cognoverit
1345 1457 1528 1489 veritatem,
1554 1452 1588 1483 &¹
1609 1451 1674 1494 tpse
1693 1451 1797 1489 statim
1817 1450 1972 1493 sequitur.
2002 1451 2053 1485 Ita

1168 1501 1210 1533 de
1233 1502 1405 1542 semetipso
1430 1501 1539 1533 scribit
1565 1501 1600 1532 in
1626 1501 1726 1540 prima
1741 1500 1909 1543 Apologia
1921 1502 2054 1535 Sanetus

1168 1549 1301 1592 Martyr
1321 1550 1484 1592 Justinus:
1514 1552 1600 1580 Nam
1613 1549 1647 1581 Θ
1667 1560 1719 1591 ego
1736 1549 1820 1591 ipse,
1849 1551 1984 1584 Platonis
2006 1552 2055 1595 dt-

1164 1598 1303 1642 sciplinae
1317 1597 1446 1640 fellator
1457 1623 1468 1639 ,
1493 1609 1558 1630 cum
1570 1599 1749 1633 calumniose·
1767 1600 1901 1632 audirem
1911 1600 2061 1639 cbrzstzae

1170 1661 1222 1682 nos
1245 1649 1360 1691 deferri
1372 1672 1384 1688 ,
1409 1650 1558 1690 intrepide
1578 1656 1676 1683 autem
1698 1651 1743 1682 ad
1760 1659 1884 1684 mortem
1898 1675 1910 1691 ,
1937 1652 1971 1684 &¹
1989 1652 2054 1684 alia

1168 1711 1238 1741 quae
1261 1699 1411 1733 terribilia
1433 1700 1484 1742 effe
1504 1697 1660 1741 censentur
1680 1706 1819 1741 omn1a<‚‘
1838 1703 1923 1735 adire
1945 1700 2063 1743 conspr-³

1168 1761 1262 1783 cerem
1276 1774 1287 1790 ,
1304 1749 1398 1790 statui
1420 1747 1599 1791 ipsemecum
1617 1750 1689 1791 fieri
1713 1750 1947 1794 haudquaquam
1957 1752 2033 1793 posse
2044 1771 2060 1791 ,-

1991 849 2048 882 Ad.

1147 1844 1149 1848 ι
1169 1809 1204 1833 ut
1220 1802 1268 1834 ult
1289 1805 1322 1833 in
1344 1804 1490 1833 vitiorum
1507 1805 1668 1841 pravitate
1693 1802 1728 1834 ό·
1744 1801 1934 1843 voluptatum
1957 1811 2056 1835 amore·

1169 1854 1329 1885 viverent.
1356 1849 1417 1883 Per
1442 1851 1598 1884 vitiorum
1619 1850 1811 1894 pravitatem
1826 1852 2057 1896 intelligittria

1170 1902 1294 1935 famosa
1317 1910 1396 1934 tunc
1415 1900 1610 1934 Christianis
1636 1901 1757 1944 paffim·
1772 1902 1874 1936 affista
1897 1902 2057 1943 crimina,

1169 1962 1308 1994 quorum
1330 1962 1400 1984 reos
1429 1949 1513 1984 reete
1534 1952 1673 1985 affirmat
1703 1963 1740 1987 ac
1756 1952 1959 1987 demonstrat
1978 1953 2058 1986 sem-

1170 2014 1226 2045 per
1248 2001 1342 2036 fuiffe
1368 2001 1529 2044 praelentis
1554 2001 1627 2035 vitae
1647 2002 1870 2045 cupidiffimos
1890 2019 1902 2040 5
1927 2002 1960 2034 &
1981 2001 2059 2034 alie-

1170 2064 1232 2086 nos
1253 2052 1272 2085 a
1293 2062 1416 2086 morte.
1446 2052 1535 2086 Nam
1554 2052 1668 2085 &istis
1679 2049 1827 2085 sordibus
1842 2050 2056 2085 infeffiGno-

1170 2103 1241 2137 stici
1265 2102 1398 2136 fuerunt
1419 2100 1503 2135 adeo
1515 2101 1648 2134 aversati
1661 2100 1846 2142 Martyria,
1867 2101 1956 2143 ute&
1966 2101 2056 2134 dam-

1144 2192 1146 2195 v
1171 2163 1298 2187 natent.
1326 2151 1511 2186 criminosa
1523 2149 1611 2183 enirn
1625 2150 1827 2184 conscientia
1853 2150 1939 2184 nihil
1950 2153 2055 2195 magis

1142 2200 1302 2240 sthonet,
1327 2201 1425 2242 quarn
1437 2209 1597 2233 mortem.
1628 2200 1673 2233 Et
1695 2201 1852 2234 similium
1877 2202 2056 2236 conversio·
2091 2242 2095 2244 v

1142 2279 1144 2298 ;
1168 2261 1248 2291 num
1269 2250 1418 2293 exempla
1440 2249 1600 2284 habemus
1621 2249 1737 2294 longer
1756 2252 1895 2294 plurima
1911 2275 1918 2283 .
1949 2252 2055 2286 Perse·
2076 2254 2078 2256 ’

1142 2301 1259 2336 &cutio
1277 2301 1387 2340 itaque
1408 2311 1470 2332 nos
1491 2300 1535 2333 ita
1556 2300 1715 2340 demetit,
1741 2311 1777 2335 ut
1789 2302 1884 2334 simul
1896 2303 2051 2336 seminet.

1141 2352 1144 2393 ξ
1168 2350 1309 2386 Ee'hinc
1321 2358 1392 2383 orta
1415 2349 1460 2382 est
1482 2349 1703 2389 antiquissima
1723 2352 1898 2393 paroemia:
1925 2354 2052 2396 Sanguis
2067 2359 2190 2392 Toum·

1141 2409 1143 2433 ῖ
1167 2405 1330 2440 Martyrum
1354 2397 1390 2438 est
1407 2397 1509 2441 semen
1531 2398 1786 2438 Christianorum.
1816 2402 1962 2437 Eandem
1985 2404 2052 2437 lau-
2067 2395 2122 2427 fol.
2140 2402 2208 2433 486.

1140 2451 1245 2487 ’'dant
1268 2450 1403 2485 Sanstus
1427 2449 1568 2492 Joannes
1591 2447 1847 2492 Chrysostomus
1871 2477 1882 2493 ‚
1916 2455 2052 2488 Sanetus

2066 2437 2099 2470 δε
2113 2447 2179 2474 795·

1165 2501 1372 2548 Augustinus
1387 2523 1398 2541 ,
1424 2498 1670 2544 magnusPapa
1691 2500 1762 2537 Leo
1785 2525 1798 2542 ,
1821 2512 1861 2536 nc
1880 2502 1953 2538 alii
1991 2503 2053 2538 Pa·

1168 2564 1382 2639 negandum
1402 2579 1545 2648 Juliinus
1566 2603 1600 2638 in
1619 2604 1755 2648 epistola
1777 2605 1817 2640 ad
1840 2606 2052 2652 Diognetum

1140 2660 1142 2688 ζ
1163 2656 1300 2698 exponit
1311 2655 1448 2689 modum
1462 2669 1474 2688 :
1497 2659 1575 2693 Nori
1591 2658 1678 2689 vides
1691 2681 1701 2697 ‚
1727 2659 1782 2699 quo
1800 2659 1902 2698 plures
1913 2662 1963 2699 qui
1981 2656 2051 2699 sup·-

1159 2706 1261 2747 plum
1283 2704 1414 2746 afficiunt
1435 2727 1446 2746 ‚
1471 2709 1557 2738 tanto
1578 2708 1720 2747 majorem
1737 2708 1865 2740 altor-uin
1882 2707 1934 2750 esse
1955 2715 2049 2738 numer

1161 2756 1257 2788 rum?
1285 2760 1358 2789 Haec
1368 2765 1425 2787 non
1447 2757 1591 2789 videntur
1600 2756 1639 2788 ab
1661 2754 1866 2796 homine'fiert.
1895 2753 2048 2797 Haecsune

1164 2808 1386 2847 Detpotemia.
1406 2807 1476 2838 Haec
1487 2806 1638 2838 adventus
1648 2803 1793 2846 eJussunt
1803 2802 1933 2838 tndtcta.
1961 2805 2046 2838 Sunt

1162 2855 1304 2899 quaedam
1328 2854 1535 2889 imitamenta
1558 2854 1648 2886 istius
1658 2854 1771 2898 grani,
1799 2853 1840 2887 de
1851 2852 2046 2900 quo-Domi-

1163 2917 1223 2940 nus
1242 2906 1276 2938 in
1298 2904 1405 2939 San-sti
1426 2905 1561 2947 Joannis
1583 2904 1769 2947 Evangelio
1793 2915 1801 2935 :
1829 2902 2044 2948 Nifigranum
2060 2897 2132 2936 cap·
2147 2908 2191 2928 ¹²⁵

1153 2955 1304 2997 frumenti
1326 2954 1434 2987 cadens
1455 2959 1487 2987 in
1507 2964 1621 2988 terram
1644 2963 1791 2987 mortuum
1801 2953 1922 2995 fuerit,
1947 2953 2043 2998 ipsum

1155 3005 1252 3049 solum
1263 3014 1384 3046 maner,
1403 3002 1433 3045 fi
1438 3012 1534 3036 autem
1546 3012 1690 3036 mortuum
1694 3003 1794 3044 fuerit
1806 3027 1818 3044 ,
1841 3005 1965 3038 multum
1971 3004 2043 3046 ftu‘·

1161 3057 1239 3090 Ham
1259 3055 1362 3096 adfert
1375 3079 1382 3086 .
1409 3054 1520 3088 Etiam
1534 3054 1698 3095 Martyres
1718 3054 1792 3087 sunt
1803 3055 1960 3089 seminata
1975 3055 2040 3088 Dei

1160 3115 1260 3152 grana
1281 3131 1289 3139 .
1319 3105 1477 3139 Attamen
1504 3105 1539 3137 in
1566 3103 1782 3138 fructificandi
1803 3103 1925 3139 virtute
1947 3103 2042 3148 pluri·

1161 3157 1252 3192 mum
1275 3155 1397 3190 distant
1420 3155 1437 3188 a
1448 3153 1619 3197 principali
1630 3164 1731 3198 grano
1742 3161 1769 3194 ‚·⁴
1781 3153 1914 3189 Christo
1926 3153 2041 3189 Domi·

1161 3219 1204 3242 no
1217 3206 1327 3241 nostro
1340 3230 1346 3236 .
1367 3204 1567 3239 Distantiam
1580 3205 1715 3247 exponit
1727 3206 1760 3238 in
1773 3204 1970 3240 duodecimo
1982 3206 2040 3238 ser.-

1160 3269 1259 3292 mone
1280 3256 1323 3290 de
1343 3254 1525 3289 Dominica
1546 3254 1694 3288 Paffione
1717 3255 1849 3289 sanetus
1866 3255 1935 3288 Leo
1959 3254 2039 3287 Ma-

1159 3318 1242 3352 gnus
1256 3321 1268 3341 .·
1293 3309 1448 3350 ,Quamvis
1458 3310 1491 3338 in
1501 3302 1950 3348 conspelluDomintmultorum
1962 3306 2039 3338 San·-
2053 3322 2126 3360 ρῳ,
2144 3329 2169 3357 3·

1573 3354 1607 3387 G
1655 3363 1678 3399 3
1877 3353 1989 3388 &orum
