2346 3724
129 1243 149 1270 F
179 1245 242 1275 576·

122 1709 160 1739 F·
179 1721 243 1746 275-

126 2642 152 2670 F⁴
178 2643 238 2675 5867

751 206 1166 251 CAPIT

269 299 333 324 tum
353 292 463 327 malum
485 289 520 328 est
542 289 648 332 absqtie
673 292 782 324 delec‘lu
805 295 900 325 cuivis
926 290 959 324 (Β
974 286 1137 329 promiscue

272 345 387 374 Divina
397 338 526 380 mysteria
548 343 678 384 detegere
690 364 697 372 .
726 342 855 375 Audiam·
874 338 990 382 quisine
1002 336 1144 379 disirt'mi-

268 402 305 424 ne
317 401 382 424 cum
399 390 528 423 omnibus
542 392 759 434 colloquuntur.
789 394 895 431 Neque
917 395 995 423 enim
1009 387 1143 426 Christus

268 442 305 474 df
309 437 489 482 sensibilibus
502 448 599 485 porcis
617 446 759 484 praecepit
770 464 780 480 ‚
803 438 859 485 sed
870 439 999 471 homines
1014 444 1144 480 porcinis

268 491 398 529 moribus
413 493 552 533 denotat,
579 499 629 535 qui
641 491 714 533 ficut
728 493 828 526 Bruta
838 490 890 522 illa
905 495 943 522 on
952 494 1065 530 peccati
1085 488 1146 522 luto

267 545 465 579 involvuntur
475 570 485 585 ,
514 546 617 578 docens
636 553 689 576 nos
702 546 734 574 ut
741 538 933 582 persimarum
945 536 1144 580 diversitatem

269 594 472 639 dignoscamus
487 619 498 634 ,
523 596 644 628 &vite
664 600 794 625 rationes
815 595 1001 632 inquiramus
1016 614 1026 629 ‚
1051 600 1143 630 quan-

269 647 307 679 do
332 646 445 689 aliquid
471 643 647 678 Divinorum
672 642 846 684 eloquiorum
881 648 1023 681 exponere
1041 638 1146 682 fuerit

268 692 341 738 opus
355 720 366 736 ‚
391 707 427 730 ne
446 697 480 731 Θ
504 695 568 727 illos
591 689 825 738 &nosmetipsos
846 691 988 725 iaedaemus
1014 714 1022 723 .
1050 688 1146 725 istam

268 748 377 792 legem
396 744 541 791 pluribus
561 742 792 778 commendat.
819 740 922 775 Porro
946 741 979 774 in
992 737 1147 775 Paradiso

268 807 380 840 praeter-
391 797 527 830 unicum
548 794 589 830 de
601 795 694 841 ligno
712 792 814 829 vetito
826 792 1025 837 Praeceptum
1037 788 1146 825 omnis

267 848 321 882 lex
334 848 396 882 fuit
419 844 591 881 naturalis.
636 872 638 875 ,
674 871 675 875 ,
914 850 916 853 ·

317 897 413 931 Istius
423 896 502 942 legis
512 894 738 931 austeritatem
750 918 762 936 ,
787 892 997 931 vetustatem,
1022 901 1059 926 ac
1072 888 1148 934 rigi-

267 947 341 981 dam
355 946 592 980 observantiam
606 944 754 987 praedicat
766 944 800 979 in
813 943 931 986 quinto
947 943 1146 976 stromatum

267 997 353 1031 libro
364 996 496 1030 sancius
513 997 612 1032 etiam
625 993 779 1029 Clemens
791 991 1050 1027 Alexandrinus.
1080 986 1149 1021 Ad·

265 1047 356 1082 ducit
378 1046 534 1090 Apostoli
564 1055 604 1078 ex
624 1043 753 1080 ,litteris
783 1042 824 1075 ad
857 1039 1012 1083 Ephesios
1048 1037 1145 1074 verba

264 1097 306 1129 de
332 1094 547 1130 anterioribus
567 1090 834 1138 generationibus
853 1087 1045 1124 abscondito
1072 1114 1083 1130 ,
1107 1100 1145 1123 ac

265 1155 348 1180 tunc
371 1145 500 1178 noviter
511 1142 680 1185 revelato]
697 1140 725 1176 E
738 1142 759 1176 S
775 1141 812 1177 U
838 1139 959 1174 Christi
971 1139 1147 1183 mysterio,

265 1195 572 1231 &commentatus-2
602 1194 668 1226 Alia
676 1189 750 1235 sunt
770 1190 922 1233 mysteria,
948 1188 1145 1232 quaefiierunt

264 1242 400 1287 abfi‘onsa
426 1241 515 1286 usque
548 1243 593 1275 ad
617 1240 758 1284 Apostolos
781 1265 792 1281 ,
818 1243 852 1276 (5
873 1241 990 1273 tradita
1010 1238 1085 1283 sunt
1105 1239 1144 1272 ab

265 1294 354 1336 ipfis‚
380 1301 413 1326 sit
435 1295 460 1326 ,ἃ
472 1296 596 1326 Domino
619 1300 805 1333 acceperunt.
837 1287 978 1334 absconsa
999 1299 1099 1323 autem
1111 1295 1143 1322 in

265 1350 361 1378 vereri
373 1342 553 1382 Testamenta
565 1368 575 1382 ‚
601 1354 667 1387 quae
688 1352 763 1375 nunc
785 1339 973 1382 manifestata
986 1337 1058 1384 sunt
1070 1342 1144 1373 San·

265 1393 340 1428 His.
371 1393 518 1439 Antiqua
530 1395 733 1428 Samamema
747 1417 758 1433 ‚
784 1391 843 1425 sub
866 1390 982 1434 quibus
1004 1389 1087 1425 istud
1101 1390 1142 1425 sa·

264 1445 465 1479 crosandium
479 1444 670 1488 mysterium
692 1441 817 1476 velabat
829 1440 953 1477 Divina
965 1439 1120 1483 Majestas
1131 1463 1142 1480 ‚

262 1493 469 1528 celebrabant
492 1494 624 1537 quidem
647 1491 765 1531 multi,
792 1491 844 1526 sed
858 1491 953 1536 pauci
975 1489 1144 1533 intellige-

263 1542 357 1578 bant.
388 1542 560 1586 Ptopberae
570 1543 696 1577 cunstis
717 1553 785 1574 non
810 1549 961 1585 poterant
982 1540 1142 1574 revelare.

261 1594 357 1628 Hinc
376 1594 558 1638 &Moyses
581 1592 677 1627 faciei
703 1592 764 1625 suae
785 1589 898 1624 lumen
926 1588 1001 1623 velo
1023 1598 1144 1632 tempe-

262 1644 368 1678 rabat.
396 1642 439 1677 Et
451 1644 485 1676 in
500 1645 605 1685 primo
617 1642 708 1676 issius
727 1642 835 1685 operis
861 1640 947 1675 libro
966 1640 1053 1674 idem
1069 1639 1143 1673 Cle-

261 1704 355 1727 mens
366 1692 474 1727 scribit
484 1691 526 1726 de
537 1690 669 1726 Christo
681 1691 851 1725 Domino:
884 1694 1036 1724 Dominus·
1054 1693 1141 1725 ΜΙ-

261 1750 310 1775 nis
321 1742 459 1782 mysteriis
472 1767 482 1782 ,
508 1741 656 1783 &sanc‘i'a
674 1741 731 1774 illa
754 1741 814 1775 luce
826 1746 979 1783 impartiri
1004 1741 1067 1774 illos
1078 1751 1142 1774 con·

261 1795 330 1834 ciffis
341 1816 351 1830 ‚
377 1800 427 1834 qui
436 1794 548 1835 possent
560 1804 596 1826 ea
608 1799 711 1834 capere
724 1816 731 1823 .
751 1795 782 1837 J
785 1797 834 1825 am
848 1793 919 1825 vere)
942 1803 1000 1823 non
1024 1791 1140 1824 revela-

261 1850 310 1877 vit
321 1843 423 1875 multis
437 1853 473 1874 ea
488 1853 557 1883 quae
567 1853 625 1874 non
645 1851 733 1875 erant
746 1842 927 1878 multorum,⁴
946 1839 1005 1882 sed
1008 1845 1116 1881 paucis
1133 1861 1143 1878 ,

260 1893 368 1936 quibus
386 1890 699 1933 sciebarconvenire,
722 1895 772 1931 qui
794 1890 876 1923 &ea
897 1889 1009 1931 possent
1031 1895 1139 1930 accipe·

259 1955 311 1982 re,
336 1944 420 1977 &ex
430 1946 480 1975 siis
505 1940 686 1982 informari.
716 1944 944 1972 Arcanaauiem
959 1962 969 1976 ,
994 1941 1116 1971 utDeus
1131 1963 1140 1977 ‚

260 1993 352 2027 verbo
363 1993 524 2025 creduntur
535 2013 547 2030 ,
558 2000 616 2022 non
628 1986 740 2029 scripto
753 2009 760 2017 .
787 1986 926 2019 Etinfra
949 1986 1059 2020 laudat
1072 1987 1139 2019 Do-

261 2044 345 2076 mini
369 2038 501 2072 verbum
526 2061 536 2076 ,
562 2038 655 2081 ,Quod
672 2042 704 2068 in
729 2046 799 2068 aure
819 2034 952 2074 audisis,
976 2036 1141 2076 praedicate

255 2091 346 2136 super
368 2089 471 2129 tella,
496 2089 529 2122 δε
549 2094 814 2121 commentatur.-
841 2088 986 2117 Dominus
1009 2095 1137 2117 arcanas

259 2143 441 2175 traditiones
453 2149 536 2172 verae
543 2141 699 2180 cognitioni
711 2160 721 2175 ,
749 2146 816 2178 quae
825 2135 933 2168 occulte
954 2135 988 2167 Θ
999 2134 1149 2167 excellens

258 2200 304 2224 ter
326 2191 512 2232 explicantur
525 2211 536 2227 ,
556 2186 647 2228 jubet
665 2183 833 2229 suscipere,
858 2183 971 2226 &ficut
991 2189 1024 2217 in
1035 2195 1136 2217 aurem

258 2243 399 2275 audimus
423 2264 432 2279 ,
458 2243 504 2272 ita
524 2244 615 2270 etiam
637 2237 758 2269 tradere
783 2234 887 2278 quibus
909 2243 1021 2275 oportet
1041 2257 1052 2274 ,
1078 2244 1136 2266 non

258 2303 357 2325 autem
378 2289 513 2322 omnibus
537 2287 675 2325 tradere,
702 2297 770 2327 quae
791 2292 834 2318 eis
856 2290 888 2317 in
907 2284 1060 2326 parabolis
1072 2293 1133 2317 tra-

259 2345 327 2374 dita
336 2349 421 2374 erant
433 2365 440 2371 .
469 2337 573 2372 Addit
583 2337 724 2370 eundem
736 2334 799 2369 effe
814 2335 940 2368 sensum
961 2334 1058 2378 hujus
1070 2335 1137 2367 Do·

260 2391 374 2424 minici
402 2388 572 2423 Mandati:
602 2386 706 2420 Nolite
725 2390 907 2430 margaritas
921 2383 1036 2424 vestras
1052 2382 1137 2426 spar-

257 2453 325 2486 gere
345 2449 417 2473 ante
434 2447 536 2481 percos
548 2462 555 2469 .
585 2437 627 2470 Et
648 2436 704 2469 dat
725 2436 874 2470 causam:
902 2433 957 2474 Est
974 2433 1088 2475 difficile
1100 2434 1135 2466 de

259 2503 330 2524 vero
341 2492 452 2524 lumine
473 2490 544 2522 vere
557 2495 647 2529 puros
668 2484 878 2528 &perspicuos
899 2485 1053 2517 declarare
1069 2480 1134 2525 ser-

259 2553 357 2574 mones
381 2539 480 2583 suillis
506 2539 540 2572 (5
562 2536 689 2570 indutiis
710 2534 894 2568 auditoribus
917 2558 924 2565 .
954 2534 993 2567 ln
1016 2533 1135 2577 qulnto

258 2592 383 2624 rursbm
397 2587 482 2622 libro
502 2587 641 2621 affirmat
651 2586 840 2620 Dominum
854 2583 945 2617 fuisse
956 2583 1066 2626 pamm
1090 2583 1136 2617 lo-

258 2650 372 2674 cutum
402 2639 435 2672 in
456 2636 638 2681 parabolis,
663 2637 697 2670 &
720 2635 869 2680 adjungit
890 2634 1019 2668 causam
1043 2633 1136 2667 fuiffe

258 2692 475 2723 accubationem
488 2712 496 2719 .
524 2686 652 2720 Eodem
675 2687 708 2720 in
733 2685 817 2720 libro
837 2683 948 2718 tranfit
968 2685 986 2718 a
1000 2682 1135 2718 Christo

259 2740 412 2774 Domino
425 2738 465 2772 ad
483 2737 550 2780 ejus
565 2735 756 2778 Apostolos..
785 2734 912 2768 Laudat
934 2733 1041 2768 Sancti
1055 2732 1135 2767 Pau-

259 2791 281 2823 li
298 2789 431 2824 verbum
455 2788 490 2820 in
513 2786 652 2829 epistola
674 2786 714 2819 ad
740 2786 933 2820 Romanos:
960 2786 998 2815 Ut
1018 2785 1136 2825 aliquid

265 2846 426 2881 impartiar
448 2837 648 2881 vobisgratiae
665 2834 853 2879 spiritualis.
882 2834 925 2866 Et
935 2843 1133 2868 commenta·

259 2902 310 2923 tur
341 2903 346 2921 :
373 2894 446 2922 Non
459 2896 598 2930 poterant
625 2888 728 2929 aperte
750 2887 859 2919 litteris
876 2881 969 2926 scribi
993 2881 1133 2926 ejusmodi

237 2943 240 2946 '
260 2943 354 2973 dona.
381 2939 508 2972 Ibidem
520 2937 630 2971 laudat
641 2934 728 2970 aliud
742 2934 894 2978 Apostoli
909 2932 1055 2967 verbum:
1080 2935 1132 2967 Sa-

255 2997 403 3034 p1emiam
412 2989 558 3030 loquimur
582 2992 662 3020 inter
677 2986 822 3030 perfet‘los
835 3009 842 3016 .
871 2983 912 3016 Et
924 2980 1034 3018 denuo
1044 2994 1130 3018 com-

257 3051 442 3075 mentatur:
472 3036 617 3079 Apostolus
643 3037 752 3070 Paulus
768 3033 998 3076 Prophetiam,
1022 3034 1133 3074 &vere

258 3098 415 3134 antiquam
452 3086 640 3131 conservavit
677 3087 893 3120 occultationem
920 3109 927 3115 .
967 3083 1131 3129 Adjungit

257 3142 342 3175 banc
355 3139 488 3184 viguisse
500 3139 597 3171 etiam
619 3135 704 3180 apud
726 3137 876 3179 antiquos
889 3133 1108 3176 Philosophos
1122 3159 1133 3176 ,

259 3192 428 3234 praesertim
442 3188 528 3232 apud
544 3187 733 3227 Platonem,
759 3197 799 3219 ex
812 3184 903 3226 cujus
925 3184 1061 3226 epistola
1072 3196 1131 3219 tra·

260 3241 409 3280 &amede
422 3240 497 3273 Deo
510 3263 520 3279 ,
546 3236 677 3272 adducit
690 3236 756 3269 haec
778 3234 870 3268 verba
884 3246 890 3266 :
919 3236 1082 3269 Dicendum
1092 3235 1130 3275 est

259 3291 316 3325 tibi
332 3297 387 3331 per
400 3294 584 3333 AEnigmata
601 3312 610 3327 ,
634 3297 667 3321 ut
683 3285 707 3328 fi
718 3285 828 3319 tabulae
840 3308 851 3325 ‚
879 3285 931 3316 vel
938 3288 969 3314 in
988 3289 1067 3316 mari
1081 3287 1132 3319 vel

259 3350 291 3376 in
316 3350 418 3381 terra,
444 3340 559 3382 aliquid
579 3342 751 3381 contigerit,
777 3339 826 3377 qui
848 3333 916 3376 legit
939 3343 995 3365 non
1021 3336 1132 3376 intelli.

251 3400 328 3439 gat.
360 3388 514 3424 Praedicat
539 3387 622 3423 istud
645 3386 793 3422 Platonis
813 3385 997 3428 Scriptum,
1024 3385 1057 3419 &
1079 3386 1131 3422 ad.

983 3465 997 3482 ὡ,

975 3492 980 3501 ,

1238 217 1254 247 Ι
1324 216 1343 244 8

1462 204 1603 249 XLI.
1923 226 2020 271 329

1208 285 1318 331 jungit
1341 286 1581 329 praedicationis-
1598 289 1724 323 causam
1738 303 1749 323 .·
1777 295 1856 327 Deus
1875 301 1954 329 enim
1963 302 2087 331 univer-

1207 335 1327 382 sorum,
1355 344 1404 380 qui
1412 349 1526 373 omnem
1539 350 1638 373 vocem
1653 361 1667 380 ,2
1691 351 1804 385 amnem
1816 351 2023 387 cognitionem,
2049 349 2085 382 ὁ·

1210 395 1321 419 omnem
1323 384 1447 431 superat
1458 396 1603 424 notionem
1615 401 1651 424 ac
1662 392 1892 433 intelligentiam
1906 417 1915 431 ,
1933 404 2085 437 nunqnam

1211 438 1352 470 mandari
1369 445 1480 482 poterit
1505 441 1612 474 litteris
1631 465 1642 482 ,
1668 451 1737 475 cum
1750 438 1788 480 fis
1813 446 1846 473 in
1867 443 2010 484 potestate
2023 445 2083 487 sua

1209 486 1372 530 ejusmodi,
1399 497 1432 524 ut
1453 490 1555 524 verbis
1579 501 1636 523 non
1652 491 1734 534 poffit
1755 498 1906 533 exprimi,
1935 493 1978 527 Et
2000 496 2087 530 certe

1211 537 1359 574 Platonis
1370 540 1550 575 confilium
1574 539 1722 585 probavit
1742 540 1842 576 etiam
1856 543 1990 578 Sanetus
2001 542 2089 588 Papa.

1212 588 1426 624 Innocentius
1452 614 1464 631 ‚
1489 588 1568 625 dum
1596 590 1789 627 Christianae
1816 592 2089 633 Confirmationis

1213 637 1346 675 verbum
1374 640 1484 675 noluit
1515 641 1642 676 credere
1668 640 1785 676 litteris
1820 641 1861 677 ad
1889 643 2090 682 Decentium

1214 688 1411 733 Episcopum
1433 690 1664 736 Eugubinum.
1694 693 1820 727 Eodem
1843 693 1877 726 in
1900 693 1985 728 libro
2014 695 2090 731 Cle-

1212 750 1304 774 mens
1325 740 1524 775 demonstrat
1543 742 1639 776 istam
1662 743 1781 777 Secreti
1804 742 1910 787 legem
1931 745 2091 782 fuiffecuz

1212 787 1365 824 stoditam
1385 790 1430 825 ob
1447 792 1598 827 omnium
1622 792 1720 827 etiam
1743 794 1918 837 gentilium
1941 792 2091 833 Philoso-

1213 838 1285 881 phis
1295 864 1302 871 .
1335 841 1386 875 Ex
1398 839 1463 876 hoe
1475 842 1638 886 principio
1658 843 1748 885 plura
1763 844 1906 885 ipsorum
1919 844 2090 889 Dogmata

1211 890 1272 923 effe
1283 891 1487 935 aenigmatica
1497 917 1507 933 ,
1534 891 1676 936 ideoque
1691 892 1726 926 &
1737 892 1870 927 obscura
1882 917 1890 927 .
1917 893 2036 930 Eidem
2047 895 2093 930 le·

1211 938 1393 994 giaffirmat
1411 942 1511 977 inniti
1524 943 1770 988 quinquennale
1782 942 1980 989 Pythagorae
1999 946 2094 980 filen-

1212 998 1292 1025 trum
1307 1016 1315 1023 .
1342 994 1394 1026 Ac
1409 1004 1449 1026 ex
1463 992 1525 1036 ipsa
1538 993 1740 1037 promanasse
1751 994 1854 1029 multa
1866 994 1998 1038 pulchra
2010 994 2091 1034 Phi-

1212 1038 1424 1083 losophorum
1448 1043 1635 1087 Dogmata.
1663 1042 1802 1079 Censuit
1827 1044 1931 1090 legem
1954 1046 2017 1080 effe
2035 1057 2091 1080 na-

1210 1092 1370 1132 turalem,
1397 1091 1536 1138 ideoque
1554 1103 1669 1128 notam
1690 1106 1728 1129 ac
1750 1105 1935 1131 veneratam
1957 1096 2026 1130 istis
2047 1105 2095 1132 et-

1210 1139 1274 1173 iam
1285 1140 1497 1186 philosophis
1507 1166 1514 1175 .

1260 1191 1385 1226 Eadem
1407 1193 1442 1226 in
1472 1192 1563 1226 sexto
1582 1202 1699 1227 contra
1720 1193 1854 1231 Celsum
1885 1194 1970 1229 libro
1994 1195 2094 1230 tradit

1208 1242 1370 1287 Origenes
1394 1255 1406 1276 :
1433 1241 1590 1283 Prophetae
1623 1244 1731 1277 altiora
1745 1241 1907 1285 fhpiebanr
1933 1253 1990 1286 per
2011 1245 2094 1286 silem
2113 1254 2139 1282 F.
2162 1254 2227 1287 278.

1208 1299 1283 1326 tium
1296 1315 1307 1332 ,
1333 1292 1423 1334 quim
1434 1293 1738 1337 qua-*mandaverunt
1748 1294 1861 1328 litteris
1873 1320 1880 1328 .
1907 1299 1996 1328 Nam
2019 1299 2095 1330 Eze-

1189 1344 1195 1375 i
1209 1342 1284 1378 thiel
1294 1348 1404 1385 accepit
1414 1349 1504 1385 caput
1514 1342 1586 1376 libri
1592 1341 1738 1386 scriptum
1749 1343 1880 1384 &fronte
1907 1347 1942 1378 6·
1959 1347 1979 1377 ἄ
1991 1354 2070 1390 tergo
2082 1369 2095 1386 ,

1211 1399 1241 1426 in
1253 1404 1308 1436 quo
1317 1399 1439 1426 enarrat
1454 1394 1616 1426 lamentum
1627 1416 1638 1431 ,
1666 1396 1699 1426 (θ’
1710 1399 1856 1426 canticum
1867 1418 1878 1434 ,
1905 1396 1939 1427 ὡ·
1950 1406 2014 1427 vae.
2047 1399 2094 1430 Et

1203 1444 1298 1486 jussus
1312 1441 1420 1475 librum
1430 1443 1557 1476 devorat
1570 1466 1582 1482 ,
1608 1454 1644 1475 ne
1655 1453 1720 1476 cum
1726 1441 1841 1485 scribat
1852 1469 1863 1484 ,
1891 1446 1925 1478 (v
1937 1446 2039 1488 vulget
2049 1452 2096 1479 in-

1211 1495 1308 1538 dignis
1324 1517 1330 1524 .
1359 1495 1402 1525 De
1416 1495 1543 1537 Joanne
1562 1503 1674 1535 quoquc
1683 1490 1820 1533 scribitur
1835 1492 1929 1536 fimile
1946 1497 2094 1536 quiddam

1210 1555 1274 1577 eum
1285 1542 1390 1584 vidisse
1416 1541 1553 1585 &fecisse
1565 1566 1572 1573 .
1602 1544 1649 1575 Sic
1676 1543 1709 1576 (9
1722 1544 1837 1576 Paulus
1857 1545 1979 1577 audivit
1999 1545 2094 1586 verba

1211 1591 1392 1634 insffabtlia,
1417 1602 1483 1633 quae
1495 1602 1551 1624 non
1561 1592 1627 1625 licet
1635 1593 1770 1635 proloqui
1780 1595 1864 1635 apud
1871 1593 2020 1629 homines.
2049 1598 2095 1636 Bjr

1210 1646 1309 1683 mnjn
1319 1641 1369 1674 his
1376 1641 1512 1674 omnibus
1534 1640 1671 1683 JESUS
1692 1644 1796 1687 legitur
1810 1642 1970 1687 Discipulis
1984 1652 2095 1687 privad

1210 1700 1266 1727 tim
1276 1694 1385 1726 Iocutus
1397 1691 1520 1725 'verbum
1535 1695 1593 1725 Dei
1605 1717 1615 1732 ,
1640 1692 1807 1736 prasertim
1819 1698 1852 1726 in
1859 1693 2005 1737 ficefflbus
2019 1720 2030 1736 ‚
2037 1694 2099 1739 sed

1210 1745 1286 1786 quid
1294 1743 1336 1776 ibi
1349 1743 1461 1775 dixerit
1473 1766 1483 1780 ,
1509 1752 1567 1774 non
1579 1743 1688 1785 legitur
1703 1767 1709 1775 .
1739 1748 1813 1776 Non
1823 1751 1900 1777 enim
1913 1746 2096 1778 videbantur

1209 1794 1284 1828 talia
1296 1793 1384 1836 vulgo
1395 1790 1553 1834 scribenda
1577 1792 1631 1823 vel
1635 1794 1857 1832 praedicanda.
1888 1794 1928 1827 Et
1953 1795 1987 1827 in
2002 1796 2099 1836 septi·

1209 1854 1265 1876 mo
1291 1840 1376 1875 libro
1399 1840 1504 1885 pergit
1537 1839 1577 1874 de
1598 1841 1756 1876 omnibus
1777 1841 1950 1885 Prophetis
1973 1857 1980 1876 :
2007 1846 2099 1878 Certe
2118 1864 2137 1893 F
2208 1867 2223 1895 3

1210 1890 1386 1933 Prophetae,
1413 1890 1564 1933 quidquid
1580 1899 1646 1924 erat
1674 1899 1746 1935 opus
1763 1904 1832 1927 mox
1845 1893 1884 1926 ab
1904 1896 2097 1930 auditoribus·
2139 1885 2145 1893 ⁸
2166 1873 2202 1903 33
2222 1885 2235 1895 ³

1206 1941 1335 1983 intelligi
1349 1962 1360 1977 ,
1385 1940 1419 1972 ὁ*
1432 1940 1587 1979 quidquid
1596 1941 1639 1970 ad
1647 1943 1832 1984 corrigendos
1844 1954 1935 1976 mores
1944 1944 2096 1987 faciebat,

1206 1989 1314 2032 absque
1327 1987 1397 2021 ullis
1410 1988 1570 2020 involucris
1578 1988 1792 2031 proposuerunt
1801 1998 1843 2025 eis
1855 2017 1866 2033 ‚
1892 1999 1938 2026 ita
1961 2004 1994 2027 ut
2013 1999 2093 2032 Deus·

1204 2039 1300 2072 voluit
1310 2060 1320 2077 ,
1347 2038 1497 2080 quidquid
1507 2046 1607 2072 autem
1620 2050 1761 2074 arcanum
1772 2051 1836 2075 erat
1848 2067 1856 2082 ‚
1885 2046 1919 2078 (9·
1938 2033 2099 2086 dispicien-⁴

1204 2091 1275 2123 dum
1287 2088 1418 2130 amplius
1430 2111 1440 2127 ,
1467 2097 1499 2120 ut
1513 2089 1632 2132 vulgari
1641 2098 1729 2133 captu
1737 2090 1895 2135 sublimius
1907 2119 1916 2133 ,
1942 2097 1979 2127 id
1982 2096 2091 2138 figuris

1204 2137 1412 2182 obscurioribus
1437 2140 1672 2173 convelaverutn
1691 2166 1702 2181 ,
1727 2144 1960 2187 aenigmatibus,
1987 2147 2091 2191 allego-

1203 2195 1275 2230 riis,
1300 2193 1482 2231 paraemiis,
1509 2199 1543 2220 ac
1562 2190 1740 2232 parabolis,
1767 2203 1801 2226 ut
1829 2205 1886 2227 non
1902 2195 1940 2228 ab
1965 2201 2089 2240 ignavu-

1202 2245 1388 2272 inveniretur
1413 2239 1447 2272 Θ
1452 2235 1615 2282 segnibus,
1634 2239 1718 2284 sedi
1734 2250 1859 2277 virtutis
1886 2257 1920 2278 ac
1942 2252 2086 2280 veritatis

1195 2288 1324 2330 studiosis
1343 2286 1605 2331 perscrutatoribus
1617 2314 1628 2331 ,
1653 2293 1688 2325 cb·
1708 2297 1870 2327 inventum
1883 2298 1978 2335 juxta
1998 2301 2091 2331 Divi-

1201 2351 1272 2371 nam
1285 2338 1451 2371 dolirinam
1462 2343 1494 2371 in
1507 2337 1752 2383 usumproprium
1778 2353 1963 2379 verteretur.
1990 2346 2032 2381 Et
2051 2347 2086 2382 in

1200 2389 1318 2433 quinto
1331 2387 1416 2422 libro
1433 2389 1572 2423 affirmat
1598 2401 1635 2424 ac
1645 2391 1868 2435 demonstrat,
1895 2396 1986 2438 quod
2008 2398 2088 2431 San-

1199 2441 1265 2473 &us
1278 2438 1398 2472 Paulus
1409 2438 1509 2472 etiam
1523 2439 1555 2472 in
1569 2440 1671 2483 prima
1683 2443 1723 2477 ad
1736 2443 1930 2479 Corinthios
1949 2447 2086 2490 epistola

1198 2487 1509 2532 scripseritquaedam
1520 2491 1649 2532 aperte,
1675 2494 1819 2536 quaedam
1834 2496 2007 2538 velaverit,
2038 2497 2086 2532 id-

1197 2550 1261 2582 que
1275 2548 1404 2581 propter
1416 2537 1681 2575 catechumenos
1694 2566 1702 2574 .
1730 2544 1879 2578 Adducit
1893 2545 1960 2588 ejus
1972 2547 2012 2580 de
2035 2548 2083 2581 fu·

1197 2599 1266 2624 tura
1286 2588 1534 2622 Resurreoione
1547 2614 1558 2630 ,
1583 2590 1759 2634 &gloriofi
1784 2597 1929 2638 eorporis
1949 2595 2083 2633 dotibus

1196 2638 1314 2678 verba,
1339 2639 1372 2672 δε
1397 2638 1550 2684 adjungit
1570 2651 1578 2671 :
1607 2641 1754 2682 Apostolus
1775 2655 1843 2677 mox
1867 2644 1950 2688 quafi
1970 2652 2082 2680 Arcano
2100 2667 2117 2694 F

1190 2689 1312 2734 scriptis
1335 2689 1379 2721 ad
1393 2687 1519 2730 posteros
1537 2691 1658 2733 prodito
1679 2716 1690 2732 ,
1717 2691 1802 2725 baud
1818 2692 1899 2734 secus
1925 2706 1960 2727 ac
1982 2698 2081 2730 decuit
2117 2681 2125 2691 ⁸
2147 2677 2213 2703 ²44¹

1194 2752 1281 2780 eum,
1307 2744 1358 2779 qui
1363 2738 1487 2780 posteris
1499 2762 1510 2777 ,
1537 2750 1605 2780 quae
1621 2739 1677 2779 fibi
1698 2743 1903 2783 innotuiffent,
1929 2742 2077 2786 descripta

1194 2789 1373 2831 relinqueret
1386 2811 1396 2826 ,
1417 2785 1518 2829 subdit
1532 2799 1541 2828 ς
1572 2787 1659 2821 Ecce
1674 2790 1863 2831 mysterium
1876 2791 1970 2827 vobis
1981 2793 2058 2828 dico
2068 2820 2076 2829 .

1196 2840 1287 2883 ‚Quod
1305 2836 1444 2880 dicisolet
1467 2835 1605 2870 derebus
1630 2835 1851 2881 secretioribus,
1878 2853 1929 2875 nec
1941 2849 2038 2878 cuivis
2059 2847 2078 2880 ὲ

1195 2891 1283 2932 vulgo
1306 2888 1556 2922 communicandis
1581 2913 1588 2920 .
1615 2891 1702 2920 Nam
1725 2899 1759 2922 ur
1782 2895 1814 2922 in
1836 2891 1927 2926 Tobia
1949 2895 2076 2937 legitur,

1195 2945 1312 2973 Arcana
1335 2941 1425 2981 Regis
1448 2939 1543 2970 celare
1555 2937 1661 2970 bonum
1684 2938 1721 2978 est
1735 2963 1746 2979 ,
1772 2943 1907 2975 caeteriim
1918 2951 2006 2985 opera
2017 2949 2076 2979 Dei

1192 2987 1344 3033 magnifice
1368 2985 1543 3030 dispensata
1555 2989 1598 3020 ad
1606 2989 1767 3022 utilitatem
1791 2990 1961 3035 bominum,
1987 3006 2074 3029 vera·

1191 3047 1259 3073 citer
1284 3039 1327 3071 ad
1347 3037 1433 3080 ipfius
1451 3038 1580 3081 gloriam
1592 3039 1741 3078 revelare,
1769 3039 1875 3074 bonum
1886 3043 1944 3083 est.
1974 3044 2075 3078 Affir-

1192 3099 1258 3124 mat
1271 3088 1362 3122 istam
1376 3087 1495 3122 Secreti
1520 3087 1625 3131 legem
1652 3089 1732 3123 &in
1751 3092 1889 3135 antiquo
1913 3094 1946 3127 &
1968 3095 2001 3127 in
2016 3106 2074 3128 no-

1191 3153 1232 3174 vo
1245 3139 1381 3184 viguisse
1400 3137 1638 3178 Testamento,
1664 3149 1703 3172 ac
1724 3151 1792 3175 non
1816 3143 1943 3176 tantum
1966 3144 2077 3179 &Pro-

1191 3190 1295 3234 phetis
1321 3199 1419 3230 atque
1442 3187 1626 3229 Apostolis,
1654 3188 1815 3224 sedetiam
1830 3191 1871 3226 ab
1895 3193 1963 3237 ipso
1973 3194 2070 3231 Chri-

1188 3242 1237 3274 sto
1251 3240 1402 3273 Domino
1414 3239 1506 3271 fuisse
1517 3236 1739 3273 venerabiliter
1747 3240 1947 3277 observatam
1957 3269 1964 3277 .
1994 3243 2074 3283 Mo,-

1190 3292 1272 3325 saica
1285 3290 1333 3324 lex
1345 3287 1560 3323 sacerdotalis
1580 3289 1744 3324 unctionis
1764 3300 1968 3336 unguentum
1982 3292 2072 3336 jubet

1190 3342 1251 3375 effe
1262 3340 1517 3377 sacrosanctum,
1544 3338 1723 3373 &omnem
1746 3342 1804 3383 qui
1828 3342 1923 3385 ipfius
1943 3343 2070 3387 aliquid

1192 3390 1385 3436 alienigenis
1396 3389 1540 3430 dederit,
1566 3387 1914 3428 mandatsexterminari
1930 3394 1948 3427 a
1969 3405 2072 3438 popu-

1967 3444 2018 3477 lo.
