2346 3724
360 206 454 263 238
892 202 1610 247 scuorton

297 287 433 327 vinum,
461 284 601 329 ideoque
630 285 809 322 firmiffima
829 286 1037 330 praescriptio
1058 312 1067 319 .
1096 286 1188 320 Ean·-

298 337 373 370 dem
399 337 434 370 in
458 347 518 370 nos
541 336 725 380 frequenter
744 336 832 379 apud
856 336 1041 380 origenem
1055 334 1187 372 detorfit

298 386 414 422 Celsus
438 385 659 430 Philosophus
684 412 692 419 .
739 386 865 422 Eadem
905 385 1005 422 hodie
1031 389 1065 421 in
1103 397 1184 427 noS,

294 435 383 480 quod
403 436 545 472 diversas
569 437 604 470 ὅ(
626 435 773 471 adversas
801 436 989 472 Doctorum
1012 436 1185 472 Scholasti-

293 497 409 521 corum
422 487 599 521 sententias
626 487 875 531 permittamus,
901 498 1038 523 utuntur
1060 485 1182 522 Luthe⁴

293 538 365 572 rani
390 536 646 573 &Calvinistae.
674 537 733 572 Ast
760 536 855 572 aliud
879 538 926 573 est
952 539 1039 573 circa
1066 536 1182 572 funda-

1251 288 1392 322 mentale
1409 288 1445 323 &
1457 287 1669 324 necessarium
1678 289 1798 337 dogma
1809 316 1821 334 ,
1846 292 1937 329 aliud
1949 292 2035 328 circa
2047 304 2127 338 quat-

1250 336 1570 374 stionesdiffentire.
1597 338 1698 373 luhis
1716 344 1948 388 unusquisque,
1974 345 2127 380 dummo-

1248 387 1294 421 do
1315 389 1409 424 istam
1430 390 1711 425 fundamentalem
1739 403 1777 425 ac
1797 393 2034 430 immutabilem
2055 405 2127 429 non

1249 436 1344 474 laedat
1363 440 1510 485 regulam
1524 464 1536 482 ,
1563 440 1668 483 potest
1685 441 1721 474 in
1746 442 1806 477 suo
1824 445 1914 480 sensu
1935 445 2125 481 abundare.-

1247 487 1344 524 Circa
1366 490 1513 535 regulam
1532 489 1579 526 est
1599 501 1666 526 una
1693 490 1774 526 fides
1791 516 1804 534 ‚
1827 496 1904 537 quia
1927 508 2013 532 unus
2035 495 2127 531 illius

1225 543 1231 567 i
1246 538 1367 574 author
1383 541 1492 576 Deus.

523 745 600 830 C
721 742 983 830 ΑΡ
1099 741 1192 865 u
1308 747 1392 831 T
1582 747 1898 834 XXIX..

582 952 585 954 ’
657 933 882 1016 Error
958 926 1262 1014 veritate
1321 930 1600 1044 semper
1676 935 1766 1038 est

1010 1045 1331 1158 posterior
1381 1112 1395 1127 .

529 1236 699 1302 quuo
733 1231 867 1283 modo
900 1232 952 1282 fit
987 1249 1179 1284 erratum
1207 1269 1220 1293 ‚
1283 1246 1377 1282 tam
1411 1232 1489 1281 diu
1537 1236 1692 1302 utique
1729 1237 1931 1297 regnavit
1969 1252 2085 1288 error
2104 1275 2119 1299 ‚

562 1301 772 1371 quamdiu
811 1302 985 1353 haereses
1021 1321 1110 1354 non
1151 1316 1275 1364 erant
1315 1339 1328 1351 .
1391 1302 1581 1369 Aliquos
1622 1305 1908 1355 Marcionitas
1944 1309 1988 1356 &
2027 1313 2118 1357 Va-

300 1411 301 1414 *
561 1375 827 1422 lentinianos
863 1372 1087 1422 liberanda
1127 1375 1291 1422 veritas
1327 1372 1584 1439 expectabat
1622 1397 1632 1420 :
1676 1372 1847 1424 Interea
1889 1376 2145 1446 perperam&

561 1441 949 1506 evangelizabatur
978 1479 992 1504 ,
1044 1441 1272 1511 perperam
1316 1441 1573 1493 credebatur
1610 1479 1623 1491 .
1686 1445 1777 1494 Tot
1828 1448 1966 1496 millia
2015 1449 2117 1497 mil-

562 1515 671 1563 lium
706 1510 931 1580 perperam
975 1515 1109 1562 ῑίηᾶε,
1148 1549 1161 1573 ,
1230 1527 1299 1563 tot
1339 1529 1475 1581 opera
1525 1511 1627 1563 fidei
1662 1513 1890 1583 perperam
1925 1514 2116 1566 admini-

278 1583 409 1633 strata
440 1604 453 1643 3
496 1598 566 1633 tot
605 1586 842 1644 virtutes·²
879 1597 949 1632 tot
985 1580 1259 1632 charismata
1299 1581 1525 1652 perperam
1570 1599 1754 1653 operata
1795 1606 1809 1645 ς
1855 1601 1926 1636 tot
1967 1591 2114 1637 Sacer-

275 1653 399 1703 dotia
432 1691 446 1715 ,
485 1669 553 1703 tot
591 1653 845 1703 ministeria'
863 1652 1089 1720 perperam
1127 1652 1272 1702 funssta
1301 1654 1333 1701 ⁴:
1393 1654 1484 1703 Tot
1521 1651 1714 1722 denique
1754 1657 1968 1723 martyria
2010 1674 2119 1724 per-r

275 1724 427 1794 peram
463 1740 671 1774 coronata
692 1760 706 1772 .
746 1731 839 1773 Aut
884 1723 914 1771 fi
952 1741 1041 1773 non
1091 1721 1353 1790 perperam,
1389 1741 1469 1773 nec
1509 1725 1556 1774 in
1597 1742 1780 1774 vacuum
1805 1761 1820 1786 ,
1863 1727 1995 1793 quale
2024 1725 2111 1787 est,

274 1811 325 1844 ut
366 1810 468 1843 ante
521 1813 586 1844 res
623 1796 712 1842 Dei
758 1810 976 1841 currerent
1012 1830 1024 1852 ,
1074 1790 1209 1859 quam
1259 1797 1380 1858 cujus
1430 1796 1517 1842 Dei
1575 1811 1729 1844 notum
1779 1793 1941 1852 effer?
1989 1796 2113 1846 Ante

274 1865 552 1925 Christiani,
591 1861 727 1931 quam
760 1861 957 1912 Christus
993 1863 1191 1912 inventus
1224 1860 1245 1909 ?
1283 1861 1402 1911 Ante
1445 1863 1611 1912 haerefis
1641 1899 1654 1923 ,
1700 1863 1836 1930 quam
1894 1883 1993 1916 vera
2029 1866 2111 1916 do-

273 1932 456 1985 Ctrina?
493 1933 575 1983 Sed
615 1935 732 1983 enim
775 1935 823 1981 in
857 1932 1059 1981 omnibus
1101 1934 1263 1983 veritas
1303 1933 1539 1995 imaginem
1582 1932 1803 1990 antecedit
1836 1954 1849 1992 3
1886 1936 1982 2003 post
2018 1954 2108 1987 rem

273 2001 515 2056 {imilitudo
550 2001 744 2053 succedit
769 2038 782 2051 .
822 2000 1042 2051 Caeterum
1081 2001 1182 2055 satis
1221 2003 1421 2068 ineptum
1447 2037 1462 2060 ,
1505 2017 1555 2049 ut
1594 1998 1723 2068 prioriX
1750 2004 1946 2054 doetrina
1974 2007 2109 2061 haere-

271 2076 322 2126 fis
375 2073 585 2124 habeatur
624 2094 641 2130 ,-
687 2073 758 2123 vel
794 2074 1005 2140 quoniam
1046 2069 1136 2139 ipsa
1175 2069 1238 2120 est
1298 2087 1397 2137 quae
1435 2070 1598 2119 futuras
1656 2070 1835 2122 haereses
1887 2073 2111 2123 cavendas

270 2145 589 2216 praenuntiabat
615 2180 628 2192 .
677 2142 750 2192 Ad
786 2147 877 2208 ejus
915 2141 1120 2192 docitrinae
1158 2140 1393 2204 Ecclefiam
1430 2138 1638 2209 scriptum
1664 2197 1666 2199 ,
1689 2140 1753 2196 est
1791 2178 1804 2202 ‚
1843 2142 1983 2193 immo
2015 2142 2109 2212 ipsa

272 2217 469 2266 dostrina
509 2215 565 2265 ad
610 2212 849 2267 Eccleslam
885 2211 1034 2263 scribit
1073 2236 1085 2260 .-
1135 2211 1223 2278 Etst
1261 2208 1430 2278 Angelus
1467 2210 1510 2259 de
1552 2210 1639 2259 caelo
1672 2210 1788 2260 aliter
1827 2212 2109 2281 evangelizaret

278 2293 377 2336 citra
418 2285 536 2354 quam
575 2298 637 2334 rtos
660 2321 675 2347 ‚
708 2282 911 2333 anathema
937 2284 995 2350 fit
1021 2319 1034 2331 .

1225 2430 1322 2464 quam
1333 2419 1485 2464 Apostoli
1498 2423 1672 2457 noluerant
1685 2433 1742 2459 aut
1755 2437 1823 2460 non
1834 2436 2007 2469 potuerant
2033 2441 2110 2472 prae-

1225 2471 1333 2505 dicare
1344 2494 1357 2511 ,
1381 2473 1421 2514 ex
1432 2472 1577 2515 ipsorum
1588 2474 1748 2508 erroribus
1758 2476 1792 2510 &
1804 2477 1891 2519 quasi
1913 2479 2104 2521 captivitate

1226 2518 1458 2559 vindicandam
1479 2533 1517 2557 ac
1537 2522 1740 2558 liberandam
1757 2550 1764 2557 .
1795 2526 1923 2561 Eodem
1947 2528 2106 2564 sarcasmo

1227 2571 1353 2606 Dostor
1372 2572 1476 2616 utitur
1495 2572 1531 2606 in
1553 2574 1661 2617 primo
1681 2574 1830 2611 adversus
1842 2577 2050 2614 Marcionem
2069 2579 2106 2613 li-

494 2437 940 2482 Scuorront

360 2578 518 2642 Qoquo
547 2570 654 2619 modo
678 2571 736 2634 fit
764 2584 958 2630 erratum,
983 2570 1078 2614 &c-
1364 2623 1371 2630 ‚

1227 2621 1306 2655 bro:
1334 2626 1426 2663 Ayum
1447 2625 1625 2657 Marcionem
1646 2636 1705 2657 non
1727 2634 1793 2657 tam
1812 2627 1929 2670 novasse
1951 2629 2105 2672 regulam,
2125 2622 2198 2661 0²1²·
2206 2630 2252 2654 ²⁰·

1225 2683 1315 2713 quam
1326 2675 1404 2712 retro
1415 2673 1619 2707 adulteratam
1632 2675 1774 2718 recurasse
1784 2699 1792 2707 .
1817 2681 1843 2710 ο
1859 2676 1973 2716 christe
1979 2685 2106 2720 patien-

1225 2721 1324 2762 tifflme
1345 2725 1471 2756 Domine
1483 2747 1494 2763 ,
1521 2729 1573 2766 qui
1586 2731 1629 2757 tot
1638 2730 1731 2758 annis
1743 2724 1983 2768 interversionem
1990 2730 2107 2770 prad!-

339 2721 444 2766 Ensus
466 2729 511 2763 est
534 2727 609 2768 hic,
637 2725 861 2771 permittamus
886 2723 1090 2769 primitivam
1107 2721 1167 2758 sub

1225 2777 1350 2804 cationis
1376 2781 1439 2806 tuae
1454 2771 1635 2815 sustinuisti,
1659 2777 1749 2808 donec
1766 2773 1878 2818 scilicet
1899 2776 1955 2810 tib}
1971 2781 2103 2812 Marcion

363 2779 535 2825 Apostolis
560 2777 738 2813 Ecclefiam
764 2777 875 2810 erraffe
898 2801 904 2808 .
944 2776 1072 2810 Demus
1098 2772 1164 2809 hoc

275 2831 449 2869 Gnosticis
461 2851 469 2862 .
499 2829 623 2863 Erraffe
645 2838 686 2861 ex
699 2826 814 2871 quavis
827 2826 959 2860 tandem
977 2825 1092 2860 causa:
1119 2824 1166 2859 si-

274 2896 317 2918 ve
329 2895 370 2916 ex
385 2879 622 2924 Apostolorum
636 2877 822 2922 ignorantia
834 2886 890 2910 aut
903 2875 1050 2917 nequitia
1065 2899 1078 2916 ‚
1101 2872 1167 2908 five

279 2946 321 2968 ex
334 2931 552 2966 Ecclefiarum
567 2929 666 2963 devio
677 2925 843 2962 intelleflu
855 2951 863 2959 .
891 2927 923 2960 Si
936 2925 979 2960 ita
991 2924 1046 2966 fit,
1058 2925 1166 2959 tandiu

279 2988 383 3026 utique
405 2985 542 3024 regnavit
562 2990 643 3013 error
653 3003 665 3020 ,
689 2977 831 3020 quamdiu
844 2974 969 3019 haereses
990 2985 1049 3008 non
1058 2983 1146 3010 erant
1157 2998 1165 3006 .

279 3034 407 3069 Dofior
418 3030 558 3064 affirmat
570 3040 638 3063 rem
652 3027 739 3062 hanc
749 3026 812 3061 effe
826 3026 1025 3069 paradoxam
1037 3049 1048 3065 ,
1076 3022 1166 3066 quod

279 3083 407 3118 Divina
426 3080 613 3114 Clementia
638 3078 818 3121 primitivas
830 3076 888 3110 sub
901 3075 994 3109 omni
1006 3074 1094 3109 coelo
1107 3074 1165 3108 Ec-

279 3133 388 3168 clefias
397 3129 578 3176 generatim
590 3128 718 3163 deviare
730 3127 908 3172 permiserit
919 3148 930 3164 ,
954 3135 991 3158 ac
1011 3124 1084 3168 ipfis
1097 3133 1163 3157 non

281 3181 405 3218 miserit
429 3190 540 3214 verum
552 3178 720 3214 doctorem
740 3178 775 3212 ἃ
787 3177 999 3215 correstorem
1009 3200 1016 3207 .
1045 3174 1165 3215 Aliquos

283 3236 481 3266 Marcionitas
505 3238 558 3263 aut
580 3230 809 3262 Valentinianos
817 3225 976 3260 hberanda
988 3228 1103 3258 veritas
1114 3233 1165 3256 ex-

1220 2820 1396 2863 subveniret
1417 2846 1425 2854 .
1447 2823 1614 2858 Adversus
1637 2824 1776 2859 fimilem
1804 2825 2103 2863 Novatianenfium

1225 2871 1266 2907 de
1292 2873 1350 2913 suo
1376 2871 1571 2908 Novatiano
1597 2876 1882 2918 praesumptionem
1916 2877 2027 2914 scribit
2060 2877 2102 2914 ad

1226 2921 1501 2965 Symphorianum
1514 2925 1650 2958 Sanetus
1664 2925 1827 2960 Pacianus
1847 2927 2100 2962 Barchinonen-

1226 2972 1261 3004 fis
1286 2972 1464 3016 Episcopus
1485 2987 1496 3007 :
1523 2975 1605 3018 Ergo
1630 2976 1651 3006 ci
1677 2974 1792 3017 cbristo
1811 2976 1903 3020 usque
1922 2979 1970 3010 ad
1990 2981 2097 3016 Decii,

1227 3022 1283 3055 sub
1294 3033 1361 3066 quo
1372 3021 1582 3057 Novatianus
1593 3023 1638 3058 est
1653 3024 1792 3060 Ecclefia
1823 3028 1962 3071 egressus
1971 3049 1983 3066 ,
2008 3027 2101 3058 Prin-

1226 3078 1356 3114 cipatum
1367 3074 1465 3106 nullus
1486 3074 1671 3118 intelligens.
1702 3079 1880 3110 Novariam
1899 3076 2017 3108 vindice
2030 3078 2063 3120 J
2065 3086 2097 3108 u-

1221 3123 1308 3161 stttia
1326 3122 1497 3157 liberatur:
1528 3124 1656 3158 authore
1675 3131 1852 3171 corrigitur⁴
1876 3125 2024 3167 quidquid
2045 3135 2097 3159 er·

1227 3179 1313 3206 ravit
1324 3197 1331 3206 .
1637 3206 1641 3209 ,

1278 3223 1437 3258 Notanda
1458 3225 1531 3258 sunt
1546 3220 1853 3260 Tertullianiverba
1870 3236 1878 3256 :
1904 3226 1995 3258 Retro
2012 3225 2100 3258 adul-

279 3281 450 3326 spellabat.
480 3278 536 3313 Est
557 3278 767 3323 digniffimus
788 3277 959 3312 sarcasmus
974 3275 1006 3306 in
1032 3273 1110 3307 istos
1123 3273 1165 3306 fa·
1228 3283 1361 3307 terarum
1401 3275 1542 3319 recuraffe
1568 3299 1575 3307 .
1612 3270 1850 3313 Interverfionem
1869 3275 2098 3315 predicationis

283 3330 422 3373 bulones
432 3356 443 3372 ,
455 3330 622 3365 censentes
632 3328 663 3363 se
674 3328 692 3363 ἐ
703 3329 790 3364 coelo
801 3327 907 3371 lapsos
918 3324 958 3360 ad
972 3323 1139 3370 veritatem
1153 3347 1164 3364 ,

1228 3331 1289 3357 tuae
1313 3349 1320 3357 .
1347 3323 1515 3360 Videntur
1540 3324 1673 3359 asserere
1692 3346 1707 3365 ‚
1739 3320 1829 3366 quod
1853 3323 2006 3360 Marcion
2029 3335 2099 3360 non

1991 3385 2054 3418 pri-
