2346 3724
732 149 1145 194 CAPIT

235 231 354 276 ‘semper
375 236 410 264 in
430 229 616 273 excusatione
645 228 754 263 babent
772 255 782 263 .
816 233 989 264 Caeeutiuttt
1007 234 1091 262 enim
1116 254 1123 261 .

236 286 386 316 invenire
406 290 506 313 autem
528 291 680 323 nunquam
694 281 812 325 poffunt
830 305 840 313 .
864 279 1019 314 Affirmat
1040 279 1126 322 ipsos

239 333 303 366 effe
324 343 364 364 ex
387 341 525 364 numero
550 330 681 364 illorum
698 354 711 370 ,
736 331 777 365 de
803 329 923 375 quibus
947 329 1067 372 scripsit
1083 330 1126 362 A·

241 380 405 426 postolus:
433 382 551 421 semper
560 379 724 424 discentes,
743 382 812 418 five
823 390 1023 423 quaermnes,
1040 380 1129 413 &ad

241 435 384 465 veritatis
407 436 586 474 agnitionem
606 442 761 473 nunquam
775 436 981 474 pervenientes
996 454 1003 462 .
1029 429 1126 464 Hinc

238 480 328 523 ,quod
355 491 422 513 non
436 481 610 514 dumtaxat
636 483 822 525 semetipsos
835 503 846 519 ‚
872 481 923 514 sed
937 480 970 513 &
987 481 1124 520 nostros,

238 531 319 565 dum
340 530 375 564 in
398 531 618 565 seductionem
636 530 898 567 circumscribere
911 530 1125 571 ssudent,ve·

238 580 388 616 :caver-int
408 581 541 615 assiduis
563 581 796 625 quaestionibus
819 606 831 622 ,
869 582 1008 615 affirmat
1035 581 1124 616 idem

237 631 376 665 Irenaeus
397 631 430 664 in
454 631 524 666 alio
545 631 685 675 ejusdem
702 630 777 666 libri
798 631 926 676 capite,
954 633 988 666 ἀ
1012 632 1123 675 adjun-

83 700 165 738 ⁷Cap¹
179 707 223 736 ,5-
238 681 306 726 git:
336 683 382 713 Et
398 680 430 722 fi
447 683 560 725 aliquis
580 694 619 716 ex
640 681 711 722 bis,
737 688 790 725 qui
809 684 938 717 audiunt
949 694 997 717 eos
1010 706 1021 722 ‚
1048 693 1123 726 quae·

236 739 288 764 rat
307 729 468 773 solutiones
482 757 493 772 ,
520 734 573 765 vel
592 732 775 765 contradicat
796 738 839 766 eis
853 757 865 774 ,
890 732 969 767 bunc
978 732 1063 776 quasi
1068 743 1125 765 non

236 785 400 822 capientem
421 787 580 815 veritatem
592 807 603 824 ‚
630 784 728 816 &non
739 782 894 817 habentem
914 784 952 819 de
967 782 1123 828 superiori·

235 831 290 867 bus
302 831 323 862 ἃ
335 841 432 865 matre
450 829 509 874 sua
514 830 615 874 semen
625 833 776 874 affirmant
790 858 797 864 .

286 880 391 915 Porro
410 881 495 924 apud
523 881 661 925 gentiles
674 880 894 926 philosophos
917 884 1124 919 famofiffima

235 931 299 964 fuit
326 930 482 974 quaestio:
509 931 614 971 Unde,
639 932 780 973 &quare
801 934 946 967 malum?
969 934 1123 980 Origina-

234 981 276 1014 lis
300 980 487 1025 ignorantia
511 981 544 1014 δε
569 981 707 1015 carnalis
733 983 998 1027 concupiscentia
1021 1008 1034 1025 ,
1069 995 1125 1027 per

234 1041 314 1074 quas
333 1041 439 1076 genus
461 1030 643 1065 humanum
681 1031 715 1065 in
741 1032 929 1075 flendasac
946 1032 1126 1069 horrendas

233 1081 464 1124 pravitates&
486 1080 689 1114 calamitates
712 1082 865 1125 quotidie
888 1080 1126 1128 praecipitatur,

233 1128 394 1165 omnibus
410 1140 522 1174 patent
544 1130 584 1165 ad
606 1131 742 1165 oculum
756 1156 767 1173 ,
793 1143 827 1168 at
837 1145 950 1169 earum
971 1129 1067 1180 oiigo
1080 1135 1125 1169 est

233 1180 439 1215 secretiffima
451 1206 458 1212 .
487 1180 581 1215 Hinc
593 1180 649 1215 alii
660 1182 790 1218 animas
802 1181 945 1228 peccasse
970 1195 1047 1220 ante
1059 1196 1127 1220 cor-

234 1241 340 1276 pora,
364 1230 551 1266 &istorum
576 1242 781 1276 peccatorum
803 1233 860 1269 hic
880 1234 970 1270 luere
994 1247 1126 1280 poenas,

235 1280 292 1318 alii
316 1281 474 1316 dixerunt
495 1282 577 1325 ipsas
596 1282 725 1318 editas&
739 1293 851 1319 natura
866 1297 1022 1320 noverca.
1052 1286 1125 1321 Alii

237 1330 301 1364 alia
322 1332 557 1365 coecutierunt.
586 1331 719 1366 Cerdon
741 1334 773 1367 ἀ
787 1333 940 1369 Marcion
956 1335 1125 1370 finxerunt

238 1380 307 1414 duo
319 1380 507 1424 Principia,
534 1381 617 1415 duos
630 1381 722 1416 Deos
734 1407 744 1422 ,
773 1383 901 1418 bonum
924 1385 957 1419 δι
979 1385 1101 1420 malum
1114 1400 1126 1420 .-

238 1429 283 1463 Et
304 1430 417 1463 Deum
438 1430 563 1463 malum
588 1433 651 1465 esse
664 1432 817 1467 omnium
839 1435 1001 1469 malorum
1012 1437 1127 1472 autio-

236 1479 351 1513 rem&
364 1479 591 1512 conditorem.
618 1479 711 1513 Hinc
735 1480 909 1517 Platonem
921 1507 932 1522 ‚
957 1485 1034 1518 licet
1046 1497 1124 1530 gen·

236 1527 330 1563 tilem
342 1552 353 1569 ‚
379 1528 449 1562 istis
461 1528 554 1562 fuisse
568 1528 740 1564 meliorem
750 1541 789 1564 ac
799 1531 1028 1575 sapientiorem
1041 1534 1126 1569 reste

235 1579 375 1615 affirmat
394 1578 544 1613 laudatus
575 1578 730 1614 Irenaeus.
758 1581 956 1617 Sceleratum
975 1583 1125 1619 Valenti-

236 1628 271 1663 ni
292 1627 471 1673 collegium
492 1629 557 1663 fuit
578 1627 680 1675 longe
700 1630 830 1666 stultius
852 1657 860 1664 .
901 1633 1036 1667 Etenim
1058 1635 1124 1669 De·

235 1679 402 1724 miurgum
414 1702 425 1718 ‚
453 1681 507 1714 seu
521 1678 632 1714 Deum
641 1691 822 1717 creatorem
833 1681 1068 1727 blasphemavit
1078 1685 1123 1719 es-

234 1729 267 1763 se
287 1728 709 1770 erroris&1abisfruetum,
740 1742 838 1778 atque
850 1733 893 1768 ita
922 1745 963 1768 ex
976 1734 1044 1778 ipso
1058 1746 1128 1770 ma·

233 1778 264 1812 la
286 1779 401 1814 omnia
424 1778 621 1823 proceffiffe.
648 1780 742 1816 Hinc
752 1782 832 1817 item
843 1783 932 1828 apud
954 1785 1030 1820 illos
1041 1797 1123 1831 quae-

233 1828 322 1870 stio,
348 1831 433 1863 Unde
455 1831 565 1863 Deus?
590 1831 638 1864 uti
652 1831 817 1867 Hesiodus
839 1845 878 1867 ac
898 1834 955 1868 alii
981 1835 1123 1879 gentiles

233 1879 345 1914 Poetae
361 1880 509 1914 Deorum
524 1902 536 1919 ‚
559 1879 605 1913 ita
630 1879 855 1918 Valentiniani
878 1883 1035 1919 AEonum
1056 1886 1124 1920 ori·

232 1930 345 1975 ginem
366 1939 513 1973 quaetunt
526 1953 537 1969 ‚
564 1929 789 1967 &stultiffima
806 1933 1013 1970 fabulantur.
1043 1935 1123 1978 Ejus

233 1978 437 2024 blasphemas
458 1979 586 2014 fabulas
607 1979 714 2023 ample
739 1983 876 2026 exponit
888 1985 1039 2019 laudatus
1062 1987 1122 2020 lre-

235 2041 340 2064 naeus.
367 2031 703 2074 Omnerignorarunt
716 2042 824 2067 veram
845 2035 1008 2069 malorum
1021 2036 1122 2081 origi—

235 2090 313 2115 nem
328 2103 339 2120 ‚
363 2078 503 2113 liberum
515 2080 683 2115 rationalis
696 2093 850 2118 creaturae
870 2084 1042 2120 arbitrium
1054 2110 1067 2127 ,
1087 2088 1121 2122 ὃ(

233 2141 275 2168 ex
296 2130 367 2173 ipso
394 2128 490 2164 nobis
502 2140 617 2165 natum
633 2131 995 2178 originalepeccatum.
1026 2137 1121 2171 Hinc

232 2179 322 2214 enim
333 2179 351 2213 ὲ
364 2180 476 2223 primis
491 2181 694 2216 nascentium
721 2183 884 2229 vagitibus
896 2187 997 2228 usque
1009 2187 1050 2220 ad
1062 2198 1117 2220 ex·

232 2240 353 2265 tremos
373 2231 588 2265 morientium
605 2232 747 2275 gemitus
765 2233 810 2265 est
832 2245 930 2277 grave
940 2235 1057 2279 jugum
1072 2236 1120 2268 su-

232 2291 289 2325 pet
305 2280 393 2314 filios
417 2280 498 2317 Adae
521 2304 530 2311 .
556 2281 668 2318 Etiam
693 2283 815 2320 testum
839 2283 979 2318 docendi
1001 2284 1036 2318 δε
1059 2284 1120 2318 dis·

232 2329 330 2371 cendi
352 2329 504 2369 ordinem
527 2330 742 2375 ignorarunt·
769 2332 842 2366 Nec
855 2334 946 2367 enim
974 2342 1120 2367 mentem

231 2379 339 2422 primo
356 2379 397 2417 ad
421 2379 508 2416 mala
519 2379 711 2419 deflectere„
737 2379 823 2414 &ex
835 2380 910 2424 ipsis
930 2381 1014 2416 duos
1027 2381 1121 2416 Deos

229 2428 351 2463 inferre
369 2429 518 2472 oportuit
538 2452 549 2468 ,
587 2428 640 2463 sed
667 2440 770 2464 unum
795 2431 984 2465 Dominum
1006 2430 1119 2466 Deum

229 2489 307 2515 ante
326 2479 441 2513 omnia
464 2478 657 2524 agnoscere,
683 2479 715 2514 δι
729 2489 811 2514 tunc
833 2483 996 2517 malorum
1020 2481 1121 2528 origi-

230 2539 308 2563 nem
319 2527 533 2574 investigare.
560 2528 609 2563 Ita
633 2530 716 2564 recte
736 2530 874 2566 advertit
885 2532 1062 2578 Septimius
1084 2534 1120 2568 in

233 2577 320 2615 libro
335 2577 375 2615 de
393 2579 644 2617 Resurrestione
656 2604 664 2613 .

117 1614 180 1648 Lib.
192 1624 220 1651 3.

57 2035 218 2075 Liba-cap.

59 2086 105 2107 ao.
115 2087 161 2107 ar.
171 2086 217 2107 η.

94 2535 170 2572 Cap.
191 2544 214 2565 ι.

352 2734 412 2777 Do
436 2727 654 2796 Entlgymcfi
678 2736 738 2778 Θ
764 2732 983 2783 Εὲἶνονηαιε
998 2771 1013 2783 .

237 2915 239 2917 ,
279 2878 399 2913 Tertia
425 2877 740 2918 Valentinianorum
764 2881 920 2918 AEonum
946 2883 1051 2921 classis
1071 2887 1117 2923 est

228 2925 431 2963 duodenaria
445 2953 456 2968 ,
481 2929 515 2963 ἀ
524 2930 593 2972 ejus
605 2931 782 2975 postremus
795 2931 893 2968 AEon
907 2934 952 2968 est
967 2934 1090 2979 Sophia
1103 2965 1112 2974 .

229 2979 314 3014 Haec
332 2979 414 3014 dum
438 2978 634 3016 invisibilem
646 2980 781 3018 Patrem
807 2982 923 3019 illicita
935 2985 1118 3025 curiositate

230 3029 346 3073 quaerit
367 3028 532 3064 intueri&
545 3031 694 3071 noscere,
724 3032 844 3068 cecidit
855 3043 946 3069 extra
956 3033 1119 3080 Pleroma,

233 3080 315 3117 faeta
335 3079 381 3114 est
405 3079 479 3114 ovis
503 3090 612 3114 errans
625 3105 636 3121 ,
662 3082 801 3117 incurrit
819 3085 941 3121 multas
954 3087 1116 3125 calamita·

231 3140 282 3165 tes
292 3154 303 3170 ‚
328 3141 367 3164 ac
378 3129 512 3168 tandem
526 3129 593 3173 ejus
606 3128 814 3173 Enthymesis
826 3133 983 3170 abortivit
1005 3138 1116 3174 Demi-

1217 161 1234 190 1
1292 158 1324 189 -s
1429 143 1600 187 VII.
1897 156 1995 199 υς

1182 236 1284 261 ratam
1299 228 1322 259 ἃ
1336 226 1486 271 superiori
1494 227 1662 260 Pleromate
1681 236 1747 260 eum
1764 230 1886 270 paffione
1901 231 2009 265 dicunt
2018 235 2066 264 in-

1183 278 1332 311 umbrata
1354 283 1506 311 vanitati:
1529 278 1597 310 locis
1607 275 1779 319 deferbuisse
1792 287 1845 318 per
1857 282 2060 320 neeeffitatem.

1187 332 1291 361 Extra
1310 334 1392 360 enim
1409 330 1511 362 lumen
1521 327 1614 370 sada
1637 326 1678 367 es}
1703 350 1716 366 ,
1738 328 1776 361 et
1793 338 1885 360 extra
1906 334 2064 374 Pleroma„

1184 378 1323 421 informis
1337 377 1539 422 &fine-specie
1550 403 1561 418 ,
1585 375 1673 421 quafi
1680 376 1803 410 abortus
1814 401 1826 417 ,
1847 379 1915 411 ideo
1931 387 2004 421 quia
2021 386 2067 415 nt-

1184 428 1231 462 brl
1239 427 1458 471 apprehendit.
1486 429 1589 463 Extra
1600 427 1754 463 Pleroma
1771 437 1882 460 errans
1901 428 1993 463 &ob
2011 443 2068 465 21-

1187 489 1290 513 rorem
1300 480 1508 514 consternata
1517 477 1643 521 Sophia
1658 477 1819 513 abortivit
1831 476 2045 519 Euthymefin
2054 504 2069 521 ‚

1189 528 1397 572 Enthymefis
1408 529 1630 575 Demiurgum
1643 552 1653 569 ,
1679 527 1883 572 Demiurgus
1895 528 2072 563 mundum.

1186 579 1344 614 Noranda
1354 580 1428 613 sunt
1442 577 1555 612 verba:
1586 583 1694 613 Extra
1716 580 1960 612 lumen&extra
1971 579 2071 612 Plero-

1185 641 1253 663 ma.
1284 629 1434 677 Qisque
1457 630 1547 663 euim
1560 628 1735 664 Valentini
1747 628 1901 663 AEonest
1913 629 2071 664 lumen&

1187 680 1273 723 quali
1298 681 1432 716 accensa
1450 680 1508 714 fax
1529 693 1544 713 .·
1570 680 1614 714 Et
1637 679 1811 721 quomodo
1835 679 1941 723 plures
1962 680 2073 721 faces,

1187 730 1265 764 dum
1285 730 1536 775 conjunguntur
1554 753 1565 769 ,
1602 730 1761 764 uniuntur
1782 729 1818 763 in
1840 738 1941 763 unam
1978 728 2075 764 flam·

1187 790 1296 823 mam3
1324 781 1563 824 ita&triginta
1576 779 1732 820 AEones‚
1756 780 1838 814 dum
1859 790 1946 813 unus
1964 771 2085 823 proc&

1185 829 1234 865 dit
1255 829 1296 865 ab
1311 830 1435 871 altero,
1463 832 1537 865 sunt
1561 830 1672 865 lumen
1693 830 1736 864 de
1757 830 1885 864 lumine
1907 853 1919 870 ,
1947 830 1983 864 ὅ(
2003 841 2074 865 om-

1189 891 1243 915 nes
1264 883 1338 915 sunt
1359 892 1463 916 unum
1486 891 1645 926 magnum
1666 880 1779 915 lumen
1794 905 1802 912 .
1830 882 1912 916 Hoc
1933 879 1979 915 est
1990 879 2075 925 ipso-

1188 942 1259 965 rum
1279 931 1446 966 Pleroma.
1473 930 1555 966 Non
1579 932 1944 976 expendamustempus
1954 931 1988 964 in
2002 930 2075 965 inu·

1189 981 1261 1016 tiles
1275 981 1311 1015 ὅ(
1327 982 1494 1017 sceleratas
1515 981 1663 1016 fabulas.
1692 981 1758 1016 Eas
1776 983 1843 1016 effe
1863 982 1948 1021 risu,
1973 990 2075 1025 qnam

1187 1034 1328 1066 refutatu
1347 1032 1540 1077 digniores,
1565 1030 1649 1066 reste
1671 1031 1812 1066 affirmat
1837 1032 1987 1066 laudatus
2011 1031 2077 1066 Ire·

1190 1093 1274 1117 naeus
1297 1106 1305 1114 .
1341 1082 1478 1116 Interim
1499 1080 1580 1116 hinc
1607 1082 1694 1116 lucet
1717 1106 1728 1122 ,
1763 1080 1855 1126 quod
1876 1081 2078 1116 Valentinus

1189 1143 1257 1167 non
1281 1131 1423 1175 primi&
1442 1132 1582 1175 supremi
1594 1131 1841 1175 Protopatoris,
1870 1131 2079 1166 redeuntum

1188 1181 1365 1217 dumtaxat
1387 1181 1568 1222 AEonum,
1594 1192 1632 1214 ac
1671 1181 1843 1225 prasertim
1879 1181 2081 1226 Demiurgi,

1189 1233 1351 1279 originem
1375 1231 1542 1276 inquifivit
1564 1256 1572 1264 .
1618 1230 1875 1276 Protopatorem
1894 1231 1941 1266 est
1961 1231 2081 1277 profes-

1189 1285 1241 1318 sus
1270 1283 1332 1318 effe
1356 1283 1375 1317 a
1398 1282 1589 1328 semetipso.

1285 1436 1368 1497 Qt‘
1400 1431 1476 1481 illis
1499 1429 1754 1480 Dialetiicam
1779 1431 1962 1497 instituit.

1260 1579 1367 1628 Qod
1403 1579 1590 1615 Aristotelis
1628 1579 1811 1614 Dialectici·
1836 1581 2079 1618 Gnosticorum

1188 1630 1403 1674 blasphemias
1423 1630 1582 1673 adjuverit
1603 1654 1615 1670 ,
1653 1629 1789 1665 testatur
1815 1631 1916 1665 etiam
1942 1633 2080 1668 Sanetus

1189 1681 1345 1716 Irenaeus:
1376 1682 1619 1723 Minutiloquium
1631 1678 1890 1724 &sublimitatem
1900 1688 1979 1717 circa
1992 1694 2076 1726 que-

1182 1731 1312 1771 stiones,
1335 1733 1402 1765 tum
1417 1730 1457 1773 fit
1483 1730 1718 1771 Aristotelicum,
1742 1731 1857 1773 inferre
1871 1731 1948 1774 fidei
1971 1743 2084 1766 tonan·

1187 1791 1255 1816 tur.
1282 1782 1433 1831 Qidam
1442 1781 1576 1817 codices
1590 1781 1715 1826 legunt:
1727 1783 1953 1824 Multiloquium
1963 1781 2082 1826 &sub-

1185 1833 1345 1867 tilitatem.
1372 1831 1497 1867 Nostra
1510 1832 1608 1866 lectio
1619 1831 1664 1865 est
1676 1831 1796 1866 melior
1807 1855 1815 1864 .
1845 1832 1981 1867 Etenim
1994 1833 2079 1869 Dia·
2099 1834 2159 1865 Lib.
2171 1848 2200 1864 ι.

1186 1883 1373 1917 lecticarum
1403 1881 1623 1918 subtilitatum
1646 1892 1817 1916 venatores
1836 1884 2078 1918 consueverunt
2099 1884 2220 1914 capa,-

1186 1945 1256 1969 non
1276 1932 1452 1968 dumtaxat
1475 1934 1510 1966 in
1532 1943 1614 1966 voce
1638 1942 1695 1966 aut
1720 1930 1845 1975 syllaba
1860 1957 1872 1974 ,
1898 1933 1953 1968 sed
1972 1935 2079 1969 etiam

1188 1984 1221 2018 in
1242 1994 1311 2017 uno
1324 1985 1416 2027 apice
1428 1984 1495 2018 vim
1517 1983 1623 2017 facere
1642 1982 1677 2016 δε
1698 1980 1899 2026 emphasim,
1918 1993 2017 2027 atque
2030 1985 2080 2020 ita

1188 2034 1295 2069 sestari
1315 2033 1590 2079 minutiloquium
1616 2057 1625 2065 .
1663 2032 1767 2078 Qod
1791 2031 1979 2068 Aristotelis
1995 2034 2081 2070 Dia·

1186 2084 1301 2119 lectica
1336 2084 1463 2119 cunais
1493 2080 1661 2117 haerefibus
1682 2079 1845 2123 adjutoria
1870 2081 1905 2117 ἀ
1926 2083 2078 2119 fomenta

1186 2133 1431 2170 subministrare
1452 2133 1555 2167 soleat
1574 2155 1584 2169 ‚
1613 2130 1753 2165 affirmat
1779 2131 1880 2166 eriam
1903 2132 1941 2167 in
1967 2133 2081 2170 Saneii

1188 2184 1294 2218 Amos
1313 2183 1484 2226 Propheta:
1505 2181 1750 2215 commentariis
1772 2205 1784 2221 ,
1826 2180 1892 2216 haee
1915 2183 1984 2227 ejus
2011 2196 2081 2220 ver-

1186 2232 1249 2272 ba,
1276 2236 1438 2266 conteram
1457 2230 1556 2265 velie:
1578 2228 1738 2273 Damaftt,
1765 2242 1937 2276 exponens
1959 2233 2078 2271 beatus

1186 2283 1435 2325 Hieronymus:
1464 2281 1566 2315 VeHes
1582 2279 1724 2324 Damasi!
1748 2305 1759 2321 ‚
1786 2281 1958 2325 quafiserae
1981 2286 2074 2320 robu-

1178 2331 1304 2372 stffmae
1320 2341 1411 2372 atque
1425 2331 1590 2371 fortifflmae
1603 2356 1614 2371 ,
1639 2330 1671 2364 bi
1687 2332 1897 2375 intelliguntur
1910 2358 1921 2374 ,
1949 2341 2001 2377 qui
2024 2342 2075 2370 in·

1178 2381 1284 2421 struat
1295 2379 1371 2423 sunt
1392 2389 1459 2413 arte
1477 2381 1636 2414 dialectica
1658 2404 1668 2420 ‚
1706 2382 1740 2415 ὁ·
1759 2390 1946 2426 argumentis
1973 2384 2077 2420 Phiio-

1178 2429 1339 2474 fhpborum
1357 2456 1365 2463 .
1395 2430 1486 2464 Verbi
1503 2437 1612 2475 gratia
1636 2429 1737 2470 ostium
1760 2442 1906 2475 vocatur,
1928 2441 1985 2477 qut
2002 2435 2074 2478 fat.

1177 2480 1247 2526 sum
1266 2482 1374 2526 dogma
1392 2486 1524 2523 concepit
1547 2482 1582 2515 <St
1598 2487 1719 2522 peperit
1743 2506 1754 2521 ,
1778 2491 1812 2517 ut
1833 2488 1921 2517 Arius
1942 2492 1976 2517 in
2005 2488 2071 2521 Ale.

1180 2533 1318 2565 xandria
1338 2556 1346 2563 .
1383 2531 1485 2564 maes
1505 2532 1570 2572 eJ'us
1593 2533 1627 2564 Θ
1646 2529 1721 2573 serae
1737 2532 1906 2574 forttffirnae
1922 2559 1932 2574 ‚
1958 2536 2074 2575 Euthy-

1178 2582 1262 2616 chius
1272 2583 1307 2616 ό·
1319 2585 1487 2615 Eunomius
1497 2605 1510 2622 ,
1528 2588 1579 2625 qui
1584 2579 1754 2625 syllogismis
1767 2583 1801 2616 6
1813 2583 2042 2623 enthymematis
2063 2611 2078 2629 ,

1180 2634 1215 2668 et
1234 2631 1484 2676 sophismatibus,
1508 2643 1579 2674 quae
1603 2631 1642 2665 ab
1661 2633 1732 2665 aliis
1744 2635 1822 2668 mali
1843 2635 2069 2679 inventafimt,

1179 2683 1316 2717 roborare
1335 2692 1499 2716 tonantur.
1526 2682 1580 2716 De
1594 2682 1677 2717 Ario
1699 2682 1809 2719 scribit
1830 2685 1933 2719 etiam
1957 2686 2068 2720 Socra-

1181 2744 1229 2768 tes
1250 2745 1258 2766 :
1287 2737 1377 2767 Arius
1397 2743 1463 2767 erat
1483 2732 1706 2767 dialecticarum
1728 2738 1920 2777 argutiarum
1941 2737 2066 2769 minim?
2091 2741 2190 2776 Liba.

1178 2788 1319 2828 ignarus.
1347 2784 1390 2818 Et
1411 2782 1567 2817 Hermias
1588 2782 1802 2816 zozomenus
1824 2795 1834 2814 :
1862 2787 1952 2816 Arius
1973 2784 2066 2827 «ἐωξ-
2087 2791 2151 2822 cap.
2172 2793 2201 2823 3.

1178 2834 1266 2868 rendi
1282 2831 1450 2877 subtilitate
1467 2842 1535 2866 erat
1549 2843 1616 2865 cum
1634 2837 1746 2872 primis
1768 2832 1915 2866 excellens
1930 2859 1938 2866 .
1967 2833 2011 2869 Et
2022 2834 2067 2871 de

1179 2884 1304 2919 cunctis
1323 2882 1509 2928 generatim
1543 2880 1676 2916 Arianis
1694 2879 1805 2915 scribit
1824 2882 1866 2916 ad
1890 2884 2068 2926 imperato-

1181 2945 1249 2969 rem
1267 2933 1466 2968 Gratianum
1488 2932 1524 2967 in
1557 2931 1649 2966 libris
1668 2930 1712 2965 de
1736 2929 1801 2965 fide
1820 2932 1959 2968 Sanetus
1987 2935 2069 2969 Am·
2108 2974 2115 2981 ι

1182 2983 1323 3019 brolius:
1346 2987 1472 3017 omnem
1480 2988 1546 3016 vim
1556 2991 1736 3017 venenorum
1751 2980 1877 3025 ficorum
1889 2990 1922 3016 in
1931 2986 2066 3020 drale&-
2086 2974 2146 3005 Lrb.
2159 2987 2188 3008 ¹·

1178 3047 1215 3070 ca
1238 3032 1444 3078 disputatione
1477 3032 1658 3075 constituunt
1677 3055 1689 3071 ‚
1722 3042 1792 3075 quae
1818 3033 2062 3077 Philosophorum
2082 3023 2148 3054 ⁶²⁹·
2166 3026 2196 3054 3·

1175 3085 1328 3130 sententia
1343 3084 1488 3127 definitur
1505 3109 1517 3125 ,
1554 3094 1615 3117 non
1639 3080 1815 3123 adstruendi·
1839 3090 1906 3119 vim
1929 3085 2064 3128 habere,

1174 3135 1234 3180 sed
1246 3135 1374 3177 studium
1391 3134 1575 3175 destruendi.
1602 3132 1747 3168 Eosdem
1759 3131 1906 3179 Arianos
1927 3135 2064 3170 sanstus

232 3191 352 3225 urgum
366 3204 375 3220 ‚
402 3181 515 3216 Deum
535 3191 735 3215 creatorem.
767 3182 953 3221 Audiamus
973 3185 1116 3225 fabulam
1181 3185 1384 3231 Epiphanius
1407 3184 1551 3230 appellat
1572 3193 1678 3218 nouos
1688 3182 1940 3227 Aristotelicos,
1963 3187 2064 3221 &ad-

108 3251 169 3282 Lib.
191 3263 212 3282 ¹.
230 3229 250 3264 ὲ
273 3232 393 3266 Santsto
419 3230 557 3265 Irenaeo:
587 3234 640 3265 Ea
661 3242 730 3274 quae
751 3241 843 3266 extra
868 3236 1113 3275 Plo-emam.

1179 3237 1287 3282 jungit
1305 3238 1436 3273 causam
1449 3249 1461 3269 .-
1482 3238 1568 3267 Nam
1576 3234 1668 3276 hujus
1681 3233 1853 3277 Philosophi
1865 3242 1955 3269 virus
1976 3247 2064 3271 omne
2085 3245 2184 3280 Haefefi
2191 3250 2242 3285 69·

107 3301 170 3330 cap,
195 3302 218 3323 1,
232 3289 283 3321 tur
298 3283 319 3313 ἃ
342 3283 566 3314 Valentinianis
579 3307 590 3323 ‚
615 3278 686 3325 sunt
705 3282 783 3316 talia
795 3307 803 3315 .
829 3284 1020 3329 Embmfin
1035 3289 1115 3325 aaa,
1179 3294 1210 3321 in
1224 3286 1326 3332 seipfis
1346 3286 1547 3329 expresserunt
1561 3309 1572 3326 ,
1597 3286 1633 3320 6·
1652 3284 1837 3319 innocentem
1849 3287 1978 3327 Spiritus
1987 3288 2064 3321 San·
2082 3296 2145 3328 cap.
2154 3293 2201 3325 69.

232 3329 387 3372 [ispe-riori:
407 3334 427 3365 5
429 3330 526 3375 opbiae
539 3356 550 3373 ,
571 3344 665 3376 quam
676 3333 710 3367 (a
725 3331 863 3367 achamoe
874 3344 984 3371 vocant
994 3362 1007 3380 ‚
1027 3337 1115 3384 sepa-

1178 3338 1217 3372 81
1219 3338 1439 3382 fimplicitaetem
1449 3347 1483 3371 ac
1491 3335 1706 3380 benignitatem
1720 3335 1906 3378 reliquerunt
1917 3360 1926 3369 .
1950 3338 2064 3420 ἳνα·

1918 3397 1959 3431 ge
1970 3392 2016 3420 ica
