2346 3724
636 148 1053 194 capra

207 240 272 266 eum
285 231 410 265 Domino
418 228 487 274 effe,
512 228 577 264 tiam
586 238 652 263 eum
669 234 702 264 in
712 229 904 274 Baptismate
914 224 1083 262 induerint.

208 286 269 316 Hoc
289 283 416 322 denique
424 285 539 323 ingenio
549 286 639 313 ettam
649 285 681 313 in
692 282 840 325 colloquiis
858 279 950 324 saepd'
961 275 1082 317 Nostros

1123 157 1141 191 1
1208 158 1226 189 S

1333 142 1609 188 XXXIII.
1860 159 1955 205 273

1144 234 1291 268 perennes
1303 228 1431 257 veniant
1442 246 1453 262 ,
1479 220 1637 262 adfistant:
1665 225 1774 258 VIdeat
1783 228 1848 261 illos
1860 240 1940 262 meus
1950 228 2026 263 Tho-

1146 289 1213 309 mas
1225 300 1236 316 ,
1261 275 1370 307 audiat
1381 297 1391 312 ,
1411 271 1566 306 contredlet
1576 297 1587 312 ,
1614 280 1703 314 atque
1714 277 1832 308 credat.
1863 279 2026 313 Existimo

207 332 340 374 decipere
356 327 567 372 consueverunt
580 354 591 371 ,
617 330 698 374 quafi
719 333 753 366 <ve
774 330 831 374 ipſs
850 327 1086 373 reficrreHionem
1104 339 1108 372 ⁴!
1148 324 1326 369 Hymenaei
1337 324 1370 357 &
1384 321 1508 356 Phileti
1520 322 1562 357 de
1571 322 1670 356 solius
1681 323 1799 356 animae
1809 336 1862 367 per
1871 327 2027 367 justitiam

207 384 311 415 earnis
332 380 517 423 admittant.
544 384 619 421 Vae,
649 387 806 423 inquiunt,
831 386 883 423 qui
904 390 962 413 non
979 383 1013 411 in
1033 376 1087 410 bac

208 441 296 465 earne
305 427 509 472 resurrexerit.
538 435 589 465 Ne
603 431 783 471 statimillos
791 435 982 473 percutiant,
1002 425 1031 469 fi
1043 438 1089 461 re-

206 479 411 526 fierret‘lionem
429 480 532 520 statim
553 482 730 516 abnuerint.
758 481 858 515 Tacite?
869 489 970 514 autem
986 477 1089 521 secun-

208 532 282 565 dim
304 528 506 572 conscientiam
523 529 612 574 suam
625 531 676 564 boc
693 530 849 574 sentiunt.-
877 535 932 564 Vae
944 534 995 572 qui
1008 538 1064 561 non
1077 550 1089 567 ‚

210 581 282 612 dum
303 585 336 612 in
356 579 411 613 bac
421 592 509 615 carne
519 581 557 621 est
569 604 580 620 ,
602 587 768 626 cognoverit
791 583 909 615 Arcana
927 580 1068 613 haeretica
1080 602 1088 610 .

209 634 271 664 Hoc
281 629 320 669 est
332 632 417 671 apud
426 632 490 664 illos
499 630 668 674 resurret‘lio
678 655 685 663 .
714 632 774 664 sed
798 633 832 665 eb·
841 631 977 673 plerique
989 629 1027 661 ab
1039 639 1090 661 ex·

208 680 279 722 sessu
289 685 398 713 animae
411 680 644 723 resicrrec‘lionem
655 683 849 715 vindicantes
860 705 872 721 ,
892 682 929 714 de
936 677 1090 724 sepulchro
1118 685 1123 691 '

209 735 312 769 exire,
340 732 377 763 de
398 728 505 773 saeculo
514 733 644 766 evadere
659 738 916 774 interpretantur:
945 732 1030 774 ,Quia
1057 730 1091 762 (ν

203 777 347 822 saecuium
369 790 544 814 mortuorum
558 779 597 823 fit
616 781 839 820 babitaculum,
864 782 901 814 id
920 781 960 819 esi
975 804 986 820 ,
1014 785 1093 822 igno-

210 834 347 862 rantium
358 830 472 864 Deum.
499 833 556 865 Vel
561 837 652 865 etlam
665 833 702 865 de
711 830 773 874 ipso
782 839 918 872 corpore:
945 832 1032 873 ,Quia
1059 830 1093 863 Θ*

210 887 317 920 corpu-s
329 884 392 913 vioe
396 879 546 924 sepulchri
555 880 718 924 conclusam
729 888 863 914 animam
886 886 919 913 in
938 879 1090 923 saecularis

213 934 294 963 ωτι
317 939 410 964 morte
421 932 556 964 detineat
567 955 574 962 .
602 929 831 965 Valentiniani
845 930 945 975 igitur
957 939 1093 968 omnes,

211 989 250 1012 ac
263 978 369 1022 plures
382 980 460 1014 item
474 980 647 1021 Gnostici,
676 981 816 1015 nostram
835 977 1094 1014 resurrectionem

210 1028 365 1063 dixerunt
389 1030 452 1064 effe
472 1030 613 1065 nostram
639 1029 929 1073 justificationem,
956 1029 1010 1062 seu
1023 1026 1096 1061 ade-

212 1079 365 1122 ptionem
386 1078 520 1112 Divinae
537 1078 744 1123 cognitionis
759 1104 766 1111 .
796 1078 877 1113 Haec
897 1079 989 1112 enirn
1010 1076 1095 1121 apud

211 1127 298 1171 ipsos
310 1126 494 1161 fuit'uostra
514 1127 718 1171 justificatio.
747 1128 842 1162 Hinc
864 1138 980 1163 omnes
1001 1128 1097 1164 dixe·-

213 1183 289 1210 runt
300 1177 562 1212 resurreaionem
584 1188 639 1212 aut
652 1178 715 1212 effe
725 1178 790 1221 jam
802 1179 917 1213 fastam
929 1203 941 1219 ,
966 1189 1022 1213 aut
1034 1190 1098 1213 cer-

213 1226 248 1261 te
261 1226 295 1259 in
308 1225 370 1260 hae
382 1227 450 1260 vita
462 1227 532 1261 fieri
547 1252 554 1260 .
582 1227 712 1272 Nempe
722 1228 756 1262 in
771 1229 937 1272 Baptismo
948 1254 958 1269 ,
985 1238 1042 1262 aut
1065 1228 1098 1260 in

213 1277 290 1310 vitae
304 1276 415 1310 exitu.
443 1276 522 1311 Hoc
540 1277 630 1312 enirn
652 1279 688 1312 in
700 1278 791 1312 exitu
812 1280 1006 1313 censuerunt
1026 1278 1099 1311 ani-

216 1335 307 1359 mam
318 1326 437 1360 intrare
448 1327 482 1359 in
496 1327 646 1362 Pleroma
658 1352 668 1368 ‚
685 1327 832 1372 adeoque
845 1332 878 1362 in
893 1328 1021 1372 plenam
1033 1327 1099 1361 Dei

215 1375 373 1409 notitiam
386 1401 394 1408 .
425 1377 527 1423 Qod
551 1378 611 1411 ista
623 1377 774 1412 scelerata
794 1380 893 1413 fastio
905 1379 1003 1413 fuerit
1015 1377 1101 1411 Cad-

216 1436 297 1459 maea
311 1425 517 1466 fraternitas,
543 1428 586 1460 est
599 1427 663 1469 jam
687 1428 950 1471 saepiusdiltum.

266 1473 450 1509 Menander
479 1476 759 1511 fuitimmediatus
772 1479 916 1512 Simonis
936 1478 1035 1522 Magi
1054 1477 1101 1511 di-

215 1521 378 1567 scipulus,
404 1524 552 1570 adeoque
573 1527 716 1560 omnino
738 1527 853 1561 docuit
878 1528 911 1561 &
931 1527 1102 1561 blateravit

218 1573 280 1608 sub
301 1573 491 1618 Apostolis.
519 1576 630 1611 Etiam
651 1575 737 1610 dixit
762 1577 1102 1619 resurrectionemjam

218 1624 282 1657 effe
294 1624 412 1658 factam
425 1649 432 1656 .
462 1624 523 1659 Ast
536 1626 603 1660 alio
615 1627 718 1661 modo
728 1650 735 1658 .
763 1627 867 1660 Hunc
879 1628 1017 1670 exponit
1030 1628 1104 1660 san-

96 1673 159 1707 Lib·
173 1683 196 1703 ¹-
218 1675 286 1707 Cius
298 1672 458 1707 Irenaeus:
484 1677 611 1708 Simonis
627 1676 835 1719 Successor-fuit
851 1678 1018 1710 Menander
1029 1700 1040 1716 ‚
1053 1678 1105 1708 ςα-

77 1723 143 1754 c³²P·
155 1723 202 1743 ²¹·
219 1728 343 1756 marites
350 1734 457 1766 genere
467 1749 477 1764 ‚
504 1731 556 1767 qut
583 1728 617 1760 cb·
627 1725 689 1769 ipse
700 1727 742 1758 ad
749 1726 896 1770 summum
908 1731 1018 1770 Magiae
1035 1734 1104 1767 per-

219 1778 305 1807 venit
318 1798 325 1804 .
353 1775 442 1806 Dixit
453 1773 687 1816 refitrrec‘lionem
695 1784 750 1817 per
763 1779 798 1809 id
808 1801 819 1816 ,
845 1779 921 1819 quod
939 1778 976 1816 est
997 1782 1028 1808 in
1040 1787 1105 1808 eum

218 1820 402 1865 Baptisma,
431 1829 562 1865 accipere
581 1827 644 1864 ejus
668 1825 824 1867 discipulos
851 1851 860 1865 ,
888 1829 921 1859 Θ·
943 1826 1025 1858 ultra
1046 1836 1104 1857 non

212 1874 289 1915 posse
300 1877 373 1905 mori
385 1894 396 1911 ,
416 1871 473 1914 sed
480 1872 672 1916 perseverare
692 1885 749 1906 non
755 1873 937 1916 senescentes
957 1900 964 1912 ‚
993 1877 1026 1908 eb·
1045 1880 1104 1905 im·-

217 1924 375 1956 mortales.
407 1924 551 1964 Exponit
566 1926 597 1956 in
612 1923 836 1958 Ecclefiastica
863 1924 995 1958 historia
1012 1924 1104 1958 Euse-

217 1971 311 2006 bius:
339 1975 508 2006 Menander
531 1974 627 2005 docuit
650 1985 696 2004 eor
711 1997 722 2012 ,
749 1980 798 2014 qui
818 1972 871 2014 suo
884 1973 1040 2015 Baptismo
1061 1975 1107 2005 d}-

217 2029 308 2065 gnati
319 2024 407 2062 essem
427 2046 432 2050 .
460 2031 635 2060 perpetuam
646 2034 677 2052 m
688 2023 742 2054 hac
764 2031 833 2053 vita
849 2024 1104 2054 immortalitatem

219 2073 376 2111 adeptum,
403 2095 409 2106 ,
438 2079 467 2100 «τ’
494 2082 548 2100 non
563 2070 690 2111 amplius
710 2069 859 2112 subituros
880 2080 1021 2111 mortem,
1047 2069 1106 2113 sed

216 2122 315 2154 eodem
336 2127 368 2151 in
382 2121 438 2151 loco
464 2131 491 2149 <n
504 2131 646 2153 aeternum
666 2127 878 2154 commorantes
892 2145 902 2161 ‚
931 2122 1003 2155 nulli
1022 2119 1104 2163 senio

218 2181 255 2203 ac
266 2171 342 2203 nulli
354 2176 544 2202 internecioni
555 2172 718 2213 aliquando
741 2171 879 2205 obnoxios
883 2169 952 2212 fore
963 2197 970 2204 .
1001 2171 1045 2204 Et
1069 2171 1101 2203 in

219 2219 305 2254 libro
315 2221 356 2253 de
368 2221 477 2254 anima
489 2221 596 2252 noster
608 2222 800 2263 neptimius:
829 2227 970 2256 Haeretici
981 2224 1101 2253 Menan·

219 2271 268 2303 dri
278 2272 463 2303 samaritani
470 2270 557 2311 furor
570 2270 745 2313 conspuatur
755 2295 765 2310 ‚
793 2271 918 2303 dicentis
931 2279 1051 2304 mortem
1063 2271 1105 2303 ad

214 2320 284 2364 suos
298 2331 354 2351 non
370 2322 453 2353 modo
475 2333 532 2352 non
543 2328 691 2361 pertinere
702 2346 712 2360 ‚
739 2320 843 2354 'verum
865 2332 916 2354 nec
924 2327 1098 2363 pervenire.

218 2374 258 2403 In
271 2368 322 2401 boc
327 2367 434 2413 scilicet
441 2369 474 2412 se
489 2372 508 2401 ἃ
524 2369 663 2412 fiaprema
689 2373 722 2404 <3⁶
744 2381 855 2403 arcana
877 2371 1024 2411 Potestate
1049 2373 1105 2402 Le·

215 2430 347 2463 gotum,
375 2429 408 2451 ut
419 2422 599 2452 immortales
629 2420 928 2461 &incorruptibiles‚
954 2421 988 2453 (θ’
1003 2418 1105 2458 statim

221 2467 442 2512 reficrrelliont's
453 2477 597 2510 compotes
607 2469 706 2512 fiant,
732 2476 784 2511 qui
795 2468 956 2512 Baptisma
978 2472 1043 2510 ejus
1062 2473 1107 2501 in-

221 2520 337 2552 duerint
349 2542 357 2550 .
384 2518 547 2553 Mirificos
560 2517 727 2553 hincinde
739 2520 847 2554 fontes
873 2520 906 2552 ὅ(
918 2520 997 2554 alias
1007 2530 1106 2562 aquas

221 2580 393 2603 enumerat
412 2592 421 2607 ,
448 2580 543 2611 atque
558 2572 681 2614 pergit:
708 2568 861 2613 ,Quodhoc
872 2570 1036 2603 Menandri
1046 2567 1106 2601 bal-

223 2628 312 2652 neum
337 2618 350 2650 ἓ
378 2621 523 2660 Magicum
545 2621 629 2653 credo
647 2645 654 2652 .
683 2622 741 2653 Sed
758 2631 809 2653 cur
830 2629 894 2652 tam
914 2619 1106 2661 infrequens,

226 2677 291 2701 tam
311 2670 453 2701 occultum
475 2692 486 2707 ,
513 2680 567 2710 quo
586 2671 740 2710 pauciffimi
759 2672 869 2703 lavant
889 2671 901 2703 ἓ
937 2668 1105 2712 suspellam

223 2725 303 2752 emm
308 2716 428 2758 faciam
442 2726 559 2751 tantam
571 2726 727 2752 raritatem
734 2718 896 2762 securtffimi
922 2729 1013 2761 atque
1023 2716 1105 2762 tutis-

223 2767 285 2809 fimi
299 2770 482 2801 sacramenti
496 2792 505 2806 2
531 2771 615 2811 apud
634 2771 714 2812 quod
738 2780 786 2802 nec
801 2778 858 2811 pro
868 2773 930 2802 Deo
949 2767 1012 2811 ipso
1032 2775 1104 2802 mori

223 2819 272 2851 Iex
289 2817 326 2856 est
338 2842 349 2857 ‚
375 2819 438 2850 cum
451 2828 551 2851 contra
563 2831 660 2853 omnes
675 2831 752 2854 nunc
762 2824 898 2852 nationes
918 2817 1104 2862 adscendunt

224 2870 270 2901 ad
276 2878 404 2901 montem
429 2871 568 2909 Domini,
595 2871 629 2903 &
649 2875 681 2903 in
693 2871 789 2904 aedem
811 2872 867 2902 Dei
880 2869 1002 2914 Jacob,
1033 2880 1104 2902 mor-

222 2926 282 2951 tem
313 2927 368 2960 per
392 2925 564 2970 martyr-turn
583 2931 691 2962 quoque
716 2919 893 2965 flagitantes
917 2945 929 2960 ,
954 2930 1044 2962 quam
1066 2920 1103 2953 de

224 2967 339 3008 cbristo
360 2974 450 3001 etlam
467 2966 520 3010 suo
530 2975 647 3013 exegit.
676 2971 860 3005 Hominem
883 2969 964 3004 reste
974 2969 1104 3014 arguit,

223 3019 315 3061 quod
341 3018 500 3059 Martyria
523 3020 708 3053 exsufflaret
724 3044 732 3052 .
758 3021 841 3054 Haec
863 3020 954 3054 enim
970 3030 1036 3053 non
1049 3030 1103 3053 ca-

223 3067 307 3102 dunt
318 3068 353 3101 in
372 3069 570 3103 immortales
583 3095 590 3101 .
619 3069 770 3104 Eundem
782 3069 863 3105 rede
872 3080 986 3110 notat,
1014 3068 1102 3113 quod

224 3128 338 3153 contra
361 3118 536 3161 palmarem
549 3118 722 3163 Evangelii
744 3121 878 3165 scopum
899 3121 1103 3163 pauciffimos

224 3166 409 3203 admitteret
436 3167 477 3202 ad
500 3170 588 3203 suam
602 3170 744 3204 Setiam.
774 3170 817 3204 Et
828 3170 914 3205 certe
924 3171 995 3214 quis
1009 3170 1104 3203 firmae

225 3219 342 3252 mentis
355 3218 535 3253 credidisset
554 3219 734 3254 istiusmodi
757 3219 905 3255 fabulas?
934 3220 1103 3264 Nugiven-

224 3265 305 3300 dum
330 3267 498 3303 hominem
523 3269 610 3303 varie
637 3269 719 3303 ridet
740 3295 750 3311 ‚
776 3271 808 3304 δε
828 3270 1021 3304 concludit:
1049 3269 1104 3302 Ubi

222 3313 296 3360 sunt
319 3317 365 3349 illi
393 3342 404 3358 ‚
431 3331 501 3361 quos
524 3322 689 3354 Menander
707 3318 768 3362 ipse
781 3320 955 3364 perfudit?
982 3320 1104 3363 Apostoll

325 3365 430 3406 christ.
444 3373 522 3412 Lupi
537 3373 635 3413 Opera
652 3372 686 3404 T.
698 3372 755 3404 121⁸.

91 1980 154 2013 Lib.
170 1987 196 2016 3.

73 2030 137 2060 cap·
150 2031 184 2049 20

66 2249 143 2287 Cap.
155 2256 167 2286 5
173 2260 202 2280 0.

1148 375 1377 411 resurreetione
1409 372 1552 406 fabulam
1591 372 1786 416 displicuiffe
1823 374 2029 419 Menandro,

1149 427 1289 469 ideoque
1307 423 1402 457 istam
1422 422 1520 456 aliam
1544 423 1638 458 fuisse
1653 423 1828 457 confictam
1850 449 1857 455 .
1886 425 2030 459 Forsitan

1151 477 1184 512 &
1206 473 1327 510 Christi
1350 471 1491 508 Domini
1511 497 1523 512 ,
1549 474 1607 517 qui
1632 473 1666 507 in
1689 482 1838 508 extremo
1861 472 2033 508 dumtaxat

1150 526 1203 561 die
1225 523 1490 560 resurtestionem
1512 523 1657 569 corporis
1679 522 1875 569 spopondit,
1900 524 2035 569 promis-

1152 579 1256 613 fiones
1268 575 1408 610 voluerit
1419 572 1575 608 excedere
1588 599 1597 609 .

1236 712 1335 754 Cum
1374 703 1608 773 genealogias
1652 704 1952 754 indeterminatas

1433 781 1624 839 nominat,
1661 781 1755 825 &a

1207 925 1318 962 Locus
1338 927 1493 971 Apostoli
1513 927 1559 963 est
1583 927 1618 962 in
1641 928 1743 971 prima
1763 927 1805 962 ad
1815 925 2040 963 Timotheum

1157 977 1312 1019 epistola:
1339 983 1448 1021 Neque
1469 981 1658 1013 intenderent
1676 979 1825 1021 fabulis,
1850 980 1884 1013 <at
1904 979 2044 1022 genealo-
2056 981 2176 1021 capr.

1153 1031 1214 1070 gns
1225 1028 1467 1062 indeterminans
1481 1054 1490 1070 ,
1501 1040 1570 1072 quae
1581 1028 1752 1072 quaestiones
1765 1034 1864 1073 magis
1872 1027 2021 1070 praestant
2029 1050 2041 1067 ‚

1158 1078 1248 1118 quiim
1259 1078 1503 1120 aedificationem.
1533 1080 1577 1112 Et
1586 1080 1722 1113 iterum:
1750 1084 1875 1121 Ineptas
1899 1078 2042 1111 &aniles
2058 1098 2133 1136 Cap·
2149 1106 2180 1131 4,

1136 1091 1282 1168 ifabulas
1293 1130 1415 1161 devita.
1447 1128 1571 1162 Nescio
1594 1129 1667 1172 quis
1678 1128 1784 1162 foedus
1806 1129 1888 1171 legis
1912 1139 1950 1162 ac
1963 1127 2044 1161 Pro-

1138 1178 1142 1204 ἱ
1160 1175 1332 1219 phetarum
1347 1177 1558 1211 Adversarius
1571 1189 1625 1220 per
1639 1178 1712 1211 istas
1722 1177 1935 1221 genealogias
1948 1188 1985 1210 ac
1998 1176 2046 1211 fa-

1139 1223 1143 1231 v

1161 1226 1252 1261 bulas
1266 1227 1429 1261 intellexit
1453 1227 1591 1272 Legales
1606 1238 1642 1260 ac
1664 1225 1879 1268 propheticas
1902 1226 2049 1265 litteras,

1160 1286 1258 1320 atque
1281 1277 1324 1310 ita
1346 1277 1483 1323 garrivit
1514 1277 1594 1320 ipsas
1622 1275 1663 1310 ab
1690 1276 1853 1319 Apostolo
1876 1275 2046 1310 damnari.

1161 1326 1289 1362 Verum
1311 1326 1346 1359 in
1372 1328 1443 1370 iplis
1467 1327 1541 1362 licet
1565 1326 1767 1371 genealogiae
1789 1326 2050 1365 contineantur,

1162 1376 1241 1410 absit
1260 1388 1296 1409 ut
1308 1377 1368 1408 fint
1383 1376 1498 1410 fabulae
1510 1401 1517 1408 .
1546 1376 1588 1409 Et
1598 1376 1671 1410 istas
1683 1376 1894 1421 genealogias
1906 1374 2051 1418 Aposto-

1165 1427 1188 1460 li
1199 1436 1238 1462 ιο
1253 1425 1468 1469 Evangelistae
1477 1424 1619 1459 omnino
1632 1425 1868 1460 commendant
1883 1424 1932 1458 uti
1946 1423 2052 1458 Chri·-

1166 1477 1273 1510 stiano
1283 1475 1430 1521 dogmati
1444 1476 1706 1519 pernecessarias.
1734 1475 1779 1508 Et
1793 1473 1909 1509 merito
1923 1499 1930 1506 .
1953 1475 2051 1508 Hinc

1165 1527 1300 1559 Saucius
1312 1525 1518 1569 Augustinus
1541 1526 1576 1558 in
1590 1525 1734 1558 secundo
1744 1534 1859 1558 contra
1872 1523 1969 1557 istum
1985 1523 2053 1557 Ad-

1166 1575 1339 1608 versarium
1355 1575 1438 1608 libro
1454 1574 1651 1617 Apostolum
1665 1574 1765 1618 longe
1785 1574 1880 1608 aliter
1891 1572 2052 1617 exponit:

1166 1623 1363 1668 Adversarius
1389 1622 1480 1667 nescit
1486 1627 1515 1670 J
1519 1625 1617 1658 udaeos
1634 1633 1747 1666 praeter
1768 1626 1936 1666 Scripturas
1958 1623 2054 1667 legm-
2070 1634 2143 1671 (χρ,
2162 1644 2191 1670 19

1165 1686 1232 1707 mas
1268 1675 1302 1707 (9
1334 1673 1524 1716 Propheticas
1551 1673 1660 1707 babere
1697 1673 1845 1717 quasdam
1880 1675 2055 1707 traditiones

1161 1724 1236 1768 suas
1251 1749 1262 1764 ,
1286 1735 1361 1766 quas
1389 1735 1447 1756 non
1461 1723 1592 1767 scriptas
1605 1723 1739 1763 babent,
1761 1723 1817 1766 sed
1839 1729 2004 1758 memoriter
2013 1731 2057 1757 te-

1167 1782 1237 1806 nent
1258 1798 1269 1814 ,
1297 1775 1331 1807 ώ·
1351 1774 1431 1807 alter
1456 1779 1489 1805 in
1520 1775 1644 1806 alterum
1669 1775 1812 1816 quuendo
1838 1773 2053 1814 transfundIt,

1167 1834 1259 1865 quam
1282 1822 1458 1864 Deuterofim
1479 1830 1606 1855 vocant.
1634 1822 1688 1855 Ubi
1711 1827 1802 1856 etiam
1825 1824 1920 1856 dicere
1942 1824 2058 1856 audent

1167 1873 1327 1906 &credere
1349 1875 1446 1905 Deum
1454 1878 1550 1913 primo
1562 1870 1673 1905 bomini
1683 1874 1761 1906 duas
1784 1874 1886 1916 creasse
1896 1873 2032 1906 mulieres
2045 1896 2059 1912 ‚

1167 1934 1205 1955 ex
1219 1921 1327 1964 quibus
1352 1929 1461 1955 texant
1478 1923 1690 1966 genealogias,
1717 1924 1811 1961 vere,
1835 1922 1907 1966 ficut
1918 1929 1964 1956 ait
1976 1926 2058 1964 Apo-

1146 1974 1151 2011 Ι
1160 1971 1251 2010 stolus
1266 1996 1277 2011 ,
1302 1971 1447 2011 Infinitas
1460 1995 1470 2010 ,
1489 1977 1645 2012 parientes
1653 1970 1916 2013 infruHuffffimas
1927 1971 2059 2013 quaeflio-

1146 2013 1152 2076 ᾗ
1167 2032 1220 2053 nes
1236 2044 1244 2051 .
1272 2019 1462 2053 Istiusmodi
1487 2021 1571 2054 liber
1584 2022 1648 2055 fuit
1670 2033 1726 2064 per
1739 2023 1893 2056 Sanstum
1908 2022 2059 2065 Epipha-
2073 2050 2103 2079 H
2164 2057 2176 2068 ,

1167 2071 1261 2103 nium
1290 2077 1468 2104 memorata
1484 2081 1580 2113 parva
1591 2071 1744 2111 Genefis,
1772 2069 1895 2105 habens
1919 2072 2058 2108 nomina
2072 2059 2213 2127 03329'

1145 2119 1312 2167 {filiorum
1338 2118 1522 2153 &filiarum
1544 2120 1645 2159 Adae,
1673 2122 1706 2154 δε
1731 2121 1875 2165 ipsorum
1887 2123 2058 2157 matrimo-

1145 2170 1149 2210 ᾗ
1167 2168 1241 2203 nia.
1271 2169 1369 2203 Plura
1391 2170 1546 2214 figmenta
1561 2195 1569 2202 .
1597 2170 1752 2214 Apostoli
1773 2171 1884 2206 locum
1911 2173 2007 2207 aliter
2018 2185 2058 2207 ae

1166 2221 1333 2263 eleganter
1347 2220 1484 2262 exponit
1513 2221 1546 2254 in
1561 2221 1621 2254 suae
1635 2220 1781 2256 Ecclefiae
1792 2222 1982 2258 Annalibus
1995 2224 2061 2258 Eu-

1166 2268 1299 2312 tychius
1336 2268 1525 2304 Patriarcha
1563 2270 1813 2306 Alexandrinus
1840 2297 1848 2305 .
1885 2275 2057 2315 Herodem,

1166 2320 1220 2354 cui
1238 2319 1403 2363 Augustus
1416 2319 1594 2364 Imperator
1608 2322 1751 2366 Regium
1765 2322 1930 2357 Diadema
1953 2324 2060 2367 impo-

1166 2370 1291 2407 suerat,
1320 2370 1472 2402 noluerunt
1490 2372 1604 2415 Judaei
1626 2376 1659 2404 in
1676 2370 1712 2414 se
1736 2384 1882 2416 regnare.
1909 2374 1962 2406 Ille
1984 2376 2059 2407 vero

1166 2418 1352 2456 tyrannidem
1375 2424 1407 2451 in
1428 2418 1504 2462 ipsos
1528 2431 1693 2462 exercens,
1718 2423 1825 2455 multos
1848 2434 1947 2457 eorum
1965 2431 2062 2458 morte

1166 2467 1283 2508 affecit.
1314 2472 1435 2502 Dirutis
1446 2475 1537 2503 etiam
1545 2473 1762 2514 propugnaculo
1775 2484 1810 2505 ac
1825 2476 1951 2515 templo,
1966 2473 2059 2507 libros

1161 2519 1366 2562 Judaeorum,
1392 2531 1464 2561 quos
1486 2519 1554 2562 ipfis
1579 2520 1744 2560 restituerat
1773 2521 1914 2565 Esdras‚
1940 2524 1979 2557 de
1992 2526 2060 2555 Tri-

1168 2568 1257 2601 buum
1286 2569 1468 2612 genealogiis
1491 2593 1502 2610 ‚
1528 2569 1714 2614 ipsorumque
1735 2571 1879 2615 prosapia
1898 2597 1910 2612 ,
1938 2572 2060 2607 ablatos

1167 2628 1266 2651 omnes
1292 2617 1435 2659 combuffit
1451 2642 1463 2659 ‚
1491 2630 1526 2653 ne
1549 2626 1618 2662 quis
1639 2632 1676 2654 ex
1700 2621 1766 2663 ipfis
1779 2645 1789 2661 ,
1817 2621 1972 2665 cujusnam
1990 2623 2060 2666 esset

1167 2667 1275 2700 Tribus
1289 2691 1300 2707 ,
1327 2677 1380 2701 aut
1399 2680 1455 2711 quo
1473 2676 1564 2711 patre
1580 2669 1692 2713 satus,
1719 2671 1916 2715 dignosceret.
1944 2676 2058 2705 Omnia

1166 2722 1255 2751 etiam
1276 2719 1438 2752 sacerdotii
1462 2719 1657 2760 instrumenta
1680 2721 1787 2753 ablata
1811 2722 1952 2753 vendidit
1965 2744 1976 2759 ,
2002 2731 2057 2753 ve-

1159 2765 1270 2810 stesque
1280 2770 1470 2803 sacerdotum
1490 2770 1601 2801 annulo
1634 2768 1788 2812 fignavtt.
1817 2769 1910 2803 Fecit
1929 2768 1963 2802 id
1977 2792 1988 2809 ‚
2016 2779 2056 2804 ut

1166 2830 1206 2852 ex
1218 2817 1455 2852 istaTribuum
1468 2816 1663 2851 confufione
1683 2828 1780 2851 nemo
1794 2819 1896 2861 posset
1906 2818 2054 2854 ostende-

1167 2879 1198 2902 re
1211 2869 1243 2902 se
1266 2867 1330 2902 esse
1339 2879 1381 2902 ex
1404 2867 1490 2901 tribu
1504 2866 1607 2910 Juda,
1633 2877 1730 2909 atque
1753 2867 1800 2901 ita
1824 2866 1986 2911 adspirare
2009 2867 2053 2904 ad

1167 2919 1323 2963 Regnum
1337 2944 1344 2950 .
1371 2917 1446 2951 Nec
1457 2918 1537 2951 item
1551 2917 1591 2951 ad
1615 2918 1777 2951 summurn
1789 2917 2029 2954 Pontificatum
2042 2944 2054 2954 .

1166 2969 1258 3002 Hinc
1281 2969 1363 3002 inter
1375 2968 1501 3011 Judaeos
1520 2977 1634 3002 natum
1656 2966 1701 3001 est
1724 2969 1881 3012 magnum
1891 2968 2055 3004 Genealo-

1166 3020 1226 3064 giae
1247 3017 1388 3052 studium
1407 3043 1419 3059 ,
1445 3017 1562 3052 inutile
1584 3041 1594 3057 ‚
1619 3018 1652 3051 &
1672 3016 1860 3053 obnoxium
1882 3020 1994 3053 multis
2012 3030 2051 3054 ae

1168 3067 1444 3103 inextricabilibus
1466 3067 1716 3111 quaestionibus.
1744 3067 1825 3112 Hoc
1845 3069 1996 3104 exsufflat
2014 3069 2052 3103 δε
2075 3074 2077 3077 ’

1167 3117 1399 3154 circumscribit
1431 3118 1613 3162 Apostolus
1633 3142 1641 3149 .
1675 3118 1788 3166 Qare
1813 3119 1923 3153 noster
1948 3119 2053 3162 Septi-

1168 3169 1251 3204 mius
1262 3195 1273 3210 ‚
1299 3169 1378 3205 dum
1390 3168 1452 3202 hoc
1464 3168 1533 3212 ejus
1546 3167 1769 3203 testimonium
1783 3168 1824 3203 ad
1838 3167 2053 3203 Valentiniaa.

1169 3232 1225 3255 nas
1247 3219 1403 3253 AEonum
1421 3220 1475 3253 seu
1487 3219 1678 3252 saeculorum
1698 3219 1927 3264 generationes
1938 3228 2050 3254 exten-

1167 3269 1214 3304 dit
1227 3295 1238 3312 ,
1263 3271 1308 3304 est
1324 3270 1393 3313 ipso
1405 3275 1547 3313 patenter
1557 3269 1691 3303 abusus».
1717 3269 1797 3303 Istas
1818 3267 2053 3313 generationes

1169 3319 1370 3366 blasphemas
1380 3332 1416 3356 ac
1429 3319 1592 3356 fabulosas
1601 3344 1612 3362 ‚
1623 3318 1746 3402 [ample
1758 3327 1933 3365 exponunt
1946 3319 2052 3362 Septi·

1685 3379 1704 3403 a
1913 3378 1999 3403 nnus
