2346 3724
135 1151 200 1184 1³01.

113 1609 176 1641 Fol—
187 1611 251 1641 2⁸1·

120 2934 182 2965 fol·
192 2945 255 2973 339.

758 166 1259 211 Gai-111

268 253 390 293 semper
409 246 525 283 habuit
544 247 644 282 etiam
669 244 788 281 Latina
802 242 940 278 Ecclesia
952 267 964 284 ,
992 240 1026 276 δε
1038 240 1147 277 novis*

263 295 341 334 fi'me
367 298 526 343 reparavit
562 295 763 331 Tridentina
785 293 962 337 synodus,
986 291 1148 327 mandans

266 350 300 385 in
324 350 437 394 quavis
457 349 600 383 Ecclesia
624 358 727 382 unum
749 344 959 380 Canonicum
972 343 1039 376 esse
1050 342 1145 377 sacrae-

267 398 469 444 Theologiae
490 398 720 433 professorem.
962 401 965 405 ⁴

315 448 419 484 Porro
453 448 646 484 oecumenici
681 445 835 482 Dostoris
859 441 1045 479 authoritas
1079 439 1142 475 fuir

265 501 351 548 apud
377 501 510 534 Graecos
527 497 711 543 singularis.
741 496 820 529 Erat
841 493 1013 529 Praefestus
1024 491 1143 526 duode-

266 551 333 585 cim
354 550 559 590 Dotstorum,
585 558 667 593 quos
686 545 801 581 exuffit
823 544 992 579 sceleratus
1007 543 1144 585 Impera-

267 612 320 638 tor
340 600 412 634 Leo
433 601 576 634 [faurus.
607 599 659 632 De
683 597 753 640 ipso
775 594 886 629 scribit
908 594 942 627 in
958 592 1024 627 suis
1045 603 1143 626 anna-

266 650 352 686 libus
373 646 752 693 Constantinopolitanis
779 643 944 689 Georgius
955 642 1146 677 Cedrenuss·

267 701 358 744 Apud
380 704 505 745 Regiam
523 699 674 740 cisternam
693 705 759 730 erat
784 695 939 729 Palatium
952 691 1143 732 venerabile,

266 756 303 787 in
324 762 380 794 quo
394 752 493 791 juxta
513 755 668 791 antiquam
679 746 816 789 farinam
836 743 1023 779 oecumenicus
1050 746 1144 785 Magz-

261 801 322 842 ster
341 799 487 844 sedebat,
515 801 666 835 duodecim
688 796 801 831 baben's
837 793 995 838 distipulos
1008 817 1020 833 ,
1045 793 1143 831 erade

265 857 345 885 tione
367 853 402 885 (θ’
415 844 606 894 vitagffaves
619 874 627 880 .
654 851 693 879 Hi
713 857 777 879 cum
789 856 903 879 omnem
913 844 1033 877 dicendi
1045 841 1144 885 scien·

266 908 344 935 tram
361 902 508 934 celeritate
529 901 563 932 ό·
584 897 784 940 amplitudine
806 899 916 937 ingenit
928 893 1118 936 percepfflnt
1132 916 1143 931 ,

265 944 493 990 Ecclefiasta'eam
512 951 696 981 Divinarum
709 957 808 979 rerum
819 943 1005 988 sapientiam
1018 940 1145 982 acriflu-

266 1001 316 1040 dio
336 998 527 1033 traa‘labans.
555 995 669 1040 Absque
677 996 780 1029 borum
790 993 899 1037 cqnſslio
910 994 1071 1036 quidquam
1083 997 1142 1036 agi,

266 1049 335 1093 ipsis
356 1061 469 1093 quoque
492 1047 720 1090 imperatoribus
733 1044 819 1086 nefas
836 1043 1021 1087 putabatur.
1051 1043 1143 1077 Con-

267 1102 363 1134 sonat
387 1101 423 1133 in
441 1096 625 1143 originibus
649 1093 1028 1138 Constantinopolitanis
1040 1092 1143 1126 Geor-

227 1163 255 1183 2.
267 1151 343 1195 gius
363 1148 538 1183 Codinus:
564 1152 667 1181 Erant
687 1149 815 1179 omm'um
829 1143 1023 1189 scientiarum
1044 1142 1145 1176 noeto-

267 1213 340 1242 res,
366 1211 438 1243 quos
456 1197 571 1242 semper
589 1203 782 1240 Imperatores
805 1200 838 1228 in
863 1192 1006 1236 confilium
1025 1192 1146 1226 adbibe-

266 1251 364 1292 bant,
390 1261 481 1293 neque
500 1248 592 1291 fiebat
614 1250 780 1291 quidquam
789 1243 900 1289 absque
919 1256 1019 1279 eorum
1029 1242 1142 1287 conscu-

265 1299 321 1345 su.
349 1301 441 1334 Mults·
463 1306 554 1333 etiam
569 1311 608 1334 ex
629 1299 691 1332 illis
711 1295 890 1331 creabantur
912 1293 1098 1328 Patrt'arcbae
1113 1296 1146 1327 (ν’

270 1341 534 1392 λνεῦὶ-Ερὶβορί.
562 1349 669 1384 Addit
687 1358 802 1381 omnes
821 1347 915 1380 fuisse
936 1342 1147 1384 Monachos,

270 1402 304 1437 δε
325 1411 392 1434 non
415 1397 591 1433 duodecim
614 1396 766 1437 tantum,
793 1393 845 1431 sed
856 1394 1008 1428 sedecim.
1039 1394 1146 1427 Etiam

267 1449 420 1495 Michael
441 1448 567 1489 Glycas
594 1445 723 1479 scribit:
753 1446 847 1478 Haud
861 1446 964 1484 procul
996 1446 1016 1477 ἃ
1041 1445 1148 1485 templo

262 1497 380 1543 safflae
390 1501 448 1531 Det·
473 1500 634 1538 Sapientiae
650 1493 814 1537 splendida
834 1494 938 1525 domus
961 1501 1027 1526 erat
1037 1493 1147 1532 exstru-

267 1549 340 1590 ἆα,
365 1561 425 1590 qua
445 1547 584 1580 librorum
595 1543 751 1588 thesaurus
772 1542 976 1576 continebatur
988 1566 1000 1582 ‚
1026 1553 1147 1575 numero

265 1605 397 1644 triginta
416 1595 471 1641 sex
491 1597 618 1630 millium
640 1596 930 1638 &quingentorum.
957 1600 1030 1628 Hac
1040 1593 1144 1625 domus

267 1649 407 1690 custodem
427 1649 464 1682 ὦ·
484 1646 667 1688 Praefet‘lum
686 1646 845 1687 quemdam
865 1643 994 1677 habebat
1006 1668 1017 1683 ‚
1045 1648 1146 1676 virum

268 1701 386 1734 omnino
409 1698 610 1731 venerabilem
622 1699 655 1730 (ς
667 1696 783 1729 dossum
796 1720 804 1728 .
828 1694 888 1728 sub
907 1706 964 1737 quo
975 1695 1029 1726 alli
1041 1694 1146 1726 duode—

268 1757 327 1793 eim
349 1758 458 1788 eram,
484 1746 657 1781 admirabili
677 1752 791 1780 virtute
810 1747 845 1780 (ν
867 1756 967 1779 rerum
989 1748 1148 1787 cognitione

264 1799 466 1842 praestantes,
493 1804 545 1841 qui
566 1797 680 1842 quosvis
701 1795 810 1840 absque
831 1795 961 1829 mercede
984 1796 1148 1836 &proemio

268 1849 443 1892 disciplinis»
479 1854 601 1890 optimis
637 1846 831 1881 erudiebant.
858 1851 952 1888 Atque
987 1844 1091 1878 horum
1116 1844 1149 1876 ob

270 1907 414 1933 virtutem
432 1907 522 1931 tanta
544 1908 612 1933 erat
633 1896 785 1931 celebritas
798 1921 810 1936 ,
836 1905 871 1929 ut
894 1907 931 1929 ne
953 1894 1008 1938 ipsi
1029 1895 1149 1938 quidem

268 1954 467 1992 Imperatores
491 1948 611 1991 aliquid
636 1953 671 1979 tis
684 1959 740 1980 non
750 1945 887 1990 consultis
912 1954 1049 1990 agerent.
1080 1944 1150 1978 No-

267 1999 369 2035 tanda
389 2000 463 2033 sunt
484 1998 623 2043 Georgii
646 1996 787 2031 Cedreni
809 1996 905 2030 verba
928 2008 935 2027 ε
955 2000 1065 2041 Juxta
1084 1994 1150 2037 for·

267 2060 349 2084 mam
359 2055 534 2093 antiquam.
564 2048 755 2084 Ostendunt
766 2047 982 2080 Oecumenici
996 2046 1151 2080 Dostoris

267 2101 417 2135 officium
441 2100 473 2134 ἀ
494 2098 691 2144 dignitatem
713 2099 777 2131 effe
812 2097 965 2140 antiqua.
993 2096 1031 2130 In
1056 2095 1152 2130 Chri-

268 2150 451 2184 stianiffimi
469 2150 574 2193 Regis
600 2146 805 2183 Bibliotheca
828 2146 1151 2182 millefimustrecen-

257 2201 400 2235 ,terimus
424 2200 637 2244 ostogefimus
660 2198 794 2240 quintus
814 2197 920 2231 codex
944 2196 1043 2230 habet
1063 2195 1151 2228 hunc

268 2250 425 2285 titulum:
455 2252 662 2292 Prolegomena
677 2252 707 2280 in
719 2246 865 2287 Theodosii
876 2247 991 2288 regulas
1006 2268 1018 2284 ,
1039 2244 1152 2275 dit‘lan·

269 2308 299 2333 te
308 2304 431 2342 Georgio
443 2301 594 2336 marcono,
619 2295 802 2329 OEcumemco
826 2294 981 2338 Magistro.
1009 2293 1080 2326 Leo
1094 2294 1153 2326 Al-

270 2349 369 2384 latius
390 2351 425 2382 in
450 2346 600 2381 Diatriba
623 2346 664 2378 de
686 2344 782 2377 claris
808 2343 963 2385 Georgiis
988 2342 1152 2374 existimat

269 2398 364 2432 illum
387 2396 530 2430 floruisse
554 2393 613 2427 snb
640 2392 778 2435 imperio
803 2390 979 2424 Anastafii.
1008 2390 1103 2438 Qin
1128 2391 1151 2424 i·

267 2446 342 2481 stud
362 2445 509 2480 officium
529 2444 562 2478 δε
584 2453 664 2477 tunc
689 2443 723 2476 ὅ(
743 2441 868 2475 dudum
903 2440 997 2475 antea
1034 2440 1153 2480 fuerit,

266 2497 421 2532 existimo
440 2506 508 2529 non
533 2492 753 2528 dubitandum
778 2516 785 2523 .
824 2493 871 2525 At
892 2491 989 2524 credo
1018 2490 1150 2524 titulum

268 2558 349 2582 tunc
371 2558 439 2580 non
461 2545 554 2579 fuisse
576 2570 583 2576 .
611 2542 713 2577 Haud
736 2540 835 2576 dubie
855 2552 989 2575 exortus
1012 2541 1057 2575 est
1082 2541 1152 2584 post

269 2607 382 2632 natam
396 2593 574 2640 superbiam
584 2617 594 2634 ‚
621 2605 684 2637 qua
698 2590 1064 2635 Constantinopolitani
1077 2590 1152 2634 Epi-

270 2648 359 2691 scopi
379 2655 545 2690 coeperunt
566 2645 597 2679 se
621 2643 757 2678 scribere
776 2640 979 2676 Patriarchas
991 2643 1151 2677 Oecume·

272 2698 383 2732 nicos.
410 2696 571 2740 Profanus
590 2694 706 2729 titulus
729 2692 771 2727 ab
783 2691 833 2726 his
843 2692 989 2726 transivit
1001 2691 1042 2726 ad
1054 2692 1149 2725 istum

271 2749 508 2782 Donoratum.
536 2745 648 2792 Qare
671 2755 738 2778 non
766 2752 820 2786 per
839 2742 943 2786 ipsum
967 2742 1149 2786 Georgium

271 2799 482 2837 Diaconum,
508 2796 560 2829 sed
584 2806 638 2838 per
661 2792 851 2837 postxiores
875 2792 1085 2835 descriptores
1104 2793 1147 2826 est

272 2847 393 2883 Codici
415 2846 575 2890 appositus
594 2871 600 2877 .
624 2844 721 2879 mam
743 2843 909 2883 scholam,
938 2840 1025 2876 haud
1051 2841 1150 2876 dubie

271 2910 347 2933 cum
359 2897 452 2932 omni
465 2897 519 2929 sua
531 2897 633 2929 forma
646 2917 656 2932 ‚
683 2894 700 2926 a
713 2893 824 2938 magni
846 2892 1058 2926 Constantini
1071 2903 1148 2926 tem·

271 2960 351 2993 pore
372 2947 467 2980 fuisse
491 2943 598 2979 scribit
618 2946 753 2979 Sanetus
764 2943 894 2986 Martyr
906 2941 1146 2985 Theophanes.

271 3000 346 3035 Nec
361 2996 566 3031 adversantur
589 2996 653 3029 haec
665 2993 941 3039 GeorgiiCodini
956 2991 1065 3025 verba:
1090 2997 1145 3026 Du·

270 3053 356 3083 ravit
379 3046 433 3087 ista
460 3045 613 3077 nouorum
630 3043 754 3086 suceeffio
777 3052 892 3076 centum
918 3045 952 3076 Θ
976 3045 1147 3085 quatuorde-

270 3106 328 3134 c1m
345 3108 460 3136 annos,
486 3092 574 3137 usque
594 3095 638 3125 ad
656 3094 798 3127 decimum
810 3104 920 3126 annum
946 3097 1066 3134 Imperii
1081 3097 1145 3126 Leo-

271 3156 320 3184 m's
342 3174 349 3180 .
378 3145 543 3180 Existimo
574 3144 640 3186 ipsa
678 3155 745 3176 non
768 3144 810 3177 de
833 3144 905 3186 ipsis
925 3143 1147 3184 Ductoribus,

272 3212 332 3240 nec
355 3198 396 3233 de
418 3197 484 3239 ipsa
503 3193 633 3232 schola,
660 3193 713 3226 sed
736 3193 925 3236 accipienda
945 3193 986 3227 de
999 3192 1147 3235 Palatio,

273 3251 307 3284 in
333 3259 401 3294 quo
422 3247 497 3281 illos
523 3246 594 3279 Leo
621 3243 711 3276 vivos
736 3243 868 3276 exuffit.
895 3242 1002 3276 Porro
1026 3241 1148 3278 Leonis

270 3301 414 3336 decimus
435 3297 498 3330 fuit
519 3293 642 3330 Christi
666 3292 805 3327 Domini
830 3302 933 3325 annus
953 3291 1022 3335 post
1034 3293 1147 3337 septin-

272 3349 488 3398 genteslmum
512 3345 684 3389 vigesimus
707 3344 827 3376 sextus.
855 3341 919 3376 His
944 3341 1076 3378 detrahe
1095 3357 1147 3379 an-

373 3396 479 3436 Christ.
494 3399 569 3437 Lupi
583 3399 679 3436 Opera
698 3397 729 3424 T.
745 3395 799 3425 IX.

1333 173 1352 202 s
1459 160 1604 205 111.
1953 177 2021 222 47

1206 252 1265 275 nos
1284 251 1416 275 centum
1437 241 1683 284 quatuordecim
1706 264 1717 282 ,
1745 244 1777 276 dc
1813 244 1912 280 habes
1949 245 2084 280 tertium

1206 292 1351 325 Heraclii
1362 303 1487 327 annum
1498 315 1509 331 ‚
1529 291 1651 326 Christi
1665 292 1804 326 Domini
1816 295 2080 330 sexcentefimum

1205 341 1371 375 decimum
1394 343 1544 377 tertium.
1572 342 1622 377 At
1647 341 1724 376 vero
1747 342 1942 384 Heraclius,
1967 345 2084 389 utpote

1205 390 1372 426 duriffimo
1392 391 1559 428 Persarum
1588 392 1676 427 bello
1698 392 1926 426 &miseranda
1937 391 2085 430 exhausti

1206 452 1260 486 per
1282 440 1430 477 Phocam
1450 442 1583 487 Imperii
1605 442 1718 486 inopia
1729 442 1872 485 undique
1884 443 2086 478 circumscri-

1207 502 1300 535 ptus,
1321 503 1382 526 nec
1403 492 1580 528 Dostorale
1601 492 1796 536 Collegium
1817 491 1959 527 instituit
1980 516 1991 532 ,
2022 504 2083 530 nec

1206 541 1329 577 Palatia
1356 541 1550 577 aedificavit.
1578 542 1673 580 Hinc
1700 552 1824 579 certum
1845 542 1891 577 est
1913 542 2084 578 Codinum

1205 592 1351 627 deviare.

1252 643 1318 676 His
1337 641 1379 677 de
1396 643 1495 677 caufis
1517 652 1618 678 mater
1639 642 1778 678 Ecclesia
1789 644 1824 678 in
1835 642 1982 677 creandis
1996 643 2088 677 sacrae

1206 690 1401 738 Tbeologiae
1420 693 1621 728 Dostoribus
1648 695 1769 737 semper
1795 692 1972 728 custodivit
1998 691 2088 730 hune

1207 743 1438 786 Apostolicum
1463 743 1654 778 canonem:
1684 748 1812 778 Nemini
1830 746 1885 777 cito
1908 753 2016 776 manus
2035 748 2090 775 tm-

1202 793 1356 837 posueris,
1382 805 1420 828 ne
1438 800 1630 827 communices
1648 800 1779 836 peccatis
1791 794 1915 828 alienis.
1942 794 1995 827 Ex
2016 793 2089 836 ipso

1210 846 1297 877 enim
1324 844 1435 879 statuit
1463 844 1780 888 Caesar-Augustana
1816 843 1999 887 synodus:
2036 847 2089 876 Ne

1206 901 1270 936 quis
1294 895 1430 928 Doc‘t'oris
1444 894 1501 936 fibi
1535 907 1639 929 nomen
1661 901 1794 938 imponat
1813 903 1927 937 ptaeter
1942 891 2088 937 personas

1208 943 1313 986 quibus
1337 945 1487 988 concessum
1515 943 1569 984 est.
1598 946 1798 980 Concessum
1836 946 1949 989 utique
1970 956 2011 978 ex
2034 955 2090 977 au-

1209 993 1365 1029 thoritate
1385 996 1586 1039 Episcopali.
1615 995 1705 1029 Nam
1727 996 1761 1030 δε
1783 996 1910 1038 Optato
1932 994 2091 1029 Doston-

1209 1055 1281 1078 tum
1307 1045 1450 1079 contulit
1467 1046 1599 1079 Sanetus
1618 1047 1806 1088 Cyprianus
1819 1071 1826 1079 .
1857 1046 1901 1079 Et
1927 1045 2002 1089 quia
2022 1053 2096 1078 erar.

1208 1106 1256 1128 res
1279 1095 1393 1139 magni
1414 1095 1589 1138 ponderis,
1616 1097 1736 1129 fastum
1755 1097 1814 1130 suo
1836 1095 1938 1130 Clero
1959 1094 2093 1134 retulit,

1209 1145 1325 1189 utique
1344 1144 1572 1180 ratificandum
1585 1171 1592 1178 .
1619 1146 1755 1179 Fecerat
1773 1144 1808 1178 id
1835 1144 1948 1179 absens
1970 1145 2005 1178 in
2026 1144 2095 1177 exi-

1211 1195 1277 1229 lio.
1305 1194 1359 1229 Ex
1372 1195 1625 1238 quodiscimus,
1653 1195 1744 1240 quod
1755 1195 1932 1239 Episcopi,
1959 1193 2096 1228 utiCle-

1209 1246 1315 1286 ricos,
1343 1246 1389 1281 ita
1412 1246 1446 1279 ἀ
1468 1246 1631 1280 Doctores
1651 1256 1759 1280 creare
1778 1257 1847 1279 non
1871 1244 2039 1289 potuerint
2049 1245 2097 1277 so-

1210 1296 1232 1329 li
1257 1295 1325 1330 fine
1347 1297 1396 1331 sui
1423 1295 1511 1330 Cleri
1534 1296 1707 1340 suffragio.
1737 1295 1781 1330 Et
1801 1308 1844 1329 ex
1866 1295 1932 1330 hoc
1953 1294 2096 1339 Aposto-

1210 1346 1275 1382 lico
1299 1347 1394 1382 fonte
1424 1347 1602 1390 Imperator
1625 1346 1772 1389 Julianus
1807 1345 1967 1388 Apostata
1989 1343 2096 1378 hausit

1211 1399 1300 1431 suam
1324 1397 1433 1441 legem
1458 1421 1469 1437 ,
1495 1408 1593 1439 quam
1614 1396 1714 1430 tertio
1735 1396 1868 1428 decimo
1891 1396 1938 1427 sui
1958 1394 2097 1428 Codicis

1213 1446 1299 1481 libro
1333 1446 1469 1480 inseruit
1506 1446 1685 1490 Imperator
1715 1443 1926 1479 Theodosius
1961 1443 2097 1487 junior:-

1213 1496 1367 1540 Magistros
1388 1496 1550 1536 studiorum
1570 1521 1581 1536 ,
1607 1493 1798 1537 Doc‘i'oresque
1823 1496 1961 1530 excellere
1986 1503 2095 1538 oportet
2112 1498 2171 1528 Tit.
2201 1505 2230 1533 3-

1214 1546 1341 1578 moribus
1362 1546 1498 1587 primum
1513 1569 1524 1586 ,
1550 1546 1662 1579 demde*
1670 1545 1843 1587 facundia.
1870 1547 1929 1580 sed
1946 1552 2019 1590 quia
2039 1546 2096 1589 fin·
2113 1547 2175 1577 0³1³·
2188 1549 2217 1574 5*v

1210 1596 1291 1640 gulis
1326 1594 1517 1628 Civitatibus
1555 1596 1646 1638 adesse
1669 1593 1732 1639 ipse
1757 1607 1815 1629 non
1834 1597 1964 1639 poffum,
1985 1597 2097 1639 jubeo:

1215 1643 1360 1689 ‚Quisquis
1372 1647 1472 1679 docere
1486 1645 1574 1687 vult,
1603 1658 1662 1680 non
1683 1649 1803 1689 repente*
1829 1658 1881 1681 nec
1899 1646 2099 1690 temerssprqfi·

1214 1698 1271 1730 liat
1294 1697 1340 1729 ad
1358 1695 1410 1729 hoc
1431 1707 1559 1736 munus,
1580 1695 1641 1740 sed
1653 1698 1769 1738 ,iudicio
1787 1699 1911 1731 Ordinis
1929 1698 2099 1740 probatus,

1216 1750 1376 1781 Decretum
1398 1749 1564 1780 curialium
1585 1756 1757 1789 mereatur,
1783 1751 1968 1791 optimorum
1988 1748 2100 1792 conspi-

1216 1808 1304 1831 rante
1325 1796 1462 1840 consensu
1476 1822 1484 1830 .
1513 1806 1575 1834 Hoc
1596 1803 1674 1832 enim
1686 1801 1843 1832 Decretum
1854 1800 1951 1833 adme
1968 1800 2103 1833 tradan-

1216 1851 1288 1882 dum
1311 1847 1458 1890 reseretur
1470 1872 1482 1889 ,
1509 1856 1543 1881 ut
1565 1850 1670 1882 altiore
1692 1850 1818 1892 quodam
1843 1849 1950 1884 bomne
1971 1875 1983 1891 ,
2010 1850 2102 1891 nostro

1208 1900 1322 1940 judicio
1338 1898 1444 1941 studiis
1457 1902 1631 1933 civitatum
1647 1901 1770 1933 accedat
1783 1925 1790 1933 .
1818 1900 1960 1935 Creandi
1977 1901 2105 1936 Dosto-

1217 1949 1257 1983 ris
1279 1948 1416 1983 virtutes
1440 1961 1508 1983 non
1538 1950 1610 1984 solo
1634 1951 1866 1994 Oprimmum,
1894 1951 2104 1992 Curiatium,

1217 2010 1314 2043 atque
1335 2000 1439 2034 totius
1459 2000 1619 2040 Ordinis,
1647 2001 1812 2035 sedetiam
1825 2001 2017 2042 suojudicio
2031 2001 2103 2034 vult

1215 2050 1392 2084 examinari
1411 2049 1558 2094 Julianus
1579 2074 1590 2089 ‚
1628 2060 1725 2093 atque
1750 2049 1879 2091 probari
1900 2074 1908 2082 .
1947 2050 2104 2084 Dostoris

1215 2101 1416 2134 creationem
1440 2101 1502 2134 sua:
1523 2098 1688 2139 Majestati
1713 2099 1867 2132 reservat.
1899 2098 1958 2132 Est
1982 2100 2035 2134 lex
2045 2100 2106 2135 do·

1217 2150 1301 2184 losa.
1331 2151 1404 2183 Hac
1428 2151 1517 2183 enim
1541 2148 1592 2179 via
1603 2147 1726 2181 studuit
1741 2147 1997 2184 Christianosab
2008 2150 2103 2184 omni

1218 2201 1399 2232 Doctoratu
1418 2198 1452 2230 ὅ(
1475 2196 1603 2240 publica
1626 2196 1808 2232 litterarum
1832 2200 2029 2242 professione
2043 2213 2103 2235 ex·-

1216 2247 1344 2281 cludere
1362 2272 1369 2278 .
1395 2245 1577 2287 Attamen,
1604 2246 1783 2289 siquaedam
1796 2249 1929 2291 demas,
1952 2251 1997 2284 est
2012 2251 2104 2295 Apo-

1217 2297 1331 2330 stolico
1357 2295 1491 2329 canoni
1520 2308 1575 2340 per
1593 2298 1706 2331 omnia
1725 2298 1925 2333 conformis.
1954 2301 2104 2335 Dolosus

1215 2346 1304 2378 enim
1328 2345 1509 2386 Imperator
1528 2346 1657 2380 nostros
1679 2347 1837 2383 Canones
1855 2349 1978 2385 studuit
2001 2361 2104 2386 trans-

1215 2396 1295 2429 ferre
1314 2395 1350 2428 in
1371 2395 1466 2428 suum
1500 2394 1736 2440 Paganismurn
1753 2423 1764 2438 ‚
1790 2409 1888 2444 atque
1923 2402 1968 2435 ita
2004 2401 2101 2437 illum

1216 2456 1351 2489 purgare
1370 2445 1403 2478 ἀ
1422 2445 1594 2480 illustrare.
1622 2447 1665 2479 Et
1678 2446 1756 2481 hinc
1772 2449 1866 2484 istam
1887 2451 1994 2495 legem
2007 2451 2103 2486 Chri-

1217 2494 1423 2529 stianiffimus
1445 2495 1606 2539 Princeps
1628 2494 1838 2533 Theodosius
1866 2501 2014 2542 probavit
2034 2526 2045 2542 ,
2068 2502 2103 2535 δε

1215 2546 1294 2580 fecit
1318 2546 1428 2578 suam:
1459 2546 1613 2580 Docroris
1635 2548 1833 2583 creationem
1855 2551 1913 2585 suo
1935 2551 2036 2586 etiam
2056 2550 2104 2593 ju-

1216 2596 1304 2630 dicio
1327 2597 1513 2630 reservavit.
1541 2597 1649 2631 Tanti
1674 2599 1827 2641 ponderis
1838 2601 1883 2634 est
1904 2601 1963 2635 ista
1975 2613 2104 2645 promo-

1216 2647 1297 2682 tio..
1336 2646 1379 2680 Et
1406 2657 1447 2679 ex
1469 2646 1533 2680 hoc
1569 2649 1722 2691 exemplo
1753 2650 1907 2685 Romana
1937 2651 2100 2692 Ecclefia,

1216 2696 1306 2741 quod
1333 2696 1487 2739 Episcopi
1511 2695 1762 2742 Theologicum
1784 2702 1955 2744 praesertim
1977 2703 2102 2736 Dosto-

1218 2756 1320 2780 ratum
1342 2746 1441 2780 nimis
1463 2747 1559 2780 facile
1571 2748 1794 2790 effunderent,
1821 2751 1958 2784 eandem
1970 2762 2102 2793 promo·

1218 2796 1345 2830 tionem
1367 2796 1384 2829 a
1412 2797 1525 2831 multis
1551 2798 1670 2845 saeculis
1690 2799 1747 2831 fibi
1769 2800 1940 2834 reservavit
1962 2824 1969 2831 .
2007 2801 2102 2836 Citra

1218 2847 1284 2889 ejus
1304 2844 1563 2886 authoritatem,
1590 2848 1639 2881 uti
1663 2846 1762 2883 hodie
1788 2849 1897 2883 nullus
1910 2849 2100 2894 Episcopus,

1220 2898 1263 2931 ita
1285 2895 1395 2929 nullus
1419 2897 1522 2939 potest
1545 2898 1672 2932 Dostor
1697 2899 1813 2932 creari.
1844 2899 1886 2933 Et
1899 2899 1979 2934 hinc
2000 2901 2101 2936 Boni-

1219 2946 1321 2981 facius
1344 2948 1478 2980 octavus
1500 2946 1659 2981 Pontifex
1681 2971 1691 2987 ‚
1729 2948 1808 2982 dum
1837 2961 1914 2983 cum
1941 2949 2099 2995 Philippo

1222 2995 1364 3034 Pulchro
1399 2996 1599 3031 Francorum
1636 2997 1729 3042 Rege
1749 2999 1783 3032 &
1808 3000 1902 3034 omni
1924 3000 2100 3036 Gallicana.

1221 3046 1362 3080 Ecclesia
1389 3046 1502 3081 habuit
1527 3047 1743 3089 quaestiones,
1774 3048 2009 3085 Universitatis
2032 3051 2100 3085 Pa·-

1220 3095 1353 3131 rifienfis
1376 3096 1616 3130 Cancellarium
1639 3096 1801 3140 suspendit
1829 3100 1871 3134 ab
1895 3101 1951 3134 ista
1966 3102 2099 3136 vicaria

1220 3146 1376 3190 potestate
1390 3170 1401 3186 ‚
1426 3148 1459 3181 ὅ(
1482 3148 1590 3180 omnis
1612 3146 1645 3180 in
1672 3148 1781 3183 Gallia
1797 3150 1951 3185 Dostoris
1962 3152 2097 3187 creatio·

1218 3209 1293 3231 nem
1315 3196 1421 3230 voluit
1449 3195 1635 3231 immediate
1656 3198 1673 3230 a
1696 3199 1750 3232 sua
1773 3199 1845 3234 sede
1857 3201 2009 3243 postulari
2024 3227 2031 3234 .
2051 3201 2098 3237 Et

1217 3247 1443 3282 Cancellarius
1464 3248 1480 3279 a
1495 3247 1634 3280 creando
1644 3247 1822 3290 abstinuit,
1850 3252 2019 3295 quousque
2031 3252 2098 3288 Bo-

1218 3297 1327 3331 nifacii
1340 3297 1497 3331 successor
1510 3297 1703 3334 BenediEtus
1716 3300 1908 3333 undecimus
1925 3302 2096 3337 vinculum

1217 3346 1383 3382 relaxass'et
1405 3371 1412 3379 .
1454 3347 1503 3381 Ita
1525 3346 1655 3382 testatur
1682 3349 1715 3380 in
1742 3350 1799 3382 suo
1821 3348 1990 3386 Chronico
2018 3353 2099 3386 Gui-

1678 3397 1707 3430 E
1758 3412 1780 3435 2
1982 3401 2049 3436 liel-
