2346 3724
359 136 456 187 366

274 257 383 295 multo
395 258 554 302 posterior
569 287 577 295 .

321 305 450 343 Verum
461 311 540 353 quid
552 313 626 348 sunt
640 311 794 356 Episcopi
807 321 863 345 aut
876 311 999 346 Clerici
1014 311 1163 355 vacanti--

270 357 337 394 vi?
363 357 401 392 In
414 360 479 394 suis
500 361 541 397 ad
553 363 719 406 Synesium
743 359 886 396 Scholiis
898 361 1079 406 Dionysius
1102 361 1160 395 Pe-

269 408 377 442 tavius
395 410 534 447 affirmat
545 413 638 446 fuisse
655 409 802 446 absolute
827 409 1018 454 ordinatos,
1044 413 1155 458 quales

268 459 403 493 fuerunt
413 461 564 504 Hyenses
575 461 733 495 Hiberni.
764 461 901 496 Etenim
924 473 1041 497 vocem
1057 487 1069 504 ,
1095 466 1154 496 Va-

267 515 433 551 cantivus,
459 510 535 545 licet
558 510 819 546 semi-barbaram
841 537 852 553 ,
880 513 1028 555 synesius
1050 513 1156 548 asserit

265 557 480 605 {Republica
502 562 630 603 usitari,
659 574 698 597 ac
727 562 758 595 se
778 563 815 596 in
830 562 907 605 ejus
928 563 1019 597 sensu
1042 564 1134 607 loqui
1148 588 1155 594 .

840 130 870 176 S
942 145 972 175 e
1042 145 1073 176 u
1144 147 1175 176 o

272 209 457 245 andrum.
485 210 568 245 Haec
587 212 695 248 autem
718 222 781 257 pax
794 211 840 247 est
854 209 1041 255 Theophili
1055 221 1161 246 morte

265 607 316 644 Ea
340 611 443 645 utitur
466 611 581 646 AElius
590 612 800 655 Lampridius
822 613 857 647 in
881 613 949 648 vita
970 613 1152 648 Alexandri

264 660 408 706 Augusti
422 676 434 696 .-
460 666 526 695 Nec
547 673 724 705 quemquam
734 663 837 706 paffus
859 662 898 703 est
909 664 1079 697 Alexander
1101 664 1153 706 effi·

261 718 297 746 in
312 714 465 747 Palatinis
477 738 489 754 ‚
513 711 571 754 nisi
587 714 753 757 neceffarios
765 713 916 750 homines.
939 715 970 757 J
971 716 1152 755 ureiurando

259 764 388 807 denique
398 762 570 803 constrinxit
580 787 592 804 ‚
618 775 655 797 ne
666 774 755 806 quem
775 763 996 807 adscripturum
1010 788 1021 805 ,
1046 766 1082 798 id
1092 765 1131 805 est
1139 787 1150 804 ,

259 820 462 849 vacantivum
472 812 601 848 baberet.
613 814 658 847 Et
669 814 704 847 in
716 813 841 848 Balistae
855 814 919 849 vita
930 813 1051 848 Pollio:
1060 817 1153 859 ‚Quod

257 867 324 907 gius
335 863 444 906 conffllo
453 865 565 898 nullum
575 861 793 908 adscripticium
804 889 816 906 ,
837 865 872 897 id
880 864 918 905 est
931 889 942 905 ,
965 875 1125 899 vacantem
1136 890 1146 907 ,

256 916 295 949 ό·
314 914 480 949 Tribunum
501 914 614 948 nullum
628 913 805 958 stipatorem
830 914 955 949 baberet
978 940 989 957 ,
1014 921 1067 958 qui
1087 927 1147 949 non

254 966 331 999 vere
346 973 494 1010 pugnaret
508 989 516 997 .
542 965 582 999 In
603 965 675 1009 lege
698 964 739 999 ad
750 963 928 1000 Paulinum
942 965 1141 1001 Officiorum

252 1013 454 1060 Magistrum
468 1039 481 1057 ‚
505 1015 654 1050 exstante
671 1016 707 1049 in
722 1016 811 1050 sexto
833 1014 918 1050 libro
930 1014 1141 1051 Theodosia-

252 1065 291 1099 ni
312 1065 448 1101 Codicis
469 1090 480 1107 ‚
517 1066 664 1100 statuunt
690 1067 907 1111 Imperatores
928 1064 1140 1101 Theodosius

113 1127 172 1158 Tit,
186 1138 232 1164 27·
252 1114 411 1151 secundus
431 1115 743 1151 ate->Valentinianus
765 1117 902 1157 tertius,
929 1127 964 1150 ut
989 1117 1137 1163 Agentes

110 1176 232 1207 cap.23.
251 1165 287 1200 in
310 1167 405 1201 rebus
421 1191 432 1208 ‚
457 1166 514 1211 qui
535 1169 606 1201 astu
627 1166 765 1201 serviant
788 1179 826 1201 ac
849 1167 1010 1211 stipendia
1028 1170 1134 1210 perci-

248 1218 341 1260 piant
355 1240 366 1256 ,
391 1217 452 1251 sint
463 1217 616 1261 deinceps
638 1216 672 1250 in
690 1227 782 1251 certo
805 1228 963 1258 numero,
991 1228 1137 1252 vacanter

250 1272 560 1311 autempraeeumt‘um
566 1268 683 1310 gradus
696 1265 872 1310 obsequendi
890 1269 994 1301 ordine
1005 1280 1135 1302 merean-

247 1327 320 1352 tur.
348 1317 524 1362 Inlegibus
546 1318 587 1350 ad
602 1316 836 1351 Constantium
857 1318 1134 1362 &Longianurm

245 1367 408 1402 sacrarum
424 1366 638 1412 largitionum
652 1357 803 1411 Comites
813 1388 824 1405 ,
849 1368 1064 1411 Imperatores
1080 1368 1136 1401 Ar·

102 1438 228 1514 {2:2³2
245 1468 357 1502 uarios
376 1468 411 1502 &
429 1465 706 1511 supernumerarius
721 1491 732 1506 ,
756 1478 795 1501 ex
819 1467 928 1510 quibus
953 1471 987 1500 in
997 1470 1136 1503 deceden-

110 1527 157 1561 ¹7·
243 1521 320 1551 tium
346 1520 438 1552 Iocum
454 1518 668 1562 subrogentur.
701 1517 749 1550 Hi
773 1517 914 1552 omnino*
927 1519 1024 1560 sunt,
1051 1530 1135 1563 quos

99 1558 218 1587 T¹‘·²²'
245 1567 455 1613 Lampridius
476 1569 617 1612 appella't
641 1571 825 1601 Vacantivos
849 1593 856 1600 .
884 1568 1133 1612 supernumera-

60 1638 67 1649 ι
103 1605 173 1635 ‘³³³⁷’
195 1610 221 1627 ²‘
241 1620 309 1654 rios
321 1620 423 1654 etiam
437 1618 705 1659 Castrenfiams,
732 1618 791 1661 qui
812 1618 885 1653 loca
909 1622 1058 1654 vacantia
1080 1631 1133 1654 oc-

240 1679 363 1712 cupent
387 1671 445 1704 suo
473 1679 621 1713 tempore
641 1691 651 1707 ,
688 1679 873 1703 memorant
895 1669 1073 1704 Honorius
1098 1670 1132 1703 &

98 1712 163 1759 Lib*
195 1726 223 1743 2·
242 1719 456 1755 Theodosius
484 1719 627 1764 Augusti
662 1719 698 1753 in
725 1718 797 1763 Iege
823 1719 864 1754 ad
891 1719 1130 1754 Scholasticum

96 1761 136 1782 ‘¹³
156 1808 158 1813 k
177 1764 206 1814 ιβ,
241 1771 410 1805 Comitem
433 1771 520 1803 Sacri
544 1768 683 1802 Palatii.
713 1768 853 1803 Eosdem
874 1769 908 1803 in
933 1769 1007 1814 lege
1028 1770 1068 1804 ad
1081 1771 1132 1804 Se·

95 1800 162 1831 cap*
177 1805 219 1831 ¹³⁹
238 1816 372 1854 leucum
385 1819 543 1853 Proetorio
556 1818 658 1851 Italiae
671 1816 854 1850 Praefectum
880 1819 1054 1853 Honorius
1066 1823 1132 1853 nul·

237 1873 299 1905 lius
318 1875 446 1911 corporis
467 1868 609 1911 societate
633 1866 821 1906 conjunctu,
851 1867 886 1900 in
915 1867 987 1912 lege
1006 1869 1047 1902 ad
1074 1870 1131 1902 Al-

239 1923 361 1956 timum
378 1920 538 1952 Romana:
550 1915 658 1951 Urbis
670 1914 859 1952 Praefectum
871 1915 1129 1953 Valentinianus

94 1988 146 2019 'rit
168 1992 203 2018 16
236 1970 398 2007 secundus
414 1966 560 2002 inscribit
576 1963 691 2008 otiosos
702 1989 710 1997 .
741 1965 851 1999 Etiam
866 1964 1071 2008 Adcrescemes
1087 1977 1131 2000 re—

91 2006 161 2067 caps
188 2010 216 2060 ι’.
236 2023 343 2069 perias
359 2020 425 2053 dici
439 2044 449 2059 ‚
476 2030 512 2051 ac
526 2029 565 2050 cx
586 2016 744 2059 ejusmodi
773 2015 943 2059 praesertim
966 2015 1132 2051 militibus

236 2075 270 2109 δε
294 2069 482 2106 Curialibus
507 2069 574 2102 sieri
603 2065 789 2101 deficientis
815 2066 941 2101 militiae
966 2066 998 2100 ἀ
1024 2065 1131 2101 Curiae

236 2124 460 2168 supplementa
473 2145 481 2152 .
508 2120 676 2166 roirca
691 2117 897 2153 Vacantivus
907 2116 1008 2152 etiam
1021 2115 1127 2152 Cleri-

237 2186 299 2209 cus
308 2171 399 2207 aliud
422 2182 491 2204 non
503 2175 548 2203 est
563 2194 574 2209 ,
598 2169 696 2213 quarn
710 2169 859 2204 Clericus
878 2169 1057 2205 dumtaxat
1075 2167 1131 2202 ad·

237 2223 439 2267 seriptirius,
466 2221 782 2263 supernumerarius,
810 2219 1021 2260 adcrescunt,
1046 2219 1130 2253 otio-

235 2276 316 2315 sus,
340 2270 487 2307 absolute
498 2270 668 2305 ordinatus
682 2296 693 2313 ,
720 2269 937 2315 quiobsequii
959 2269 1129 2305 autaeratis

236 2324 359 2360 merito
382 2324 417 2357 in
438 2322 578 2364 alicuius
599 2321 721 2357 titulati
744 2322 855 2355 Iocum
877 2332 915 2354 ac
929 2320 1129 2365 stipendium

237 2373 421 2410 succederet
445 2397 455 2413 ,
481 2383 579 2416 atque
605 2372 649 2406 ita
677 2373 767 2406 fieret
793 2372 974 2406 deficientis
996 2369 1128 2404 Hierat-

236 2425 323 2461 chiae
344 2423 605 2468 supplementum
627 2448 634 2455 .
664 2422 827 2456 Absolute
853 2423 943 2455 enim
957 2421 1128 2455 ordinatus

237 2476 390 2510 Clericus
400 2497 410 2513 ‚
421 2474 581 2517 quoniam
593 2484 653 2507 nec
665 2473 891 2507 praefecturam
906 2482 966 2507 nec
980 2470 1129 2506 officium

238 2524 363 2565 habet,
389 2535 457 2557 non
474 2526 590 2566 spectat
602 2524 642 2558 ad
659 2523 888 2558 Hieran-niam
905 2547 913 2554 .

290 2574 353 2608 Sed
377 2574 593 2616 quaestionem
621 2575 749 2607 faciunt
776 2574 843 2607 haec
868 2572 976 2607 Sancti
1000 2571 1127 2616 Synesii

237 2623 355 2660 verba:
384 2625 459 2656 Suas
471 2622 612 2663 Ecclefias
632 2625 833 2665 reliquerunt.
863 2624 903 2656 Et
917 2622 1003 2656 haec:
1034 2628 1130 2658 Hono-

239 2680 287 2717 ris
296 2667 507 2716 su‘ijacquram
527 2680 664 2705 metuunt
679 2697 686 2704 .
719 2672 849 2715 Utique
871 2671 1008 2705 honoris
1023 2696 1034 2712 ‚
1061 2683 1129 2713 quo

239 2723 362 2769 primas
384 2722 420 2755 in
436 2722 575 2755 Ecclesia
598 2721 695 2755 Sedes
709 2721 830 2755 habent
842 2747 853 2762 ‚
881 2723 935 2756 seu
948 2723 1129 2756 consessum

239 2774 254 2809 i
291 2774 389 2808 Sacro
401 2772 600 2805 Tribunali.
627 2770 768 2817 Hiergo
789 2782 857 2805 non
880 2782 971 2807 erant
983 2773 1048 2806 sine
1070 2772 1127 2805 Ec-

240 2824 336 2861 clesia
349 2848 360 2865 ‚
387 2823 497 2857 Matre
510 2846 522 2862 ‚
547 2833 586 2856 ac
610 2820 691 2856 Sede
704 2846 715 2861 ‚
742 2822 882 2866 ideoque
901 2833 961 2856 nec
982 2821 1128 2856 absolute

240 2870 386 2928 urdinati
404 2898 412 2906 .
426 2871 638 2915 'Respondeo
661 2872 747 2915 ipsos
765 2872 858 2906 fuisse
871 2872 988 2907 similes
999 2870 1128 2907 hodier-

241 2925 294 2973 uis
320 2923 458 2957 Clericis
483 2922 767 2966 patrimonialibus
788 2947 799 2963 ,
826 2934 909 2964 quos
935 2924 1065 2956 nonnisi
1087 2921 1127 2957 ad

237 2981 369 3020 certum
381 2983 473 3007 certae
484 2972 652 3013 Ecclesiae,
678 2973 767 3016 quod
781 2974 882 3017 gratis
903 2983 1127 3022 exequantur,

238 3023 460 3066 ministerium
481 3021 623 3057 ordinari
639 3023 780 3066 permisit
793 3047 803 3063 ,
829 3023 864 3057 δε
877 3022 937 3057 sub
955 3024 1127 3066 suspensio-

243 3076 296 3110 nis
306 3070 399 3109 reatu*
408 3074 520 3119 vagari
533 3071 701 3117 prohibuit
715 3074 909 3107 sacrosancta
922 3072 1123 3107 Tridentina

239 3124 396 3168 Synodus
420 3146 426 3157 .
454 3120 555 3158 Hanc
578 3124 761 3167 ipfiffimam
783 3122 994 3166 disciplinam
1015 3123 1126 3157 laudat

241 3175 393 3218 synesius
410 3198 420 3215 ,
449 3174 671 3218 supplicatque
696 3184 751 3218 per
771 3171 994 3207 patriarcham
1019 3173 1127 3217 Cyril-

243 3224 313 3258 lum
325 3225 411 3259 mitti
425 3225 459 3258 in
478 3224 708 3259 executionem
722 3249 730 3256 .
758 3223 879 3267 Viguit
891 3222 947 3257 illa
974 3225 1074 3268 usque
1087 3221 1126 3257 ad

241 3275 417 3314 synodum
442 3273 750 3309 Chalcedonensem
773 3299 780 3306 .
808 3273 870 3308 Per
890 3273 976 3308 hanc
1000 3298 1012 3314 ,
1037 3272 1125 3316 quod

240 3324 426 3358 vacantivis
446 3324 513 3358 istis
523 3326 598 3359 esset
622 3324 748 3364 nimia,
773 3324 908 3368 &quafi
933 3322 1127 3366 insuperabi-

239 3372 287 3408 slis
297 3372 439 3417 vagandi
459 3373 591 3408 licentia
604 3398 615 3415 ,
640 3374 705 3408 fuit
719 3373 842 3408 abolita
857 3398 869 3414 ,
894 3373 1043 3408 exstincti
1059 3383 1126 3407 om-

244 1417 360 1452 cadius
382 1417 603 1451 &Honorius
625 1415 837 1461 distinguunt
858 1416 1029 1451 Palatinos
1051 1418 1137 1453 ordi-

1142 2299 1146 2355 l

1141 2358 1146 2386 l

1141 2390 1146 2446 l

1142 2449 1145 2456 v

1140 2459 1145 2541 Ι

242 3432 305 3460 tes
326 3421 492 3459 vacantivi
504 3422 645 3467 Clerici,
669 3423 896 3466 sancitamque
919 3433 961 3459 ne
974 3422 1046 3467 quis
1057 3423 1125 3458 sine

1135 3478 1143 3492 .

1227 144 1561 180 “Ῐ,ῘΟΝ

1232 211 1329 247 firmo
1349 224 1387 248 ac
1401 215 1478 250 reali
1503 215 1603 251 titulo
1614 215 1767 262 deinceps
1782 220 2004 260 ordinaretur.
2029 226 2111 264 sanz

1226 262 1329 297 citum
1351 264 1415 300 fuit
1436 266 1478 300 de
1500 267 1578 300 solis
1602 266 1764 303 Clericis.
1790 270 1996 311 Vacantivos
2016 279 2107 315 enim

1226 311 1406 359 Episcopos
1421 316 1566 351 Ecclesia
1578 328 1759 362 numquam
1769 341 1780 359 ‚
1804 331 1861 356 aut
1881 324 1980 371 longe
1995 329 2110 364 ratim·

1225 373 1298 397 mos
1309 367 1511 402 consecravit
1520 391 1532 408 ‚
1546 365 1685 411 ideoque
1694 370 1886 407 reformator
1900 373 2020 411 Canon
2034 389 2106 414 non

1222 411 1285 447 fuit
1306 417 1516 451 neceffarius.
1545 417 1599 452 Ex
1621 429 1689 462 quo
1712 419 1801 455 vides
1825 422 1947 459 avitam
1963 426 2107 473 discipli.

1222 473 1321 505 nam,
1346 475 1446 509 quam
1469 466 1745 504 Chalcedonensis
1766 470 1921 514 Synodus
1938 479 2103 521 correxit,

1221 513 1313 549 fuisse
1324 516 1503 552 restitutam
1525 519 1543 552 a
1555 518 1757 554 Tridentina
1769 520 1928 564 synodo:
1955 523 2025 562 Aut
2036 540 2103 573 po-

1219 563 1282 598 tius
1301 587 1313 603 ,
1339 567 1428 610 quod
1456 566 1733 605 Chalcedonenfis
1757 572 1916 607 correstio
1939 578 2100 623 corruptis

1218 614 1467 652 novissimorum
1490 628 1675 663 temporum
1697 621 1844 657 moribus
1867 623 2030 661 videretur
2053 630 2103 664 ni·

1217 664 1320 699 mium
1342 665 1440 701 ardua
1457 692 1468 709 ‚
1496 670 1678 712 permissam
1701 696 1708 703 .
1736 671 1792 705 An
1818 673 1920 717 ipsam
1948 673 2100 714 habuerit

1213 714 1314 749 etiam
1336 716 1541 752 Tertulliani
1559 720 1708 755 saeculum
1734 722 1855 766 ignoto
1881 747 1888 756 .
1917 724 2096 774 Qidquid

1214 764 1251 798 sit
1262 789 1274 805 ,
1301 765 1358 800 ille
1368 766 1605 803 Gnosticorum
1617 770 1822 807 Clericorum
1845 773 1998 810 Clericos
2011 778 2094 813 reste

1212 816 1342 860 arguit,
1368 817 1458 862 quod
1482 830 1544 854 nec
1565 819 1739 857 Ecclesiam
1767 820 1926 860 haberent
1948 837 2008 860 nec
2038 827 2101 862 Se-

1210 864 1304 905 dem‚
1331 868 1445 910 utique
1467 869 1633 905 laudatam
1656 870 1710 907 hic
1731 871 1924 917 aSynefio,
1949 886 2021 918 quae
2045 889 2100 921 pa-

1208 914 1273 950 lam
1292 919 1338 952 est
1361 917 1456 953 Sedes
1478 919 1564 954 Sacri
1594 920 1791 958 Tribunalis
1814 948 1821 956 .
1847 923 1939 969 Ipsos
1962 928 2092 972 arguit,

1207 966 1297 1008 quod
1317 978 1423 1013 neque
1442 968 1538 1005 istam
1563 970 1725 1007 laxiorem
1751 974 1915 1010 servarent
1939 975 2091 1022 discipli-

1206 1027 1303 1051 nam.

1255 1065 1360 1102 Porrd
1369 1067 1454 1103 dista
1470 1069 1612 1116 vagandi
1625 1071 1731 1109 libido
1742 1074 1882 1117 possedit
1891 1075 1993 1112 etiam
2015 1075 2097 1113 alio-

1205 1126 1275 1151 rum
1290 1115 1516 1154 haereticorum
1531 1121 1711 1167 Episcopos
1737 1124 1772 1158 δε
1788 1125 1954 1161 Clericos.
1983 1126 2094 1162 Etiam

1203 1165 1350 1202 absolute
1361 1180 1430 1203 non
1444 1169 1613 1205 ordinatos
1625 1195 1632 1202 .
1655 1173 1705 1208 Ita
1728 1173 1769 1207 ad
1790 1176 1946 1211 Sanctum
1960 1176 2095 1220 Cypria·

1203 1227 1282 1250 uum
1303 1219 1437 1253 Sanetus
1466 1219 1555 1263 Papa
1580 1220 1756 1255 Cornelius
1789 1223 1911 1267 scripsit
1931 1247 1943 1263 ‚
1981 1226 2094 1260 nescio
2112 1240 2160 1279 Ep,
2178 1243 2233 1276 48·

1200 1276 1296 1310 quem
1309 1265 1496 1303 haereticum
1509 1269 1688 1317 Evanstum
1696 1272 1734 1306 de
1741 1271 1886 1316 Episcopo
1890 1275 1961 1315 jam
1973 1285 2026 1310 nec
2037 1275 2096 1309 lat-

1198 1327 1263 1349 cum
1286 1317 1445 1361 remanfiffe
1463 1343 1475 1359 ‚
1500 1318 1665 1354 cathedrae
1687 1323 1722 1355 Θ
1740 1322 1837 1363 plebis
1855 1333 2003 1358 extorrem
2024 1347 2036 1365 ‚
2058 1327 2093 1361 ὁ·

1198 1367 1235 1399 de
1252 1367 1378 1409 Ecclesia
1390 1368 1500 1409 Christi
1512 1370 1624 1403 exulem
1631 1395 1642 1411 ,
1664 1379 1720 1413 per
1731 1373 1809 1405 altas
1820 1374 1903 1418 longe
1913 1377 2094 1409 Provincias

1197 1415 1332 1452 oberrare
1345 1443 1358 1459 ,
1384 1420 1418 1452 (ν
1439 1417 1534 1462 ipsum
1561 1425 1701 1454 veritatis
1711 1433 1747 1456 ac
1766 1421 1838 1463 fidet
1850 1424 2092 1469 nacfragumfa-

1197 1465 1275 1509 llum
1286 1493 1297 1508 ,
1324 1473 1401 1502 circa
1415 1468 1558 1512 quosdam
1565 1468 1731 1513 fuifimlles
1739 1477 1834 1515 paria
1844 1474 2009 1520 naufragia
2026 1485 2093 1515 com,

1195 1521 1284 1553 citare
1295 1543 1303 1551 .
1331 1519 1514 1555 Addiderat
1527 1522 1561 1555 dc
1573 1521 1711 1557 similem
1724 1522 1871 1559 Ecclefiae
1886 1527 1948 1559 suae
1968 1525 2092 1560 Diaco-

1197 1578 1276 1601 num
1288 1568 1514 1604 Nicostratum
1528 1570 1646 1616 fugisse
1658 1572 1692 1606 in
1708 1570 1855 1608 Africam
1869 1598 1881 1615 ,
1906 1587 1944 1609 ac
1957 1575 1997 1609 de
2020 1574 2093 1619 ipso

1195 1618 1351 1663 rescripsit
1363 1620 1549 1663 Cyprianus
1562 1635 1573 1654 .-
1599 1625 1645 1655 Ee
1657 1634 1735 1656 nunc
1745 1623 1880 1667 Ecclefiae
1899 1623 2030 1668 desertor
2054 1636 2093 1666 at:¹

1190 1667 1358 1713 profugus,
1385 1669 1471 1712 quafi
1490 1672 1610 1715 mutasse
1622 1669 1662 1712 fit
1683 1671 1830 1707 bominem
1851 1683 1969 1708 mutare
1993 1679 2093 1718 reglo-

1193 1728 1278 1751 nem.
1307 1720 1419 1754 Etiam
1433 1720 1542 1755 saneti
1556 1721 1895 1766 Cypriauihaereticus
1915 1724 2089 1760 Diaconus

1195 1768 1346 1804 Novatus
1359 1782 1415 1814 per
1427 1781 1561 1806 omnem
1576 1772 1722 1808 Africam
1741 1784 1837 1818 atque
1849 1774 1979 1810 Italiam
1995 1786 2093 1820 vaga·

1193 1828 1245 1852 tus
1256 1819 1300 1853 est
1312 1844 1323 1860 ‚
1346 1821 1447 1862 ipsam
1473 1822 1660 1856 Romanam
1672 1822 1812 1858 turbavit
1826 1824 2003 1858 Ecclesiam
2015 1848 2026 1864 ‚
2053 1824 2090 1859 δε

1193 1869 1314 1911 primus
1335 1869 1516 1905 Novatiani
1531 1871 1717 1905 schismain
1739 1875 1807 1914 ipsa
1822 1873 2001 1908 conflavit.
2029 1873 2091 1908 Et-

1191 1919 1257 1957 iam
1278 1919 1323 1953 ob
1346 1929 1467 1953 errores
1487 1920 1506 1954 Ξι
1528 1919 1701 1954 Demetrio
1730 1921 1895 1965 Episcopo
1913 1923 2089 1958 damnatus

1191 1969 1356 2009 Origenes
1369 1992 1380 2007 ,
1406 1969 1567 2009 profectus
1579 1968 1624 2000 est
1648 1969 1683 2000 in
1710 1968 1914 2006 Palaestinam
1926 1996 1938 2013 ,
1964 1974 1999 2007 ἀ
2010 1984 2087 2017 qua·

1191 2014 1364 2058 quaversus
1386 2026 1548 2050 venenum
1573 2016 1767 2052 seminavit.
1792 2018 1837 2052 Et
1858 2021 2030 2055 adversum
2050 2023 2090 2065 fi?

1191 2064 1286 2100 miles
1315 2066 1388 2100 Arii
1413 2066 1446 2100 dc
1471 2065 1675 2101 Arianorum
1692 2067 2092 2113 Episcoporum&Cleri-‚

1190 2126 1304 2150 corum
1317 2127 1419 2161 gyros
1434 2116 1555 2160 prodiit
1570 2118 1676 2151 sextus
1687 2117 1807 2152 Canon
1833 2119 1868 2153 N
1873 2119 1992 2154 icaenus
2005 2144 2013 2152 .
2041 2119 2087 2155 Et

1190 2165 1232 2200 de
1256 2165 1398 2201 Valente
1410 2190 1421 2207 ‚
1449 2166 1633 2202 Mursiensis
1645 2168 1677 2201 in
1703 2168 1840 2211 Illyrico
1851 2169 1995 2205 civitatis
2010 2170 2088 2214 Epi-

1190 2216 1288 2260 scopo
1300 2217 1334 2251 &
1348 2216 1523 2252 Proditore
1533 2241 1544 2258 ‚
1572 2218 1661 2263 quod
1674 2219 1709 2253 in
1722 2217 1874 2254 Gothico
1885 2218 2019 2254 militari
2031 2218 2088 2255 ha-

1191 2265 1264 2301 bitu
1278 2277 1445 2312 vagaretur
1455 2293 1466 2309 ‚
1493 2268 1527 2303 ὅ(
1540 2269 1612 2312 ipsis
1625 2267 1724 2303 etiam
1733 2267 1835 2304 Italiae
1850 2269 1999 2305 Ecclesiis
2011 2282 2087 2314 prae-

1191 2318 1331 2353 sumeret
1353 2328 1459 2353 novos
1484 2319 1648 2354 intrudere
1663 2320 1842 2364 Episcopos
1864 2319 1897 2354 in
1916 2321 2031 2355 litteris
2042 2318 2085 2356 ad

1191 2369 1423 2412 Imperatorem
1435 2367 1633 2403 Gratianum
1646 2370 1799 2413 quaeritur
1812 2369 1966 2413 synodus
1978 2370 2086 2417 Aqui·

1189 2417 1313 2461 lejenfis
1327 2443 1334 2450 .
1373 2421 1416 2454 Et
1438 2419 1479 2453 ad
1503 2419 1656 2454 Nicetam
1681 2416 1926 2464 Aquileiensem
1945 2421 2086 2464 Episco-

1191 2479 1271 2511 pum
1295 2468 1406 2503 scribit
1427 2468 1469 2502 de
1490 2468 1747 2514 pelagianorum
1774 2471 1914 2505 Clericis
1935 2471 2083 2516 Magnus

1190 2518 1276 2562 Papa
1289 2519 1377 2554 Leo:
1409 2518 1534 2553 Reliffls
1547 2519 1684 2562 Ecclefits
1696 2545 1708 2561 ,
1732 2519 1882 2562 inquibus
1894 2522 2083 2554 Clericatum.
2100 2531 2151 2572 Ep,
2168 2535 2217 2564 ες,

1189 2577 1244 2602 aut
1261 2578 1436 2612 acceperant
1455 2577 1506 2602 aut
1529 2578 1718 2611 receperant,
1743 2569 1937 2609 instabilitate
1954 2569 2013 2614 sua
2022 2579 2080 2614 per

1190 2617 1311 2662 diversa
1325 2619 1590 2661 circumferuntur,
1618 2629 1756 2654 amantes
1770 2619 1888 2663 semper
1898 2624 1999 2654 errare
2011 2645 2023 2662 ,
2048 2623 2083 2656 θ

1191 2679 1343 2711 nunquam
1355 2674 1388 2702 in
1406 2668 1560 2711 apostolico
1567 2669 1773 2712 fundamento
1782 2678 1977 2712 permanere.
2003 2670 2084 2706 lmi-

1189 2718 1339 2754 tabantur
1350 2718 1519 2763 Principes
1531 2721 1605 2754 suos
1616 2743 1627 2760 ‚
1652 2720 1827 2766 Pelagium
1840 2745 1852 2763 ,
1877 2720 2056 2764 Celestium
2069 2746 2083 2763 ,

1188 2769 1354 2814 Iulianum
1377 2794 1388 2810 ‚
1414 2769 1612 2805 Marcellum
1635 2795 1646 2812 ,
1673 2771 1809 2806 Florum
1830 2795 1843 2812 ,
1870 2770 2049 2807 Orentium
2064 2796 2077 2814 ‚

1188 2830 1269 2865 quos
1282 2830 1356 2854 toto
1370 2819 1529 2854 Romano
1539 2819 1620 2855 orbe
1632 2822 1727 2856 fuisse
1739 2831 1873 2865 vagatos
1882 2820 2005 2857 docent
2025 2833 2079 2859 va-

1187 2871 1233 2905 ria
1246 2871 1475 2904 Romanorum
1489 2870 1692 2905 Pontificum
1715 2883 1753 2906 ac
1766 2872 2004 2916 Imperatorum
2015 2872 2081 2907 Re-

1187 2921 1304 2964 scripta
1318 2945 1330 2962 ,
1355 2919 1504 2964 Asiaque
1526 2921 1655 2965 Synodi
1676 2921 1864 2966 Ephesinae.
1892 2920 1971 2957 Post
1995 2921 2084 2957 infli-

1186 2973 1272 3004 ‹stam
1284 2970 1533 3006 damnationem
1552 2972 1725 3016 praesertim
1740 2982 1900 3018 vagantur
1920 2971 2082 3008 istiusmo-

1186 3021 1220 3054 di
1246 3019 1420 3056 homines.
1447 3021 1632 3057 Damnatio
1652 3023 1743 3057 enim
1767 3021 1866 3058 habet
1889 3021 2022 3057 Divinae
2045 3022 2081 3056 in

1186 3071 1272 3105 Cain
1297 3071 1462 3106 sententia:
1486 3070 1640 3107 virtutem
1664 3073 1698 3107 ἀ
1721 3071 1957 3112 characterem,
1981 3082 2081 3115 atque

1187 3122 1231 3155 ita
1244 3123 1405 3165 percussos
1415 3122 1434 3156 a
1448 3122 1481 3156 se
1490 3122 1670 3167 Episcopos
1681 3123 1716 3157 ὅτ.
1730 3123 1878 3158 Clericos
1900 3122 2079 3167 cauteriatoe

1186 3173 1393 3207 conscientiae
1414 3181 1554 3206 tremore
1580 3173 1748 3217 percellit,
1775 3172 1947 3218 proscribit
1969 3172 1988 3205 a
2011 3168 2078 3203 Dei

1186 3223 1296 3263 facie,
1320 3223 1353 3257 ὅ(
1379 3223 1549 3266 compellit
1560 3223 1601 3257 ad
1614 3223 1778 3258 totoorbe
1800 3222 2003 3269 vagandum}
2031 3219 2077 3252 Et

1185 3271 1263 3313 hinc
1277 3273 1453 3316 Imperator
1465 3273 1643 3309 Gratianus
1654 3275 1744 3308 suam
1758 3298 1770 3314 ‚
1790 3285 1854 3317 qua
1865 3269 2075 3314 degradatum

1187 3322 1387 3373 Episcopum
1408 3323 1427 3356 a
1451 3323 1518 3358 sola
1540 3323 1647 3358 ablata
1672 3323 1833 3359 Cathedra
1854 3319 2009 3363 relegavit
2033 3314 2074 3352 ad

1185 3382 1318 3407 centum
1340 3372 1445 3407 millia
1468 3374 1616 3418 passuum
1630 3398 1642 3416 ,
1668 3371 1792 3408 &alibi
1812 3368 1919 3403 ubivis
1932 3368 2075 3412 permisit

1184 3421 1293 3467 quiete
1319 3423 1427 3458 vivere
1447 3448 1460 3465 ,
1486 3425 1593 3468 legem
1625 3421 1734 3457 noluit
1761 3418 1867 3454 favere
1892 3417 2074 3453 haereticis.

1943 3468 2026 3504 Avi-
