2346 3724
96 289 168 316 }{zr.
184 298 226 320 ιγ,

124 335 186 366 ‘³³P·
195 334 226 356 ⁶·
245 336 336 369 Pauli
345 348 424 370 mors
438 343 472 369 in
490 338 695 370 duodecimum
707 341 840 370 Neronis
849 347 963 368 annum
974 340 1108 368 incurrit
1124 357 1130 364 .

83 1985 172 2013 'rom-
189 1987 218 2012 6.

74 2022 132 2057 fol·
145 2031 161 2060 3
171 2033 218 2060 ¹9·

306 206 403 249 288
802 203 831 247 S
903 216 931 245 c
996 215 1032 246 *n
1104 211 1135 242 o

296 285 420 320 Eadem
445 284 557 321 scribit
577 287 709 322 Sanctus
733 284 962 329 Epiphanius.-
990 287 1075 318 Petri
1096 294 1133 316 ac

242 386 444 422 Communis
465 397 575 422 tamen
590 387 747 420 sententia
764 386 902 419 affirmat
917 386 1082 419 incurrisse
1096 386 1129 417 in

242 447 367 471 annum
389 436 691 472 decimumtertium
713 459 720 467 .
758 436 908 481 Qidam
935 434 1131 470 concordari

241 488 375 522 censent
387 510 399 529 ,
426 489 448 522 fi
462 486 686 531 Epiphanium
698 486 741 520 de
755 486 861 529 plenis
871 506 890 527 ,2
906 486 990 521 alios
1010 484 1130 519 intelli-

240 549 300 583 gas
324 539 368 573 de
394 538 489 573 annis
512 547 580 571 non
593 537 715 580 plenis.
746 536 835 570 Nam
857 534 1127 578 &hincquidam

240 588 405 624 affirmant
438 589 609 623 Neronem
642 586 786 631 regnasse
813 589 908 620 annis
931 586 1129 630 quatuorde-

239 640 308 674 cim
334 665 345 681 ‚
380 639 439 673 alii
478 638 553 673 soiis
591 637 747 671 tredecim
774 659 782 669 .
819 637 958 680 Optime
993 636 1128 671 Sanetus

241 687 457 734 Theophilus
478 686 662 723 patriarcha
676 684 907 721 Antiochenus
924 687 956 720 in
981 686 1079 721 tertio
1092 685 1127 718 li-

239 740 300 776 bro
313 741 353 776 ad
367 740 595 782 Autolycum:
622 742 708 771 Nero
724 736 892 779 imperavit
912 742 1006 769 annis
1030 736 1126 769 erede·

237 798 297 825 eim
311 816 322 832 ,
346 789 487 831 menfibus
497 789 570 829 (ex,
598 788 703 822 diebus
717 787 918 832 vrgtntroHo.
948 787 991 820 Et
1006 786 1126 820 Paulus

239 842 375 877 Orosius
387 854 398 873 .·
426 844 511 873 Nero
523 837 629 879 manfit
647 845 679 871 in
695 841 871 880 Principum
891 842 983 870 annis
996 848 1055 870 non
1063 838 1123 878 ple·

238 896 291 927 nis
310 891 552 934 quatuordecim.
581 889 752 933 perperim
777 890 810 922 i'n
835 887 922 922 libro
946 896 1062 921 contra
1074 887 1125 930 Ju-

238 941 326 976 daeos
346 941 524 984 Septimius
553 939 662 974 noster
684 938 814 974 Neroni
841 937 999 972 adscribit
1020 947 1126 971 annos

236 992 411 1027 dumtaxat
433 1001 555 1025 novem
578 1014 585 1021 .
613 988 785 1024 Dominus
807 987 996 1023 Cardinalis
1021 986 1126 1022 Caesar

237 1041 400 1077 Batonius
423 1039 661 1084 Apostolorum
675 1048 818 1073 mortem
840 1039 873 1073 in
887 1038 1122 1083 sexagesimum

237 1102 392 1132 nonum,
418 1089 615 1135 Onuphrius
633 1090 804 1123 panvinus
827 1091 861 1123 in
887 1089 1123 1134 sexagessmum

235 1145 388 1178 ostavum
409 1166 421 1183 ,
461 1141 644 1183 Dionysius
669 1139 825 1174 petavius
851 1139 887 1173 in
914 1139 1057 1174 Scholiis
1083 1138 1121 1172 ad

235 1193 392 1228 Sanstum
405 1189 633 1236 Epiphanium
654 1189 924 1224 censetincidiffe
947 1190 982 1223 in
999 1188 1121 1223 Christi

234 1242 379 1278 Domini
391 1253 431 1276 an
438 1251 517 1276 num
528 1242 774 1286 >sexagessmum
787 1240 963 1284 septimum
975 1263 982 1271 .
1012 1239 1059 1272 Ar
1072 1250 1122 1272 ve-

234 1293 273 1328 ro
298 1293 433 1328 Sanctus
456 1291 685 1335 Hieronymus
712 1291 746 1323 in
777 1290 951 1323 illustrium
979 1289 1119 1323 virorum

234 1343 391 1386 catalogo
413 1339 554 1374 affirmat
583 1340 671 1373 istud
698 1339 879 1383 gloriosum
919 1339 1118 1382 Martyrium

233 1392 409 1436 contigisse
429 1400 519 1433 anno
532 1389 678 1432 Neronis
701 1388 974 1430 quartodecimo,
1002 1388 1119 1432 trigesi-

232 1455 292 1478 mo
308 1444 430 1486 quinto
454 1438 523 1484 post
536 1438 680 1474 Domini
693 1437 901 1478 pastionem,
927 1437 984 1482 qui
1006 1437 1119 1471 abillo
1161 1476 1165 1491 ³

231 1503 314 1530 nato
336 1491 401 1526 suit
425 1490 640 1534 sexagesimus
662 1499 799 1523 nonus.
826 1489 930 1536 Qod
954 1488 1059 1531 ipsum
1085 1488 1117 1520 in

231 1541 406 1579 Chronico
424 1539 540 1585 'scribit
554 1539 714 1573 Eusebius
726 1563 736 1579 ,
763 1538 887 1572 addens
904 1538 998 1571 fuine
1011 1539 1116 1571 Nero-

231 1593 284 1629 nis
297 1595 431 1627 ⁴<turtum
444 1590 611 1625 decimum
634 1600 788 1632 quartum
802 1604 814 1632 -j
838 1587 1115 1632 Utiqueinchoa-

230 1644 325 1688 tu'rvn'.
355 1640 461 1675 Porro
481 1642 513 1673 in
535 1634 728 1682 Principum
754 1638 992 1680 Apostolorum
1019 1649 1117 1672 enco-

231 1694 302 1729 t'ri'io
315 1691 421 1727 scribit
432 1692 564 1725 sanctus
577 1690 719 1734 joannes
730 1686 989 1732 Chrysostomus
1004 1699 1011 1719 :
1042 1687 1117 1721 Pau-

234 1743 280 1778 lus
310 1743 442 1784 perseHo
461 1741 626 1784 sexaginta
652 1740 713 1772 ot‘lo
738 1750 883 1772 annorum
912 1746 987 1771 'vttae
1009 1736 1115 1780 eursu,

233 1793 382 1836 quempro
391 1797 507 1833 pietate
518 1790 682 1829 institutum
695 1785 832 1820 tenuerat
847 1813 854 1827 ,
868 1793 989 1829 quievit
1002 1812 1009 1819 .
1040 1787 1115 1820 Erat

171 1852 173 1855 ’
232 1844 335 1889 igitur
346 1853 415 1876 uno
427 1851 515 1874 anno
527 1838 637 1881 junior
649 1836 782 1871 Christo
795 1838 965 1871 Domino.
985 1838 1026 1870 Et
1039 1837 1116 1869 hinc

234 1903 377 1928 errorem
394 1890 570 1925 continent
587 1887 652 1922 haec
666 1888 771 1921 sancti
786 1885 990 1930 Hieronymi
1004 1887 1037 1919 in
1052 1886 1114 1919 lau-

235 1943 314 1978 dato
337 1941 494 1985 catalogo
515 1936 609 1972 verba
635 1951 646 1971 .·
674 1938 786 1970 Paulus
810 1938 846 1969 de
864 1938 972 1978 oppido
986 1937 1118 1980 Judaeae

238 1991 367 2037 Giscalts
382 1990 471 2033 fuit,
498 1989 585 2032 quoa
598 1991 740 2020 Romanis
762 1993 873 2027 capto,
897 1995 964 2018 cum
975 1986 1118 2018 Parenti-

234 2044 290 2079 bus
312 2040 375 2086 suis
403 2038 553 2083 Tharsum
572 2040 688 2071 cetteiae
715 2041 952 2079 commigravit.
982 2034 1116 2068 Etenim

233 2094 299 2131 isto
323 2102 472 2136 tempore
488 2087 668 2135 plenissima
692 2087 755 2121 fuit
767 2097 830 2130 pax
854 2097 909 2130 per
919 2085 1062 2130 Judaeam
1079 2095 1118 2118 ac

233 2155 335 2179 omne
346 2142 538 2176 Romanum
551 2138 727 2183 Imperium
740 2161 750 2177 ,
777 2136 867 2171 nulla
879 2135 1053 2170 civitatum
1066 2146 1116 2169 ex-

233 2194 416 2240 pugnatio.
447 2192 491 2225 Et
517 2199 642 2225 certum
664 2188 708 2223 est
729 2186 872 2223 Paulum
895 2186 989 2220 fuisse
1009 2184 1118 2219 Thar-

233 2245 358 2281 sensem
372 2269 379 2276 .
408 2242 453 2276 Ee
464 2239 546 2274 istud
560 2239 595 2274 in
608 2238 808 2283 Apostolicae
829 2238 869 2272 ad
884 2236 1117 2271 Philemonem

233 2293 379 2339 epistola:
410 2290 664 2328 Commentario
694 2289 833 2334 agnovit
861 2288 926 2331 ipse
951 2288 1118 2329 Hierony-

235 2356 309 2381 mus
333 2357 341 2377 :
383 2344 480 2385 Ajunt
509 2345 656 2374 Parentes
679 2338 802 2381 Apostoli
831 2339 920 2371 Pauli
945 2338 982 2369 de
1004 2335 1119 2379 Gtscalt

229 2395 321 2439 fuiffe
343 2400 458 2439 regione
473 2393 629 2439 Judaeae‚
656 2387 801 2431 &ipson
827 2399 890 2421 cum
912 2395 975 2420 tota
991 2389 1114 2418 Provin-

236 2450 285 2480 cia
299 2448 436 2478 Romana
457 2442 626 2483 vastaretur
649 2450 758 2479 manu,
787 2436 1072 2481 &dispergerentur
1086 2439 1118 2466 in

236 2495 333 2529 arbem
352 2499 382 2539 J
387 2495 467 2527 udaei
488 2517 499 2532 ‚
534 2496 567 2524 r'n
592 2487 737 2531 Tharsum
768 2488 884 2523 Ciliciae
909 2487 1010 2519 urbem
1031 2484 1121 2527 fuisse

236 2546 404 2580 translatos
426 2565 437 2581 ,
466 2545 633 2574 Parentum
655 2541 850 2572 conditionem
872 2535 1120 2579 adolescentulum

239 2596 367 2630 Paulum
373 2592 521 2636 secutum.
553 2591 706 2623 Affirmat
729 2590 825 2623 istam
846 2587 1060 2622 traditionem
1077 2585 1121 2619 es·

236 2648 268 2681 se
280 2644 424 2679 fabulam
438 2666 444 2672 .
474 2640 515 2673 Et
529 2640 610 2673 teste
621 2663 629 2670 .

291 2693 346 2729 Ad
370 2692 498 2736 praefata
519 2690 574 2723 sua
596 2687 692 2722 verba
715 2687 808 2721 addit
832 2688 967 2721 sanstus
982 2686 1122 2729 joannes

239 2742 516 2788 Chrysostomus:
543 2742 589 2772 sit
610 2737 805 2778 mibi-instar
824 2749 935 2771 coronae
943 2737 1064 2780 gladius
1092 2736 1124 2767 il·

238 2800 266 2831 le
280 2821 290 2836 ‚
316 2799 368 2837 qui
394 2796 521 2834 triginta
539 2791 718 2831 &quinque
740 2794 824 2821 viros
835 2793 850 2826 ‚⁸
867 2786 988 2830 summa
1013 2784 1123 2828 adser-

238 2846 383 2880 vt'endum
393 2841 540 2876 charitate
553 2864 563 2879 ,
591 2842 717 2872 Domino
738 2838 944 2880 mancipavit.
973 2838 1010 2870 ln
1023 2836 1124 2881 origi-

237 2897 304 2930 nali
314 2904 407 2929 textu
422 2891 550 2925 nullum
563 2889 607 2923 est
622 2888 857 2922 substantivum
871 2913 878 2920 .
907 2888 1002 2922 Hinc
1016 2887 1126 2921 subin·

237 2944 346 2990 telligi
365 2953 432 2976 non
445 2940 566 2975 debent
587 2939 665 2973 viri.
692 2939 779 2986 Qis
800 2940 890 2972 enim
916 2940 971 2974 ille
984 2939 1092 2972 sensus
1107 2938 1123 2969 ,ἕ

239 2991 454 3035 Subintelligi
465 2990 585 3024 debent
596 2989 673 3024 anni
688 3013 698 3030 ,
726 2989 860 3032 expteffi
879 2990 919 3023 ad
935 3000 1030 3024 voces
1043 3013 1054 3029 ,
1078 2988 1123 3021 5e·

239 3051 370 3091 xaginta
379 3041 456 3074 080.
483 3040 627 3074 Proinde.
641 3039 783 3073 necdum
795 3039 907 3082 elapso
922 3040 993 3082 post
1009 3038 1124 3073 Domi-

238 3098 349 3131 nicam
361 3091 548 3128 Paffionem
571 3101 661 3123 anno
675 3091 809 3124 sanstus
821 3088 943 3123 Paulus
963 3090 1026 3124 fuit
1048 3101 1124 3124 con-

241 3148 370 3185 versus,
399 3144 461 3176 suae
475 3140 672 3174 aeratisanno
683 3140 849 3184 trigesimo
862 3140 976 3174 tertio.
1005 3140 1125 3175 Domi-

242 3209 304 3230 nus
315 3195 360 3230 est
384 3193 488 3237 passus
510 3191 544 3223 in
561 3189 689 3233 Aprili,
716 3189 897 3233 Stephanus
923 3190 957 3223 in
971 3191 1124 3233 proximo

243 3245 422 3280 Decembri
435 3239 596 3284 lapidatus
609 3264 620 3280 ,
648 3240 770 3274 Paulus
783 3240 958 3274 conversus
971 3241 1004 3272 in
1020 3239 1125 3283 proxi-

241 3307 301 3330 mo
314 3293 489 3337 Ianuario.
518 3290 600 3322 Haec
622 3290 681 3324 suo
695 3291 770 3324 loco
793 3292 865 3324 sunt
889 3290 1009 3334 largius
1026 3301 1124 3332 expo·

245 3344 367 3379 nenda.
399 3340 500 3387 Qod
514 3350 622 3373 autem
636 3339 749 3373 Petrus
772 3341 804 3374 ἀ
818 3339 937 3373 Paulus
961 3340 1020 3373 sint
1032 3340 1124 3373 simul

244 3396 362 3430 Romae
374 3392 450 3436 paffi
461 3415 471 3431 ‚
498 3389 616 3424 diserto:-
628 3390 797 3432 ptofitetur
809 3390 841 3424 in
859 3390 973 3424 litteris
996 3390 1035 3424 ad
1050 3391 1123 3425 San-

1207 211 1585 254 ιιοΝ,

1192 284 1279 318 (ium
1300 297 1338 319 ac
1359 286 1525 332 Magnum
1535 286 1685 322 Leonem
1696 286 1891 323 Pontificem
1902 285 2065 322 Theodo-

1195 345 1302 377 retuS,
1328 336 1479 380 Cyrenfis
1501 338 1535 371 in
1561 335 1769 381 Euphratesia
1788 338 1962 373 Provincia
1987 338 2068 381 Epi-

1195 385 1332 430 scopus,
1358 400 1396 422 ac
1409 390 1466 422 suo
1485 396 1634 431 tempore
1656 388 1766 421 lumen
1778 389 1880 423 totius
1889 387 2070 424 Orientalis

1195 434 1404 472 Dioeceseos.
1434 439 1623 473 Romanam
1637 437 1814 472 Ecclesiam
1834 439 1990 474 &urbem
2003 438 2071 472 lau-

1192 484 1248 520 dat
1269 486 1478 523 &emollita
1491 489 1604 523 multis
1616 513 1626 528 ‚
1651 499 1751 531 atque
1762 488 1983 532 prosequitur:
2009 491 2072 521 Ha-

1191 535 1241 569 bet
1258 541 1411 578 praeterea
1436 546 1632 572 communium
1655 541 1784 572 Parrum
1809 539 1845 573 Θ
1865 538 2070 583 Magistrorum

1193 593 1355 628 veritatis,
1382 591 1472 622 Petri
1492 601 1529 624 ac
1541 591 1632 623 Pauli
1648 587 1809 632 sepulchra
1823 612 1834 629 ,
1855 588 1986 630 fidelium
2005 595 2070 622 ant·

1193 648 1258 669 mas
1271 638 1497 672 illuminantia.
1525 642 1662 684 ‚Quorum
1673 639 1861 680 beatffmum
1881 649 1915 671 ac
1924 641 2069 673 Divinum

1193 688 1256 719 Par
1265 692 1299 719 ln
1315 692 1436 722 Oriente
1455 691 1576 731 quidem
1595 699 1732 724 exortum
1754 689 1794 730 est
1806 713 1817 730 ,
1842 691 1877 723 <Er
1889 690 1987 722 radios
1997 700 2070 732 qua-

1190 739 1372 779 quaversum
1391 738 1538 781 diffudit,
1559 739 1619 784 fied
1631 745 1665 773 tn
1675 741 1832 774 Occidente
1854 744 1930 772 ’ωηο
1940 737 2069 782 occasum

1189 789 1268 820 ultro
1279 786 1394 831 subiit,
1419 799 1512 832 atque
1533 791 1607 824 inde*
1617 800 1696 824 nunc
1710 788 1806 822 orbem
1827 788 1998 832 universum
2009 790 2070 821 col-

1189 837 1294 879 lustrat
1316 864 1324 871 .
1366 844 1409 873 Hi
1429 841 1532 881 Sedens
1551 839 1683 882 vestram
1704 840 1910 884 *nobiliffimam
1931 839 2070 872 reddide-

1190 896 1262 921 runt
1275 913 1282 920 .
1307 887 1362 922 Hie
1372 886 1513 923 honorum
1535 889 1695 931 vestrorum
1706 890 1745 932 est
1764 899 1862 933 apex.
1891 889 2071 924 Profitetur

1191 939 1224 972 in
1243 938 1433 983 Principum
1446 939 1686 984 Apostolorum
1708 941 1832 975 meritis
1856 939 1987 974 fundari
2000 937 2072 973 Ro·

1189 1000 1324 1023 manum
1335 988 1516 1025 Primatum
1526 1015 1534 1023 .
1561 989 1726 1026 Hodierni
1738 991 1876 1025 Gtaeculi
1888 991 2071 1035 agnoscant

1191 1040 1222 1072 se
1243 1040 1262 1073 ὲ
1287 1040 1416 1074 suorum
1439 1039 1575 1075 Parrum
1598 1041 1745 1086 vestigiis
1764 1041 1895 1085 penitus
1919 1037 2068 1075 deviare.

1191 1088 1384 1135 Utrumque
1394 1088 1594 1134 Apostolum
1609 1091 1726 1125 Romae
1735 1091 1882 1125 docuifle
1893 1114 1904 1131 ,
1930 1091 1994 1124 effe
2003 1091 2070 1132 pas-

1189 1141 1258 1173 sum
1271 1165 1283 1181 ,
1309 1150 1406 1184 atque
1429 1140 1614 1184 sepultum,
1642 1141 1782 1175 affirmat
1801 1140 1901 1174 etiam
1919 1140 2068 1185 Magnus

1189 1188 1259 1224 Leo
1271 1216 1281 1231 ,
1302 1192 1337 1225 ἀ
1348 1190 1480 1234 plurimi
1491 1190 1548 1224 alii
1560 1191 1669 1225 Patres
1680 1215 1688 1223 .

1189 1239 1256 1273 beri
1273 1240 1484 1284 baptizaverit
1496 1264 1507 1280 ,
1536 1241 1646 1275 noster
1664 1240 1843 1283 Septimius
1851 1238 1959 1273 scribit
1969 1239 2067 1273 etiam

1188 1289 1222 1322 in
1238 1288 1323 1324 libro
1343 1290 1386 1324 de
1398 1290 1583 1332 Baptismo.
1611 1289 1666 1324 Ad
1689 1289 1802 1324 omnia
1826 1288 1960 1324 Parrum
1983 1289 2069 1324 testi-

1187 1339 1300 1374 monia
1325 1338 1562 1385 conglobanda
1585 1342 1666 1374 effer
1687 1349 1771 1382 opus
1791 1338 1907 1384 grandi
1928 1339 2069 1373 volumi-

1185 1398 1247 1422 ne.

1220 1437 1383 1475 'Plurima
1406 1440 1539 1475 interim
1559 1439 1695 1475 adducit
1716 1440 1750 1474 in
1763 1437 1908 1473 secundo
1921 1437 2068 1475 Catholi-

1186 1501 1231 1524 cae
1243 1490 1500 1525 Concordantiae
1521 1490 1779 1527 libro'Nicolaus
1802 1489 1989 1523 Cardinalis
2000 1490 2066 1524 Cu-

1187 1541 1281 1573 sanus
1295 1563 1305 1579 ,
1332 1551 1428 1584 atque
1454 1540 1606 1587 adjungit
1626 1554 1634 1573 :
1663 1541 1747 1573 Licet
1769 1540 1893 1582 quidam
1918 1539 2065 1589 Marstliuf
2081 1525 2215 1563 C²P·34·

1165 1593 1170 1644 ξ
1187 1591 1354 1624 paduanus
1365 1615 1375 1631 ,
1401 1603 1488 1634 quem
1497 1591 1557 1633 post
1568 1603 1681 1624 omnem
1691 1593 1870 1625 collationem
1881 1584 1975 1629 vidi,
1993 1598 2067 1632 quu-
2113 1611 2121 1618 «

1166 1645 1169 1654 “
1184 1641 1256 1672 dam
1268 1641 1325 1673 loco
1334 1640 1580 1683 secundaepartlr
1595 1664 1605 1680 ‚
1616 1638 1727 1675 ¹dicere
1756 1640 1896 1673 videatur
1909 1663 1919 1679 ‚
1944 1648 1997 1680 per
2007 1636 2067 1672 Cd-

1186 1700 1289 1723 nonem
1311 1689 1423 1725 Bibliae
1434 1702 1492 1724 non
1510 1692 1585 1734 poffi’
1601 1692 1726 1732 probari
1749 1688 1871 1723 Petrum
1897 1691 2068 1722 Romanum

1186 1738 1389 1783 Episcopum,
1413 1743 1503 1774 immo
1525 1743 1673 1775 &Romae
1685 1741 1793 1783 ficisse-
1822 1739 1984 1773 Marlilius
2008 1738 2067 1774 Pa-

1185 1790 1311 1823 duanus
1332 1791 1377 1824 est
1399 1790 1590 1834 &capitibus
1612 1790 1780 1830 samonis,
1807 1801 1880 1833 quae
1902 1787 2066 1823 Ludovic'i

1184 1841 1290 1883 quarti
1315 1840 1522 1885 Imperatoris
1549 1837 1743 1883 quaessiones
1766 1850 1878 1873 contra
1903 1837 2065 1880 Ioannem

1184 1889 1374 1934 vigesimum
1411 1889 1587 1923 secundum
1628 1889 1825 1923 Pontificem
1864 1889 2064 1928 defendens,

1183 1939 1278 1972 omni
1301 1939 1423 1983 impetu
1447 1940 1570 1973 studuit
1595 1939 1793 1982 Apostolicae
1806 1939 1897 1973 Sedis
1920 1938 2066 1972 authori·

1165 2007 1167 2028 ι
1183 1998 1284 2022 tatem
1298 1988 1560 2022 circumscribere
1577 2012 1587 2027 ‚
1597 1985 1841 2031 atquehuncin
1854 1990 1952 2023 finem
1963 1988 2063 2022 etiam

1165 2030 1167 2042 '
1182 2038 1323 2071 tentavit
1344 2037 1526 2071 subvertere
1538 2036 1730 2084 Romanurn
1742 2037 1976 2081 Episcopatum
1988 2037 2066 2072 San·

1164 2086 1326 2138 {stipari
1342 2086 1518 2136 Apostoli·v
1545 2086 1678 2132 Negare
1701 2099 1768 2120 non
1793 2087 2003 2132 praesumpsit.
2031 2078 2066 2120 A

1164 2137 1272 2171 sfideli
1295 2137 1419 2181 populo
1439 2138 1551 2172 timuit
1577 2140 1664 2181 sputa
1681 2161 1691 2177 ‚
1718 2149 1755 2170 ac
1778 2137 1900 2180 lapides
1919 2161 1926 2169 .
1956 2135 2071 2171 Garri-

1164 2189 1228 2239 3vit
1242 2212 1252 2228 ‚
1280 2188 1383 2222 immo
1392 2187 1564 2222 dumtaxat
1578 2187 1756 2221 mussitavit
1779 2186 1875 2220 istum
1888 2186 2066 2231 Episcopa-

1164 2243 1253 2288 2tum
1268 2262 1279 2278 ,
1306 2250 1344 2271 ac
1365 2237 1465 2272 etiarn
1478 2239 1668 2273 Romanam
1690 2237 1778 2271 Petri
1800 2236 2064 2281 praedicationem

1163 2289 1167 2349 ἱ
1183 2300 1250 2322 non
1266 2289 1353 2331 posse
1369 2288 1496 2333 probari
1511 2299 1550 2321 ex
1566 2289 1662 2322 sacris
1674 2287 1808 2323 Litteris
1819 2313 1826 2321 .
1854 2284 1983 2332 Nempe
1995 2285 2065 2322 haec

1164 2351 1166 2376 ς
1182 2338 1290 2382 primae
1299 2337 1499 2382 Apostolicae
1511 2339 1653 2380 epistolae
1665 2337 1759 2374 verba
1770 2364 1780 2380 ,
1808 2338 1927 2372 Salutat
1937 2349 1992 2371 vos
2005 2336 2066 2370 Ec·

1163 2377 1167 2436 }
1182 2388 1262 2429 clefia
1272 2411 1283 2427 ,
1310 2400 1378 2429 quae
1398 2388 1437 2427 eft
1459 2395 1491 2419 in
1515 2389 1661 2426 Babylone
1672 2413 1682 2426 ‚
1712 2399 1778 2420 non
1793 2387 1833 2422 de
1846 2389 2002 2423 Romana
2014 2397 2070 2421 ur·

1182 2437 1243 2478 be,
1273 2438 1328 2471 sed
1342 2437 1384 2471 de
1404 2436 1614 2480 Assyriorum
1628 2437 1803 2480 Babylone
1826 2438 1933 2472 voluit
1944 2437 2066 2472 intelli-

1182 2488 1290 2534 genda
1303 2513 1311 2520 .

1232 2540 1375 2582 Joannes
1398 2536 1558 2572 Calvinus
1587 2537 1650 2572 fuit
1682 2535 1836 2572 audacior
1907 2535 2065 2571 Laudatis

1184 2588 1337 2632 Apostoli
1355 2587 1460 2622 verbis
1478 2589 1534 2623 dat
1556 2587 1645 2622 hunc
1660 2588 1936 2623 commentarium
1949 2601 1960 2620 .·
1988 2587 2067 2620 Mul-

1182 2646 1207 2672 ti
1234 2652 1271 2672 ex
1306 2639 1459 2672 veteribus
1481 2647 1537 2680 per
1564 2638 1740 2676 Babylonem
1762 2647 1912 2681 putarunt
1939 2640 2067 2670 Romam

1184 2691 1370 2733 aenigmauce
1384 2695 1503 2721 notari.
1532 2693 1591 2721 Hoc
1614 2696 1811 2722 commentum
1834 2687 1966 2731 Paptstae
1975 2686 2066 2721 liben-

1184 2751 1229 2773 ter
1242 2745 1395 2781 arripiunt
1406 2764 1416 2778 ‚
1441 2749 1474 2771 ut
1497 2741 1638 2771 vedeatur
1651 2741 1760 2772 Petrus
1774 2743 1919 2772 Romanae
1932 2735 2067 2778 Ecclefiae

1182 2789 1333 2833 praefutffe
1355 2814 1361 2821 .
1398 2793 1508 2832 Neque
1531 2790 1659 2822 deterret
1685 2801 1730 2822 eos
1759 2794 1884 2822 nomims
1910 2789 2040 2830 infamIa
2054 2811 2066 2827 ,

1186 2843 1268 2874 modo
1281 2840 1364 2873 sedis
1380 2838 1544 2881 apostolica*
1565 2840 1687 2873 titulum
1693 2847 1862 2880 praetexere
1881 2838 1947 2883 ipsis¹
1957 2840 2045 2873 liceat
2057 2863 2065 2871 .

1186 2895 1252 2924 Nec
1264 2889 1413 2931 Christum
1426 2897 1601 2934 magnopere
1611 2899 1716 2923 curant
1726 2912 1736 2928 ,
1762 2891 1848 2923 modo
1871 2892 1980 2923 Petrus
1996 2888 2066 2932 ipfi's

1188 2943 1377 2984 relinquatur
1390 2963 1398 2972 .
1427 2941 1514 2982 ‚Quin
1527 2946 1619 2973 etiam
1639 2942 1724 2973 modo
1742 2946 1891 2974 retineant
1904 2940 2065 2974 Caebedrae

1191 2995 1273 3025 Petri
1281 3002 1384 3024 nomen
1397 3014 1407 3030 ,
1427 2989 1516 3033 suam
1531 2993 1657 3022 Romam
1668 2995 1701 3023 ln
1708 2989 1874 3032 profunda
1895 2991 2000 3034 inferis
2011 2986 2063 3022 col-

1186 3045 1279 3075 locare
1303 3053 1360 3074 non
1381 3038 1574 3082 recusabunt.
1605 3045 1697 3083 Atqui
1716 3052 1805 3075 vetus
1829 3042 1909 3076 illud
1924 3051 2065 3073 commen-

1188 3103 1251 3125 tum
1275 3091 1354 3124 nihil
1362 3089 1452 3123 habet
1471 3092 1572 3123 coloris
1584 3115 1591 3121 .
1620 3094 1684 3123 Nec
1707 3093 1796 3128 video
1816 3103 1866 3125 cur
1881 3089 2006 3133 Eusebio
2029 3091 2063 3124 o·

1186 3146 1253 3176 aliis
1270 3144 1418 3185 placuerit
1442 3165 1453 3181 ‚
1479 3139 1540 3182 nisi
1553 3146 1624 3182 qula
1650 3142 1701 3175 illo
1724 3153 1822 3175 errore
1840 3143 1911 3181 jam
1924 3143 2064 3181 'occupati

1186 3203 1275 3227 erant
1288 3218 1298 3233 ,
1328 3195 1452 3226 Petrum
1464 3190 1661 3234 Romaefuiffe
1671 3216 1678 3223 .
1710 3193 1795 3226 Adde
1813 3191 1894 3233 quod
1901 3189 1999 3234 secum
2014 3188 2067 3231 ipfi

1185 3252 1322 3288 pugnant
1335 3267 1342 3274 .
1371 3244 1508 3274 Marcum
1530 3240 1635 3274 oeavo
1644 3245 1780 3274 Neronis
1794 3251 1872 3274 anno
1885 3240 2065 3281 alexandrie
2101 3268 2113 3279 ⁴.
2153 3279 2156 3281 -

1191 3304 1340 3327 mortuum
1349 3291 1399 3335 effe
1419 3291 1549 3324 tradunt
1558 3304 1573 3332 ;
1602 3293 1726 3324 Petrum
1743 3293 1815 3324 verb
1829 3287 1886 3331 sex
1906 3295 1995 3322 annis
2011 3294 2068 3331 po-

1186 3344 1248 3381 stea*
1256 3343 1375 3386 fingunt
1397 3345 1499 3373 Romae
1518 3343 1538 3372 ἆ
1551 3343 1670 3372 Nerone
1680 3338 1768 3381 fi‘ff'
1787 3337 1926 3381 occisum.
1954 3341 1986 3372 51·
2007 3341 2067 3373 Ale·

1192 3395 1380 3428 xandri'nam
1405 3389 1563 3430 Ecclefiaem
1583 3391 1704 3422 Marcus
1728 3412 1741 3429 ,
1763 3397 1796 3423 ut
1819 3391 1947 3430 volum,
1973 3390 2073 3432 constt-

1942 3447 1999 3475 tutt
2010 3465 2023 3483 ,

1714 1189 1817 1237 Qud
1830 1189 1947 1224 Petrus
1960 1190 1994 1224 in
2007 1189 2068 1224 Ti·
2081 1178 2153 1217 (Σίρ-
2163 1189 2191 1215 4-
