2346 3724
333 172 435 222 πε
703 194 711 200 ·
824 168 852 213 s
925 164 955 213 c
1024 179 1056 211 n
1128 172 1158 212 ο·
1228 171 1254 211 ι
1323 175 1341 209 1
1410 177 1444 208 ο
1513 177 1545 212 u

517 322 1102 477 *CAPUT
1243 310 1811 452 XXXIH.

446 540 919 629 „Posteriores
975 509 1297 642 Haereses
1354 542 1442 619 ab
1502 539 1871 649 Apostolis

722 657 1195 738 demonstratae
1232 652 1284 756 J
1289 677 1411 732 unt
1461 717 1480 747 ‚
1559 664 1644 735 (φ
1890 703 1893 705 -

913 770 1439 881 praedamnatae.

347 969 352 972 “
504 956 689 1009 Dhibeo
724 950 973 1028 super‘haec
1009 954 1192 1024 ipsarum
1228 953 1520 1004 doctrinarum
1556 958 1904 1023 recognitionem
1939 995 1954 1023 ‚
2003 975 2105 1028 quae

543 1043 650 1078 tunc
698 1027 776 1077 sub
811 1028 1037 1096 Apostolis
1087 1027 1259 1075 fuerunt
1293 1061 1307 1086 ‚
1355 1025 1412 1074 ab
1459 1025 1614 1076 iisdem
1663 1030 1889 1097 Apostolis
1941 1035 1986 1080 &
2027 1030 2107 1079 de«-

543 1099 786 1152 monstratae
835 1104 878 1152 &
901 1124 906 1139 ¹
927 1104 1095 1166 ejeratae
1129 1133 1141 1144 .
1203 1101 1324 1145 Nam
1375 1101 1417 1145 &
1452 1095 1509 1144 fic
1558 1097 1736 1148 facilius
1781 1099 2067 1150 traducentur
2088 1125 2101 1146 .-

542 1173 665 1219 Dum
699 1186 775 1220 aut
810 1173 899 1235 J‘am
936 1184 1039 1218 tunc
1077 1164 1196 1217 fuiffe
1231 1166 1607 1234 deprehendentur
1634 1205 1649 1228 ,
1683 1185 1760 1218 aut
1794 1189 1850 1219 ex
1883 1171 1971 1219 illis
2005 1187 2105 1236 quae

258 1245 351 1309 jam
387 1256 482 1289 tum
519 1239 692 1289 fuerunt
723 1275 736 1298 ‚
777 1239 938 1288 semina
973 1235 1182 1306 sumpsisse
1219 1273 1233 1284 .
1294 1238 1455 1284 Paulus
1492 1239 1538 1285 in
1573 1240 1715 1304 prima
1749 1238 1807 1286 ad
1841 1240 2106 1289 Corinthios

259 1324 389 1360 notat
438 1304 667 1372 negatores
713 1315 757 1359 δε
803 1309 1074 1361 dubitatores
1123 1305 1442 1362 resurreffionis
1475 1315 1513 1354 .⁴
1551 1311 1660 1356 Haec
1695 1311 1854 1375 opinio
1888 1304 2109 1376 propria-,⁴

255 1378 556 1429 S‘aducaeorum
592 1415 605 1427 .
654 1383 824 1427 Partem
862 1384 954 1443 ejus
991 1377 1164 1442 usurpat
1200 1378 1402 1424 Marcion
1436 1411 1449 1436 ,
1485 1379 1528 1424 &
1565 1373 1743 1446 Apelles
1777 1413 1795 1439 5
1825 1383 1869 1428 &
1905 1380 2108 1428 Valenti-

256 1463 339 1497 nus
372 1484 385 1508 ‚
431 1451 474 1496 δε
509 1447 653 1515 [1]ςυί
690 1449 766 1499 alii¹
802 1446 1148 1506 resurreetionem
1185 1443 1326 1495 carnis
1358 1445 1606 1509 infringunt
1641 1484 1653 1494 .
1727 1450 1787 1497 Et
1822 1446 1878 1500 ad
1915 1449 2109 1510 Galatas

254 1517 446 1578 scribens
467 1517 786 1577 'in'v'ehitunin
817 1516 1123 1569 ‘observatores
1157 1521 1201 1566 δε
1235 1515 1480 1567 defensores
1516 1513 1930 1568 circumcisionis&
1962 1520 2109 1583 legisq

255 1588 474 1637 Hebionis
513 1587 683 1637 haeresis
704 1588 769 1637 est
801 1623 816 1636 .
850 1583 851 1586 ¹
883 1589 1167 1638 Timotheum
1206 1587 1425 1638 instruens
1460 1624 1475 1648 ,
1530 1591 1782 1655 nuptiarum
1818 1599 1999 1655 quoque
2035 1591 2106 1637 in-'

257 1658 511 1711 terdiCtores
548 1656 748 1722 suggillat
786 1676 799 1707 ε
848 1661 918 1709 Ita
955 1659 1183 1710 instituunt
1219 1659 1423 1706 Marcion
1473 1660 1516 1706 &
1553 1659 1734 1725 Apelles
1769 1663 1861 1724 ejus
1885 1657 2066 1708 -secutor
2087 1691 2108 1706 .

255 1729 403 1795 AEque
453 1731 595 1790 tangit
630 1747 704 1778 eos
738 1765 751 1787 ‚
801 1731 880 1793 qui
917 1726 1113 1778 dicerent
1148 1727 1308 1777 'fastam
1343 1732 1431 1791 ,iam
1467 1726 1814 1778 resurrectionem
1851 1747 1863 1777 ε
1902 1726 2108 1782 idda..

253 1798 298 1847 se
334 1799 634 1846 Valentiniani
683 1796 929 1848 asseverant
971 1834 984 1847 .
1048 1797 1127 1845 Sed
1164 1798 1265 1846 cum
1315 1800 1590 1865 genealogias
1627 1798 1988 1848 indeterminatas
2021 1815 2104 1847 no·-

254 1863 397 1923 minat
433 1905 445 1928 ,
498 1869 758 1918 Valentinus
795 1865 1042 1929 agnoscitur
1079 1886 1090 1914 t
1140 1866 1275 1934 Apud
1323 1884 1456 1932 quem
1518 1871 1635 1914 AEon
1671 1870 1745 1915 ille
1779 1904 1792 1927 ‚
1850 1868 1992 1917 nescio
2026 1868 2107 1935 qui

257 1941 364 1987 novi
401 1942 442 1985 δι
480 1955 567 1984 non
603 1940 730 1984 unius
767 1940 957 1985 nominis
991 1974 1005 1997 ‚
1050 1952 1227 1998 generat
1262 1936 1287 1984 ὲ
1324 1935 1396 1984 sua
1433 1935 1650 1984 charitate
1687 1935 1859 2001 Sensum
1895 1943 1938 1987 δε
1976 1939 2114 1987 Veri-··

257 2025 395 2073 tatem
433 2043 444 2055 .
499 2010 556 2054 Et
594 2007 639 2057 hi
676 2005 797 2071 aeque
836 2021 1064 2072 procreant
1102 2005 1213 2054 duos
1248 2042 1268 2065 ,Α
1301 2010 1552 2052 Sermonem
1599 2009 1640 2053 &
1677 2008 1828 2053 Vitam
1866 2008 2108 2059 „Dehinc

257 2082 301 2129 δε
351 2078 421 2128 isti
467 2091 676 2139 generant
713 2079 951 2126 Hominem
1001 2080 1044 2124 δε
1081 2074 1319 2124 Ecclesiam
1356 2110 1369 2121 .
1429 2073 1592 2138 Estque
1631 2075 1721 2122 haec
1766 2076 1915 2141 prima·
1940 2075 2117 2138 ogdoas

259 2154 453 2199 AEonum
491 2168 501 2196 :
550 2146 717 2196 Exinde
755 2145 907 2197 decem
944 2147 1019 2196 alii
1054 2182 1068 2206 ‚
1120 2150 1163 2195 &
1199 2143 1432 2194 duodecim
1477 2146 1635 2210 reliqui
1673 2148 1836 2193 AEones
1872 2146 1991 2193 miris
2026 2162 2110 2195 no-

258 2218 449 2272 minibus
485 2219 683 2267 oriuntur
717 2254 730 2278 ,
784 2219 832 2267 in
868 2233 1032 2266 meram
1069 2214 1263 2264 fabulam
1301 2216 1483 2278 triginta
1522 2218 1713 2263 AEonum
1749 2251 1763 2263 .
1827 2213 1948 2264 Idem
1983 2221 2110 2282 Apo-

259 2290 392 2339 stolus
428 2326 441 2350 ‚
477 2289 579 2337 cum
616 2287 837 2355 improbat
873 2289 1103 2337 elementis
1140 2284 1403 2345 servientes,
1438 2283 1609 2352 aliquid
1645 2288 1931 2350 Hermogenis
1965 2286 2107 2335 osten-

261 2360 329 2410 dit
365 2398 378 2422 ,
430 2362 508 2429 qui
558 2361 785 2411 materiam
834 2375 923 2407 non
959 2360 1106 2406 natam
1160 2354 1443 2403 introducens
1476 2391 1489 2414 ‚
1542 2359 1643 2405 Deo
1688 2374 1778 2406 non
1824 2372 1931 2406 nato
1959 2352 2114 2406 'eam-4

263 2447 490 2500 comparat
529 2450 544 2488 3
577 2433 621 2479 &
658 2421 720 2478 ita
757 2443 941 2478 matrem
976 2428 1291 2475 elementorum
1329 2428 1476 2472 Deum
1516 2423 1677 2472 faciens
1711 2462 1725 2486 ,
1771 2426 1913 2493 potest
1947 2429 1988 2474 ei
2023 2425 2109 2474 ser-

263 2505 356 2550 vire
392 2519 524 2568 quam
563 2505 665 2549 Deo
699 2513 927 2566 comparat
961 2534 974 2544 .
1026 2502 1222 2561 Joannes
1259 2493 1365 2543 vero
1416 2497 1460 2542 in
1497 2495 1768 2563 Apocalypsi
1804 2493 2109 2564 Idolothyta„

265 2569 443 2620 edentes
500 2575 541 2617 &
578 2571 719 2635 stupra
759 2570 1088 2618 committentes
1121 2564 1294 2631 jubetur
1331 2563 1537 2627 castigare
1573 2601 1586 2612 .
1636 2569 1742 2614 Sunt
1797 2570 1842 2615 δε
1878 2583 1995 2614 nunc
2030 2567 2109 2615 alii

264 2641 511 2691 Nicolaitae
546 2674 558 2697 ,
594 2644 761 2702 Cajana
797 2638 961 2687 haerefis
996 2637 1204 2685 dicitur.
1247 2641 1312 2683 At
1347 2637 1393 2682 in
1429 2635 1608 2703 epistola
1642 2653 1716 2684 eos
1753 2636 1940 2684 maxime
1976 2638 2109 2684 Anti-

266 2710 465 2770 Christos
501 2724 634 2758 vocat
669 2746 681 2768 ,
719 2711 796 2775 qui
830 2707 1054 2757 Christum
1092 2714 1298 2775 negarent
1333 2706 1379 2753 in
1415 2704 1739 2765 carnesvenisse
1773 2743 1787 2768 ,
1823 2709 1867 2760 δε
1901 2708 1981 2773 qui
2017 2723 2107 2756 non

267 2795 469 2851 putarent
502 2783 713 2833 ,JEsv
724 2785 791 2825 M
833 2776 918 2828 effe
953 2777 1089 2826 filium
1127 2778 1218 2830 Dei,
1250 2813 1264 2824 .
1314 2775 1431 2824 Illud
1466 2779 1664 2826 Marcion
1697 2813 1712 2837 ,
1770 2777 1856 2825 hoc
1891 2777 2108 2830 Hebion...

268 2851 517 2902 vindicavit
552 2885 564 2896 .
616 2850 878 2898 Simonianae
908 2864 1055 2897 autem
1091 2849 1242 2910 magiae
1275 2846 1505 2915 disciplina
1540 2848 1723 2909 Angelis
1759 2845 1987 2909 serviens'g
2018 2847 2111 2896 uti?

271 2939 360 2988 que
409 2926 451 2969 δε
488 2918 579 2986 ipsa
614 2922 729 2968 inter
765 2917 1043 2969 Idololatrias
1079 2917 1368 2986 deputabatur
1400 2953 1414 2979 ‚
1462 2922 1504 2967 &
1539 2915 1567 2967 a
1610 2921 1740 2969 Petro
1775 2919 1986 2989 Apostolo
2018 2920 2103 2967 in...

275 2990 367 3064 ipso
402 2992 575 3040 Simone
611 2989 928 3070 damnabatur.

789 3159 1513 3299 ’33333

1916 3398 2056 3435 SCHO·
