2346 3724
40 1018 103 1051 Lib.
113 1028 139 1055 5.
166 1020 172 1026 ’

40 1068 158 1098 cap-19·

38 1519 101 1552 Lib.
116 1531 138 1551 x.

39 1569 103 1598 (κιρ.
115 1572 129 1590 2
135 1570 159 1597 5.

2 2577 60 2608 Lib.
73 2585 99 2614 3·
108 2578 164 2607 c.8.

1 2616 164 2653 &l·5·c.18·

43 2731 103 2761 Lib.
114 2740 139 2768 3.

41 2780 106 2810 cap.
120 2780 148 2807 3.

47 3260 120 3295 cap·
142 3267 168 3292 4·

629 144 1042 190 CAPIT

175 223 259 268 dibri
281 225 387 270 primo
407 226 513 270 eapite
533 237 541 259 :
569 227 634 271 ,Qui
654 227 775 271 firmam
794 229 888 271 fidem
911 230 945 260 in
966 237 1057 259 unum

170 280 277 316 :Deum
289 277 412 310 Patrem
421 282 650 318 omnipotentem
662 303 673 318 ,
702 281 736 313 (5
748 285 781 312 in
801 289 888 312 unum
899 276 1055 320 JESUM

179 324 445 361 CHRISTUM
468 327 585 360 Filium
608 329 668 361 Det
687 328 883 372 consuerant.
911 329 954 361 Et
967 327 1000 360 in
1015 327 1056 360 se-

177 377 291 412 cundo
300 375 425 419 capite:
453 375 578 419 Ecclesia
598 376 637 411 ab
649 380 787 420 apostolis
807 384 920 420 accepit
941 389 1007 411 eam
1022 377 1058 419 fi-

177 427 265 466 dem,
293 436 360 468 quae
371 423 410 465 est
423 431 456 459 ln
465 437 556 460 unum
571 430 664 461 Deum
677 432 798 464 Patrem
810 434 1034 470 omnipotentem
1048 452 1057 465 ,

177 482 231 519 qui
242 473 320 517 fem
340 477 452 510 Coelum
475 478 509 510 (9·
529 486 664 520 terram,
690 481 768 514 &in
788 490 879 513 unum
904 477 1059 522 JESUM

178 524 404 563 CRISTUM
417 527 529 560 Filium
541 531 615 561 Dei.
647 529 689 563 Et
700 531 732 562 in
745 530 829 563 tertii
844 529 915 563 libri
930 529 1060 562 decimo

176 576 296 610 ostavo
317 575 425 618 capite
448 578 586 612 affirmat
605 580 623 613 a
636 581 752 614 Sancto
768 579 871 613 Paulo
896 577 1060 622 Apostolo

178 623 342 669 praedicari
362 629 458 659 Unum
469 627 624 669 JESUM
649 629 911 664 CHRISTUM
923 652 935 668 ,
962 632 1060 662 Domi.

178 687 251 709 num
272 674 415 716 nostrum.
444 676 555 724 Qare
577 681 610 714 ὃς
621 679 850 714 Rhodanenfis
863 679 1005 714 Ecclesia
1016 678 1060 713 vi-

178 723 271 759 detur
285 724 370 760 istud
393 726 654 763 additamentum
679 727 836 764 habuisse.
867 730 984 773 Neque
996 729 1060 763 mi-

177 776 275 808 reris.
304 775 438 811 Etenim
458 778 491 811 &
505 779 639 822 Sanstus
666 779 828 820 Irenaeus,
854 780 888 814 &
901 780 969 822 ejus
992 780 1060 812 An·

177 826 314 859 tecessor
328 827 460 861 Sanctus
472 827 635 863 Photinus
649 831 779 864 fuerunt
801 829 859 863 viri
873 830 975 864 Graeci
990 853 1001 869 ‚
1026 830 1060 862 δε

177 886 219 909 ex
240 874 404 910 Orientali
417 877 559 912 Ecclesia
584 890 743 913 venerunt
764 880 800 913 in
824 879 989 913 Galliam.
1018 878 1061 913 Et

174 924 334 959 Irenaeum
345 928 464 961 Sancto
479 927 665 971 Polycarpo
674 953 686 969 ,
699 930 756 972 qui
768 929 970 971 smyrnensis
985 928 1061 972 Epi·

176 976 293 1019 scopus
304 974 391 1010 luxit
404 977 466 1011 toti
482 976 607 1013 Afianae
622 979 795 1019 Ecclesiae,
822 979 916 1012 fuisse
927 979 1061 1012 familia-

175 1036 245 1059 rem
262 1026 401 1060 affirmat
422 1027 458 1061 in
484 1027 704 1062 Ecclesiastica
726 1030 875 1063 Historia
903 1028 1062 1062 Eusebius

175 1075 392 1110 Caesaraeensis
408 1101 416 1108 .
456 1077 500 1110 Et
520 1076 599 1111 hinc
625 1077 710 1112 inter
736 1076 994 1112 Rhodanensetn
1022 1090 1060 1113 ac

174 1125 354 1160 Asiaticam
367 1125 544 1160 Ecclesiam
567 1129 691 1162 summa
717 1129 800 1162 olim
812 1128 875 1162 fuit
898 1128 1063 1170 amicitia,

173 1175 211 1209 &
223 1187 277 1219 per
289 1175 408 1210 litteras
421 1186 458 1209 ac
471 1176 643 1212 relationes
652 1179 914 1213 communicatio
926 1204 933 1211 .
960 1178 1063 1212 Poffit

173 1224 340 1260 Photinus
353 1226 437 1260 istud
451 1226 593 1268 symboli
607 1227 869 1264 additamentum
882 1241 922 1264 ex
935 1227 1009 1264 Asia
1022 1230 1065 1262 se-

174 1286 251 1310 cum
261 1275 410 1310 detulisse
422 1277 457 1310 in
468 1277 615 1312 Galliam
633 1302 641 1310 .

225 1325 456 1360 Additamenti
473 1326 638 1371 originem
650 1327 753 1363 edicit
767 1328 802 1363 in
818 1330 922 1372 prima
940 1332 994 1363 sua
1003 1330 1067 1372 epi-

176 1375 259 1410 stola
271 1376 404 1410 Sanetus
417 1376 556 1418 Joannes
581 1378 763 1421 Apostolus
776 1403 788 1419 ‚
815 1379 955 1413 scribens
973 1380 1066 1418 illos,
1080 1399 1082 1423 ⁴,

176 1426 235 1469 qui
258 1426 388 1459 solvunt
414 1426 593 1468 JESUM,
619 1429 682 1462 esse
704 1428 973 1463 Anti-Christos.
1000 1429 1083 1464 [sn-2

176 1474 412 1509 ti-Christianae
438 1475 612 1508 solutionis
635 1476 789 1511 authores
810 1479 942 1511 fuerunt
955 1469 1084 1523 Germ-l

177 1522 254 1560 thus
265 1536 302 1558 ac
317 1522 426 1557 Ebion
436 1546 447 1562 ‚
474 1524 513 1557 de
526 1523 644 1567 quibus
657 1526 806 1560 laudatus
826 1526 964 1561 Irenaeus
975 1541 988 1560 .-
1015 1533 1067 1560 Ce-
1082 1525 1085 1572 i

177 1574 297 1609 rintbus
309 1576 434 1618 quidam
444 1584 481 1608 ex
495 1572 555 1615 Alia
573 1577 669 1609 docuit
681 1575 835 1619 JESUM
853 1576 944 1619 fuiffe
947 1581 981 1622 J
983 1575 1068 1620 osepb
1082 1575 1085 1619 ῐ

177 1627 332 1660 &Maria
357 1623 492 1664 fillum,
512 1624 646 1666 fims'litcr
672 1635 708 1659 ut
727 1629 831 1670 reliqu}
855 1640 954 1661 omnes
978 1623 1085 1684 homi-¹

175 1688 253 1717 nes,
281 1677 315 1710 (ν’
323 1677 393 1717 plus
416 1676 538 1717 potuisse
554 1676 692 1717 Justitia,
718 1679 950 1719 &prudentia‚
978 1677 1068 1720 &sa-

173 1732 292 1769 pientia
302 1735 370 1768 prae
381 1725 514 1759 omnibus
527 1751 537 1766 ‚
563 1728 598 1761 ὁ·
606 1727 667 1769 post
678 1727 873 1771 Baptismum
897 1734 930 1761 in
941 1740 1006 1762 eum
1018 1731 1067 1761 de-

170 1775 309 1820 scendtffi·
324 1775 474 1815 christum
497 1775 537 1808 ab
548 1789 583 1809 ea
606 1778 855 1820 Principaluam
881 1790 949 1821 quae
973 1777 1069 1821 estsu-

171 1835 230 1870 per
238 1832 337 1860 omnia
350 1851 360 1867 ‚
386 1826 483 1870 figura
506 1825 641 1860 columbae
657 1852 668 1867 ‚
694 1830 727 1861 (τ
741 1838 812 1862 tunc
826 1829 1013 1871 annuntiaffie
1023 1833 1067 1861 in·

175 1883 321 1920 cognitum
339 1880 484 1916 Patrem,
512 1878 686 1910 &virtutes
706 1878 876 1921 perfecisse,
904 1881 939 1912 in
946 1879 1007 1921 fine
1018 1889 1067 1911 au·

175 1936 234 1960 rem
256 1928 394 1969 revolaffe
413 1933 520 1958 iterum
546 1923 696 1965 christum
719 1927 756 1960 de
771 1927 876 1971 jesu,
903 1931 938 1963 (ς’
954 1928 1066 1974 Jesum

169 1976 287 2019 passum
300 1976 350 2019 effe
361 2001 371 2016 ,
396 1973 623 2018 &resurrexrffe
635 2001 646 2015 ,
673 1974 823 2015 chr1stum
835 1986 935 2010 autem
957 1977 1066 2019 impas-

169 2024 284 2068 fibi-lem
306 2024 505 2067 perseverasse
521 2042 540 2063 -‚
564 2026 736 2064 existentem
753 2024 923 2068 spiritalem
947 2052 954 2059 .
982 2027 1066 2061 Ean-

174 2075 252 2109 dem
266 2074 500 2116 blasphemiam
514 2074 666 2116 placuisse
677 2075 845 2110 Gnosticis
855 2102 865 2118 ,
883 2078 918 2111 &
930 2076 1067 2121 abipso-

175 2136 250 2158 rum
275 2123 368 2158 variis
388 2125 480 2158 fuisse
503 2124 588 2158 varie
613 2127 793 2167 variatam,
819 2127 907 2162 idem
930 2128 1066 2162 Irenaeus

175 2176 362 2218 frequenter
384 2174 603 2208 demonstrat.
630 2175 735 2209 Porro
757 2177 908 2212 adversus
927 2180 1067 2221 grassan-

176 2234 245 2259 tem
266 2225 303 2258 in
316 2225 393 2258 Asia
406 2224 602 2258 Cerinthum
622 2226 757 2259 sanctus
770 2226 912 2268 Joannes
925 2226 1066 2268 Aposto-

175 2275 246 2315 lus,
274 2275 330 2318 qui
354 2276 484 2308 cunctas
509 2274 592 2307 Asiae
615 2274 767 2308 fundavit
792 2276 826 2310 &
846 2276 930 2310 rexit
953 2277 1065 2310 Eccle-

178 2324 238 2358 sias
255 2347 267 2363 ,
305 2325 425 2368 scripsit
447 2325 541 2358 suum
567 2324 785 2368 Evangelium
808 2349 821 2365 ,
858 2324 1066 2368 eundemque

176 2374 349 2408 manifeste
372 2374 498 2407 invadit
524 2375 558 2406 in
580 2374 685 2415 prima
706 2376 761 2406 sua
771 2373 929 2416 epistola.
961 2374 1063 2420 Qod

173 2424 320 2467 -primum
334 2422 510 2466 Evangelii
531 2432 628 2465 caput
652 2423 689 2455 in
703 2422 904 2457 Cerinthum
928 2425 1042 2458 tendat
1055 2447 1066 2465 ‚

180 2485 220 2509 ac
242 2473 310 2519 ejus
330 2470 372 2506 de
392 2472 511 2506 Divini
534 2471 636 2506 Verbi
662 2473 825 2508 &aeterna
847 2473 1065 2517 &temporali

179 2523 392 2568 generatione
424 2520 641 2565 blasphemias
666 2523 797 2558 excidat
824 2547 835 2563 ,
861 2524 1064 2558 demonstrat

181 2574 270 2608 idem
282 2573 417 2607 Irenaeus
428 2597 436 2605 .
464 2572 507 2606 Et
520 2572 670 2617 adjungit
682 2573 772 2617 quod
784 2573 965 2617 Apostolus
988 2586 1062 2608 curn

182 2623 243 2657 illo
255 2634 316 2656 nec
338 2622 437 2656 lavari
450 2645 461 2661 ‚
489 2632 546 2656 aut
566 2623 683 2657 eodem
706 2625 755 2658 uti
768 2624 888 2659 balneo
911 2625 1065 2659 sustinue-

182 2674 225 2707 rit
239 2698 246 2704 .
275 2672 318 2704 Et
329 2671 479 2706 adversus
491 2672 584 2705 illum
597 2684 635 2707 ac
657 2673 725 2716 ejus
736 2674 1064 2710 sectatoresomnino

183 2723 302 2766 scripsit
312 2722 411 2756 etiam
424 2723 458 2755 in
481 2722 617 2757 secunda
629 2724 764 2766 epistola
778 2738 789 2759 .-
816 2730 883 2759 Nec
897 2725 972 2759 Ave
981 2725 1008 2758 ei
1019 2727 1064 2757 di·

183 2778 291 2807 ueritis
303 2796 310 2803 .
339 2772 450 2819 Qare
462 2770 611 2807 adversus
633 2774 773 2808 eundem
787 2776 882 2818 possit
903 2774 1065 2819 apposuis-

181 2825 214 2857 se
226 2821 398 2866 symbolo.-
424 2825 469 2855 Et
488 2828 520 2855 in
543 2835 635 2857 unum
647 2823 759 2869 Jesum
783 2825 948 2865 Christum.
976 2827 1065 2860 Orn-

181 2885 256 2907 nem
270 2872 419 2906 Fidelem
430 2873 577 2916 quotidie
589 2875 734 2916 profiteri
757 2875 864 2909 voluit
879 2900 889 2916 ‚
915 2875 1005 2918 quod
1018 2877 1064 2920 Je-

180 2924 234 2957 sus
258 2923 292 2957 δε
306 2923 456 2956 Christus
467 2923 527 2955 sint
538 2934 621 2956 unus
645 2925 678 2958 δε
690 2925 777 2959 idem
793 2951 799 2957 .
828 2926 870 2958 Et
881 2928 957 2969 quia
971 2927 1065 2960 scele-

180 2983 287 3008 ratum
307 2974 443 3016 Dogma
466 2983 520 3015 per
543 2976 732 3009 numerosos
754 2976 933 3009 Gnosticos
957 2976 1064 3019 serpsit

182 3035 238 3067 per
249 3034 382 3057 omnem
391 3023 562 3056 Orientem
574 3047 584 3063 ‚
612 3026 724 3058 cunila
737 3024 832 3069 hujus
846 3026 986 3061 Ecclesia
996 3038 1066 3070 pro·

184 3073 272 3107 bavit
284 3073 549 3107 additamentum
563 3097 573 3112 ,
602 3083 699 3116 atque
713 3076 858 3109 admisit.
889 3077 998 3110 Etiam
1012 3088 1065 3120 per

183 3124 312 3157 eosdem
337 3124 520 3166 scorpiones
542 3122 661 3157 infesta
683 3124 747 3158 fuit
762 3125 992 3160 Rhodanenfis
1005 3127 1064 3162 Ec-

184 3172 277 3208 clesia
289 3198 296 3206 .
324 3173 477 3207 Eundem
489 3183 628 3206 errorem
645 3183 739 3208 notat
760 3175 793 3208 &
804 3176 937 3210 damnat
950 3177 984 3211 in
999 3178 1066 3220 pti-

186 3233 239 3256 ma
249 3225 303 3257 sua
320 3223 455 3267 epistola
468 3224 601 3257 Sanstus
623 3223 737 3257 Petrus
749 3224 948 3267 Apostolus:
977 3226 1064 3261 Chri-

180 3270 224 3311 sto
236 3277 322 3315 igitur
342 3274 422 3316 passo
442 3280 476 3306 in
500 3285 589 3307 carne
602 3298 609 3304 .
639 3274 794 3309 Affirmat
814 3287 884 3309 non
896 3276 1001 3310 solum
1013 3278 1065 3321 Je-

187 3322 258 3357 sum
277 3323 368 3356 fuisse
393 3324 512 3366 passum
527 3348 537 3362 ,
564 3322 617 3358 sed
638 3325 672 3360 ὃς
696 3323 865 3361 Christum
886 3352 897 3368 ,
927 3327 1064 3373 ideoque

283 3371 388 3411 christ.
401 3377 478 3417 Lupi
489 3378 586 3416 Opera
598 3377 677 3407 Tom.
691 3377 750 3408 IX.

1113 160 1130 189 1
1201 158 1234 188 ς’
1324 141 1551 186 XIII.
1844 159 1929 206 14¹

1119 223 1237 260 hunca
1250 225 1376 268 passuro
1399 223 1469 265 Jesu
1481 233 1549 256 non
1568 221 1727 257 avolasse.
1755 224 1815 260 Per
1827 226 1997 263 Christum

1120 275 1316 319 intelligitur
1326 275 1418 309 Deus
1429 272 1578 308 Verbum
1591 298 1602 313 ,
1628 273 1683 317 qui
1696 273 1855 317 assumpto
1867 276 1999 313 homini

1119 326 1190 368 Jesu
1204 326 1267 359 fuit
1280 322 1432 359 Chrisma
1442 345 1454 362 ‚
1481 324 1535 358 seu
1548 322 1673 357 Divina
1685 322 1816 356 Unffio
1825 348 1833 355 .
1862 326 1906 359 Et
1919 325 1998 363 hinc

1121 374 1356 410 Theodoretus
1380 374 1532 418 Cyrenfis
1546 373 1725 417 Episcopus
1747 371 1884 406 inlibris
1896 375 2002 409 adver-

1121 426 1193 459 sum
1204 425 1371 459 haereticos
1380 450 1391 465 ,
1418 436 1502 469 quos
1513 424 1548 458 in
1569 424 1624 458 sua
1636 422 1843 457 Bibliotheca
1864 421 2004 458 Photius

1121 476 1243 520 redegit
1257 476 1289 508 in
1301 474 1536 519 compendium
1550 498 1561 513 ‚
1581 475 1666 508 inter
1677 472 1735 507 has
1746 472 1984 517 propositiones
1993 497 2005 513 ,

1123 530 1204 559 Deus
1220 526 1259 566 est
1266 527 1365 568 passus
1377 550 1387 565 ,
1415 524 1550 564 cbristus
1571 523 1608 563 est
1625 525 1727 567 passus
1739 548 1750 564 ‚
1776 522 2005 567 distinguens,
2027 544 2084 577 Lib,
2094 548 2143 583 46,-

1121 576 1266 610 &solam
1289 575 1500 619 posteriorem
1521 574 1700 608 admittens
1724 584 1761 609 ut
1783 584 1914 613 veram,
1941 573 2006 606 fuit

1123 627 1292 671 insigniter
1314 624 1552 659 hallucinatus.
1581 625 1714 659 Sanctus
1725 634 1867 667 namque
1889 623 2007 658 Petrus

1124 675 1303 719 Apostolus
1315 687 1369 720 per
1380 674 1552 709 Christum
1563 675 1703 709 omnino
1716 673 1880 709 intellexit
1893 673 2006 708 Deum

1124 725 1272 760 Verbum
1291 750 1300 758 .
1330 725 1492 760 Adversus
1512 725 1607 759 istam
1628 723 1782 759 Cerinthi
1804 749 1816 765 ‚
1843 722 2006 763 Ebionis,

1123 787 1160 809 ac
1172 776 1407 810 Gnosticorum
1419 774 1652 819 blasphemiam
1665 775 1776 809 scribit
1786 774 1827 808 de
1836 774 1913 808 Deo
1924 773 2009 807 Ver-

1123 826 1166 860 bo
1179 825 1232 859 hic
1244 827 1344 860 etiam
1355 826 1585 861 Tertullianus
1597 839 1609 859 .-
1636 829 1765 858 Carnem
1769 824 1892 866 fabrum
1902 829 1934 857 in
1949 832 2009 858 ute-

1122 887 1154 908 ro
1180 877 1244 917 ejus
1268 901 1274 908 .
1315 876 1466 911 Affirmat
1492 887 1530 909 ac
1557 875 1726 919 profitetur
1754 874 1924 909 Christum
1951 874 2007 908 seu

1124 927 1234 960 Deum
1248 925 1393 960 Verbum
1408 939 1475 961 non
1490 926 1661 960 dumtaxat
1682 925 1717 959 in
1730 926 1901 969 Baptismo
1915 947 1925 963 ‚
1951 924 2005 957 sed

1125 976 1240 1019 inipso
1252 977 1402 1020 Virginis
1425 987 1520 1011 utero
1542 975 1740 1011 descendisse
1764 977 1798 1009 in
1814 976 1945 1018 Jesum,
1972 985 2010 1010 ae

1127 1027 1246 1069 semper
1256 1027 1418 1060 manfiffe.
1446 1027 1540 1060 Hinc
1560 1027 1731 1070 adjungit:
1760 1030 1874 1059 Fixum
1897 1028 2010 1064 Cruci,

1124 1081 1213 1109 tertia
1223 1078 1272 1109 die
1281 1074 1469 1118 resurrexisse
1482 1098 1489 1109 ⁹
1516 1076 1650 1120 Utique
1664 1075 1799 1110 verbum
1811 1099 1823 1116 ,
1850 1085 1907 1117 per
1919 1073 2010 1116 quod

1127 1126 1219 1160 Deus
1230 1125 1327 1159 Pater
1340 1125 1479 1169 universa
1490 1128 1528 1159 de
1549 1125 1641 1159 nihilo
1656 1127 1802 1167 produxit
1813 1148 1824 1164 ,
1850 1125 1940 1168 quod
1953 1135 2013 1166 ape-

1129 1176 1281 1219 pellatum
1301 1176 1364 1210 fuit
1387 1176 1454 1219 ejus
1464 1175 1592 1215 Filius,
1620 1174 1711 1218 quod
1736 1175 1771 1210 in
1794 1174 1862 1216 ejus
1876 1174 2015 1208 nomine

1128 1227 1191 1261 fuit
1203 1227 1289 1261 varie
1302 1227 1404 1260 visum
1416 1226 1434 1259 ὲ
1447 1225 1644 1260 Patriarchis
1658 1249 1670 1265 ,
1694 1224 1728 1257 in
1744 1223 1919 1266 Prophetis
1932 1224 2014 1256 sem-

1131 1288 1185 1320 per
1195 1277 1345 1311 auditum
1357 1302 1364 1310 .
1394 1277 1476 1323 Qae
1487 1276 1638 1320 professio
1661 1274 1769 1319 palam
1780 1273 1899 1308 evertit
1912 1273 2014 1309 etiam

1130 1338 1270 1361 errorem
1293 1326 1504 1361 Theodoreti
1520 1351 1527 1359 .

1178 1377 1334 1411 Tertium
1355 1376 1448 1419 hujus
1461 1376 1604 1420 symboli
1617 1376 1880 1410 additamentum
1902 1373 2016 1408 laudat

1132 1427 1247 1462 iterum
1270 1427 1423 1462 Ruffinus
1446 1426 1620 1470 Presbyter
1634 1449 1644 1464 ,
1672 1436 1781 1459 veram
1805 1436 1883 1459 verae
1897 1423 2017 1458 Carnis

1131 1479 1395 1513 resurrectionem
1421 1480 1535 1512 multis
1557 1475 1758 1519 praedicans,
1783 1485 1882 1517 atque
1903 1474 2020 1516 adiun-

1131 1538 1230 1571 gens:
1258 1532 1304 1560 Et
1326 1529 1391 1560 idea
1404 1527 1484 1570 satis
1495 1535 1587 1561 cauta
1609 1525 1787 1566 &provida
1810 1524 1974 1565 adjec‘lione
1982 1522 2020 1564 fi-

1132 1579 1198 1610 dem
1214 1576 1333 1619 [emboli
1349 1577 1477 1618 Ecclefia
1499 1577 1596 1618 nostra
1611 1576 1714 1614 docet,
1742 1578 1853 1616 quaein
1863 1585 1914 1614 eo,
1940 1573 2022 1615 quod

1131 1629 1151 1659 ἃ
1179 1634 1294 1660 caeteris
1321 1627 1478 1667 traditur,
1506 1627 1623 1661 Carnis
1644 1624 1910 1660 resurrestionem
1929 1648 1940 1664 ,
1964 1632 2021 1656 uno

1132 1678 1238 1710 addito
1244 1681 1420 1719 pronomine
1431 1679 1529 1711 tradit
1539 1703 1551 1718 ,
1578 1677 1690 1720 Hujus
1702 1675 1809 1710 carnis
1822 1674 2022 1708 resurrectio-

1133 1739 1210 1762 nem
1224 1752 1231 1758 .
1262 1731 1358 1770 Hujus
1365 1728 1429 1770 sine
1440 1728 1529 1761 dubio
1541 1752 1553 1768 ,
1578 1739 1669 1771 quam
1697 1732 1723 1760 is
1735 1751 1747 1767 ,
1772 1729 1825 1768 qui
1842 1723 1998 1768 profitetur
2009 1748 2022 1764 ,

1125 1777 1272 1822 signaculo
1284 1782 1393 1814 Crucis
1406 1778 1510 1820 from?
1531 1775 1661 1820 imposito
1688 1777 1853 1820 contingit,
1880 1778 1935 1817 qua
1946 1774 2023 1817 sciat

1131 1826 1328 1871 unusquisque
1341 1830 1493 1870 Fidelium
1503 1839 1623 1862 carnem
1640 1825 1726 1869 suam
1740 1850 1751 1864 ‚
1770 1826 1801 1866 st
1810 1823 2022 1867 mundamser-

1131 1883 1254 1911 vaverit
1270 1879 1435 1920 uper-cato,
1459 1877 1604 1919 futuram
1624 1879 1675 1919 esse
1698 1886 1758 1909 vas
1780 1874 1897 1909 honoris
1912 1899 1923 1916 ,
1948 1876 2021 1909 utile

1132 1932 1258 1961 Domino
1268 1929 1312 1960 ad
1323 1940 1407 1962 omne
1432 1936 1504 1970 opus
1526 1927 1634 1961 bonum
1651 1934 1819 1969 paratum,
1840 1923 1946 1966 livera
1958 1936 2025 1958 con-

1131 1977 1387 2019 taminatafuerit
1400 1982 1566 2020 inpeccatis
1578 2001 1588 2017 ,
1607 1977 1750 2019 futuram
1771 1976 1822 2018 effe
1831 1987 1892 2009 vas
1913 1980 1969 2007 irae
1979 1976 2026 2008 ad

1131 2033 1300 2061 interitum.
1330 2029 1386 2063 An
1416 2027 1630 2071 Aquileiensis
1655 2026 1798 2060 Ecclesia
1824 2023 1909 2057 istud
1930 2023 2024 2059 addi-

1131 2089 1316 2112 tamentum
1337 2079 1404 2122 ipsa
1426 2078 1539 2113 fecerit
1565 2103 1575 2118 ‚
1613 2088 1655 2110 an
1683 2075 1760 2108 vero
1798 2073 1958 2118 acceperit
1980 2073 2023 2109 ab

1131 2128 1297 2163 Orientali
1311 2128 1451 2162 Ecclesia
1464 2153 1474 2167 ,
1502 2128 1622 2170 ignoro
1634 2149 1641 2156 .
1674 2124 1785 2158 Etiam
1799 2125 1920 2170 ignoro
1933 2124 2024 2159 addi-

1132 2178 1271 2210 tamenti
1291 2179 1420 2211 causam
1435 2200 1442 2207 .
1469 2175 1571 2209 Poffit
1595 2175 1689 2208 fuisse
1709 2176 1828 2209 fastum
1848 2175 1883 2210 &
1902 2185 2020 2210 contra

1133 2226 1310 2260 Gnosticos
1320 2251 1330 2266 ,
1360 2228 1393 2260 &
1407 2235 1522 2260 contra
1535 2224 1757 2271 Origenistas.

1182 2276 1340 2309 Notanda
1363 2278 1438 2310 sunt
1461 2276 1590 2310 Ruffini
1613 2275 1734 2310 verba.-
1761 2276 1867 2318 ,Quam
1893 2280 1943 2314 is,
1969 2281 2022 2319 qut

1127 2326 1304 2367 profitetur,
1329 2323 1472 2367 fignaculo
1518 2330 1622 2358 Crucis
1636 2325 1738 2367 fronti
1762 2324 1891 2367 impofito
1910 2331 2023 2359 contin-

1126 2380 1173 2418 git
1183 2399 1190 2405 .
1218 2373 1376 2407 Elueidat
1388 2374 1423 2407 in
1445 2375 1500 2407 sua
1515 2373 1669 2408 adversus
1684 2376 1838 2409 Sanctum
1851 2376 2025 2419 Hierony-

1129 2435 1222 2458 mum
1234 2424 1399 2458 Inveffiva
1412 2424 1478 2466 ipse
1494 2424 1648 2459 Ruffinus
1658 2447 1668 2463 ‚
1692 2425 1810 2459 Carnis
1823 2427 2023 2461 resurrestio-

1132 2485 1207 2509 nem
1220 2473 1355 2518 operose
1367 2474 1539 2517 praedicans
1550 2499 1560 2515 ‚
1588 2476 1653 2508 sese
1675 2485 1861 2521 expurgans
1884 2475 1925 2511 ab
1937 2477 2020 2513 Ori-

1129 2526 1224 2570 genis
1243 2523 1423 2565 erroribus,
1452 2535 1551 2567 atque
1574 2525 1776 2571 adjungenS:
1806 2527 1856 2558 Ad
1876 2530 2020 2564 maiorem

1128 2581 1172 2609 rei
1189 2575 1281 2616 fidem
1304 2575 1382 2607 addo
1404 2576 1522 2618 aliquid
1539 2577 1691 2618 amplius,
1718 2577 1753 2610 θ
1775 2575 2020 2619 calumniosorum

1129 2626 1286 2665 neceffitate
1307 2624 1467 2668 compulsus
1486 2624 1634 2669 singulare
1654 2627 1689 2659 ὁ·
1708 2632 1897 2668 praecipuum
1916 2628 2020 2660 Eccle-

1123 2675 1174 2716 fiae
1186 2674 1288 2715 nostrae
1300 2675 1459 2716 mysterium
1469 2677 1590 2717 pando.
1620 2680 1745 2710 Etenim
1755 2677 1821 2709 cum
1845 2688 1945 2709 omnes
1958 2680 2018 2708 Ec-

1128 2723 1215 2766 clefiae
1227 2728 1444 2758 Sacramentum
1457 2726 1578 2765 symboli
1587 2728 1717 2759 tradant
1729 2750 1740 2765 ‚
1764 2735 1799 2758 ut
1804 2725 1959 2767 postquam
1971 2727 2017 2757 dl-

1128 2775 1252 2816 xerlm,
1279 2774 1494 2810 Peccatorum
1505 2776 1744 2813 remissionem,
1761 2776 1903 2813 addant,
1934 2775 2015 2808 Car-

1129 2827 1180 2860 nis
1199 2826 1486 2864 resurrectionem,
1509 2823 1618 2867 sam‘la
1649 2821 1841 2865 Aquilejenfir
1862 2824 1989 2866 Ecclesia
2000 2850 2012 2866 ,

1130 2878 1307 2918 DeiSpirItu
1322 2875 1452 2916 futuras
1464 2875 1629 2907 adversum
1644 2885 1697 2906 nos
1721 2875 1888 2907 calumnias
1895 2881 2014 2916 praevl-

1128 2928 1216 2960 dente
1237 2952 1248 2967 ,
1284 2925 1337 2959 ubi
1361 2927 1459 2958 tradit
1488 2929 1600 2957 Carnis
1622 2922 1861 2966 resurrec‘lionem
1884 2949 1894 2965 ,
1921 2926 2012 2958 addit

1128 2982 1214 3010 unius
1235 2981 1421 3019 pronominis
1438 2973 1602 3018 ftllubam,
1629 2975 1662 3007 Θ
1676 2982 1733 3016 pro
1758 2986 1789 3008 eo
1808 2975 1888 3016 quod
1910 2981 2011 3009 caeteri

1127 3029 1252 3068 dicunt,
1278 3026 1397 3061 Carnis
1408 3026 1671 3059 resurreetionem
1684 3049 1695 3066 ‚
1708 3036 1759 3057 nos
1767 3026 1912 3058 dicimus:
1936 3027 2012 3059 Hu-

1127 3077 1176 3120 jus
1198 3077 1304 3112 carnis
1325 3075 1605 3110 resurrectionem.
1631 3076 1702 3117 ,Qud
1721 3073 1835 3118 scilicet
1857 3075 2011 3116 frontem,

1128 3138 1162 3161 ut
1181 3140 1242 3161 mos
1265 3127 1325 3167 est,
1354 3132 1385 3159 in
1393 3126 1453 3169 fine
1477 3125 1598 3164 symboli
1619 3123 1762 3168 signaculo
1785 3132 1985 3170 contingentes
1999 3151 2011 3168 ,

1129 3180 1162 3212 Θ
1175 3190 1222 3212 ore
1233 3183 1333 3212 carnis
1357 3176 1467 3218 hujus,
1490 3174 1599 3218 scilicet
1622 3186 1712 3216 quam
1721 3182 1917 3220 contingimus
1930 3201 1941 3217 ‚
1967 3188 2011 3210 re-

1124 3227 1332 3270 surrefflonem
1347 3227 1484 3269 fatentes
1498 3250 1509 3265 ‚
1536 3236 1650 3258 omnem
1668 3235 1829 3260 venenata·
1842 3228 2010 3260 adversum

1129 3290 1180 3311 nos
1192 3279 1303 3322 linguae
1325 3276 1527 3311 calumniandi
1548 3277 1666 3309 aditum
1686 3277 1899 3318 praestruamus
1912 3301 1919 3307 .
1949 3276 2010 3311 Di·

1131 3329 1247 3363 scimus
1259 3329 1336 3363 hinc
1349 3329 1427 3363 tria.
1454 3325 1568 3362 Primo
1579 3350 1591 3368 ‚
1612 3325 1700 3370 quod
1712 3326 1796 3362 istud
1808 3326 2008 3362 additamen-

1626 3376 1662 3411 N
1886 3387 1957 3411 tum
