2346 3724
159 1570 235 1609 Cap.
245 1579 271 1609 ς.

156 1958 211 1994 ΕΡ.
225 1966 273 1995 93.

152 2006 216 2036 cap.
229 2008 274 2034 17·

386 167 480 213 144
874 150 1204 195 Seno

308 238 488 278 eundemque
510 233 657 270 hominem
681 246 788 270 verum
811 260 821 277 ,
847 235 1019 278 crucifixum
1042 244 1098 278 pro
1120 234 1205 268 nobis

305 287 361 330 sub
380 285 487 321 Pontio
502 288 622 328 Pilato,
646 286 781 330 passum,
802 285 954 329 sepultum
970 312 980 328 ,
1001 290 1035 321 (θ’
1054 285 1205 330 resurgen-

298 348 392 381 vtem,
418 334 643 379 adscendentem
667 343 700 369 in
723 336 829 377 coelos,
845 335 1002 380 sedentem
1028 339 1072 371 ad
1093 338 1204 370 dexte—

306 399 376 421 ram
390 390 495 421 Patris
507 413 517 428 ‚
543 393 709 429 iterumque
724 396 889 420 venturum
910 390 1050 429 judicare
1062 394 1151 420 vivos
1169 389 1204 421 &

307 444 434 471 mortuos
448 463 455 470 .
483 439 565 472 Haec
576 438 683 480 palam
704 437 874 481 desumpta
898 439 971 472 sunt
985 450 1027 473 ex
1051 438 1202 481 symbolo

307 488 508 533 Apostolico
532 511 540 519 .
582 484 626 520 Et
648 486 712 521 alte
733 488 877 522 clamant
905 489 1001 523 istum
1027 488 1200 522 articulum

305 546 387 572 tunc
408 538 478 571 illic
494 547 563 571 non
596 537 693 572 fuiffe
717 563 724 571 .
745 537 898 572 Secundo
919 540 1076 574 discimus
1099 538 1117 571 ὲ
1142 539 1202 572 Fa-

304 587 439 628 cundo,
466 586 555 632 quod
575 587 732 622 Africana
749 588 891 623 Ecclesia
905 602 971 624 non
995 590 1055 624 soli
1067 590 1174 632 primo
1189 614 1199 630 ,

304 637 359 672 sed
374 638 473 672 etiam
487 638 631 674 secundo
655 639 794 674 articulo
816 640 967 680 adjecerit
988 650 1126 678 vocem,
1154 643 1198 672 U-

303 699 397 722 num.
427 686 550 723 Tertio
565 714 576 730 ‚
601 688 693 732 quod
707 701 881 734 utrumque
904 690 968 725 hoc
994 689 1194 724 additamen-

303 740 377 773 tum
402 738 474 773 istic
497 741 708 783 permanserit
722 741 822 784 usque
835 740 875 775 ad
891 751 1037 784 tempora
1049 739 1124 774 dieti
1138 740 1198 774 Fa-

300 787 422 823 cundi.
454 789 497 823 Et
509 790 600 834 quod
625 792 659 824 in
681 790 826 825 adductis
842 792 934 834 supra
959 791 1042 825 locis
1061 790 1194 825 Tertul-

301 838 411 874 lianus
422 841 564 874 omnino=
577 851 654 885 agat
664 840 704 875 de
715 841 942 876 additamento
955 840 1096 884 symboli
1111 866 1118 873 .
1146 841 1194 875 At

299 900 361 924 cur
381 891 515 925 Sanetus
539 890 746 936 Augustinus
767 901 946 933 utrumque
969 889 1051 926 istud
1071 891 1192 926 addita·

300 948 454 974 mentum
464 939 652 975 constanter
663 942 848 986 expungit?
876 942 996 976 Haereo
1009 966 1020 982 ,
1048 943 1195 977 nesciens

299 989 383 1032 quid
406 991 484 1023 certi
509 991 669 1025 affirmare
693 1014 701 1023 .
741 992 874 1027 SanClus
902 991 1108 1037 Augustinus
1130 992 1193 1028 fixit

298 1038 468 1074 Numidiae
490 1039 671 1084 Episcopus
693 1051 706 1085 ς
747 1042 792 1076 Et
812 1041 974 1077 Numidia
998 1043 1192 1088 expunxisse

297 1090 396 1134 possit
417 1089 681 1125 additamentum
703 1116 714 1132 ‚
742 1091 927 1136 Byzacium
953 1094 1137 1128 retinuisse.
1165 1095 1192 1128 1-

298 1150 367 1175 tem
389 1140 651 1176 Mediolanenfis
664 1141 815 1177 Ecclesiae
829 1168 839 1184 ‚
866 1154 936 1187 quae
959 1144 1045 1179 istud
1068 1143 1179 1179 addita

297 1200 450 1224 mentum
474 1202 644 1235 nunquam
666 1188 802 1234 habuit,
829 1193 1015 1236 symbolum
1043 1195 1078 1228 in
1094 1196 1188 1229 Cate-

295 1237 427 1275 chismo
449 1252 486 1275 ac
509 1241 679 1285 Baptismo
702 1245 826 1286 accepit
840 1244 1027 1278 &reddidit
1054 1246 1190 1279 Sanetus

296 1290 506 1335 Augustinus
519 1305 531 1326 .·
561 1292 603 1326 Et
614 1292 711 1336 poffit
732 1293 837 1336 ipsum
852 1295 1017 1329 retinuisse
1036 1295 1135 1328 etiam
1150 1295 1190 1328 E·

295 1340 473 1384 piscopus,
498 1352 536 1375 ac
549 1342 615 1375 suis
635 1341 801 1377 tradidisse
815 1367 822 1375 .
852 1344 961 1378 Firma
983 1344 1074 1378 istius
1091 1345 1188 1378 varie-

294 1390 371 1425 tatis
385 1390 478 1424 radix
490 1390 662 1435 ignoratur
675 1416 683 1423 .

344 1439 531 1474 Adversum
553 1439 623 1475 haec
644 1439 750 1475 zelose
769 1439 946 1477 intercedit
964 1442 999 1477 iu
1026 1442 1186 1486 opusculo

291 1489 333 1524 de
354 1489 467 1534 JESU
488 1489 613 1524 Christi
644 1490 802 1525 descensu
839 1491 880 1526 ad
905 1493 1028 1527 inferos
1049 1492 1185 1527 Nobilis

291 1539 356 1574 Vir
377 1540 545 1574 Henricus
557 1541 662 1575 Vicus
676 1540 856 1575 Oosthovii
876 1542 1055 1586 Toparcha
1071 1555 1078 1574 :
1094 1545 1188 1586 ‚Quod

290 1590 430 1630 Ruffinus
440 1600 591 1624 memortae
603 1593 743 1633 prodidit
753 1603 818 1624 eam
831 1593 869 1625 de
882 1594 1003 1626 Domini
1015 1595 1061 1626 ad
1071 1593 1184 1634 inferos

289 1639 431 1684 descensu
447 1642 632 1684 particulam
657 1653 715 1675 non
725 1641 820 1684 futffe
845 1641 983 1676 habitam
1006 1649 1038 1676 tn
1061 1642 1186 1686 [embolo

288 1692 433 1725 Romanae
451 1693 587 1734 Ecclest'ae
598 1716 610 1733 ,
635 1703 729 1735 neque
750 1694 822 1725 vera
837 1699 930 1726 etiam
959 1699 993 1726 in
1003 1691 1134 1733 Eccleſsts
1148 1698 1185 1726 0-

287 1746 419 1783 nentis,
446 1747 480 1775 in
495 1753 527 1776 eo
552 1743 728 1786 magnopere
755 1741 961 1777 hallucinatur
989 1743 1045 1783 est.
1073 1748 1186 1786 Neque

289 1790 347 1833 tpfi
361 1792 444 1833 fider
468 1791 612 1826 habenda
634 1793 672 1832 est
688 1791 833 1835 scrIbenti
854 1794 1006 1826 adversas
1029 1793 1185 1835 manifeste

288 1847 444 1875 contraria
454 1843 650 1875 documenta.
679 1843 724 1875 Et
735 1842 870 1875 adducit
894 1844 1110 1878 documenta.
1145 1845 1184 1877 Ε-

288 1891 444 1935 pistulam
466 1891 574 1926 San-sti
588 1891 715 1925 Leonis
725 1889 847 1935 Magni
865 1891 905 1925 ad
921 1894 1074 1927 Sanctum
1087 1892 1183 1926 Thu-

288 1941 414 1976 ribium
440 1940 686 1976 Asturicensem
710 1941 913 1985 Episcopum
936 1955 948 1975 :
976 1946 1070 1975 Miror
1092 1941 1185 1985 cujus-

286 1993 360 2025 dam
380 1990 532 2024 Catholici
556 1993 790 2036 intelligenttam
815 1992 954 2025 laborare
975 2016 987 2033 ,
1024 2002 1183 2036 tamquam

287 2046 431 2075 incertum
438 2040 479 2083 fit
491 2064 502 2080 ,
528 2052 570 2073 an
583 2041 774 2083 defi-endente
784 2043 830 2076 ad
838 2041 960 2084 inferna
971 2042 1088 2082 christo
1100 2067 1111 2083 ,
1136 2054 1184 2075 ca-

285 2103 320 2127 ro
341 2094 409 2134 eJus
430 2095 610 2133 requieverit
632 2096 667 2123 in
687 2091 844 2133 sepulchro
858 2116 869 2132 ,
893 2103 962 2135 quae
976 2091 1051 2134 ficut
1064 2093 1136 2126 vere
1150 2093 1185 2127 Θ

289 2151 408 2177 mortua
420 2140 582 2185 &sepulta
597 2166 608 2182 ‚
634 2145 680 2174 ita
691 2142 726 2174 (rt
736 2142 809 2174 vere
834 2141 874 2180 est
896 2144 945 2176 die
965 2149 1053 2176 tertio
1065 2140 1185 2186 resusci-

291 2200 378 2227 tata.
408 2192 562 2227 Errorem
573 2190 734 2226 Pontifex
758 2189 1019 2226 refutatesacris
1045 2192 1185 2232 litteris,

291 2254 391 2288 atque
411 2242 583 2278 concludit
596 2255 607 2276 .-
634 2243 732 2275 Nulla
743 2246 857 2275 ratione
868 2242 1054 2276 tolerandum
1066 2241 1124 2283 est,
1151 2250 1185 2275 ut

292 2299 345 2338 qui
355 2294 564 2336 praedicandae
576 2293 665 2326 Fidei
670 2290 799 2336 suscepit
811 2292 932 2334 officium
941 2317 951 2334 ‚
979 2299 1007 2326 is
1025 2301 1130 2326 contra
1142 2296 1186 2324 E-

291 2344 467 2389 ‘vangelium
484 2342 597 2384 christ}
614 2367 626 2383 ,
651 2351 756 2376 contra
782 2342 972 2383 Apostolicam
996 2342 1185 2379 dodi-inam,

293 2406 398 2430 contra
409 2392 592 2437 universalis
603 2391 739 2432 Ecclefiae
752 2389 912 2434 ssmbolum
923 2392 1038 2423 audeat
1050 2388 1184 2432 disputa·

293 2458 344 2483 re.
372 2445 466 2480 Hinc
489 2443 636 2489 praefatus
649 2442 818 2476 Henricus
837 2440 1009 2475 concludit
1030 2440 1128 2473 istum
1139 2451 1184 2474 at-

293 2496 435 2531 ticulum
456 2496 551 2530 fuiffe
573 2494 607 2528 in
630 2492 789 2527 Romano
806 2490 960 2534 symbolo
973 2515 981 2524 .
1008 2489 1115 2524 Aliud
1127 2489 1184 2525 do-

293 2550 489 2586 cumentum
501 2544 546 2578 est
560 2544 670 2578 Sancti
683 2541 843 2585 Martyris
854 2540 974 2587 Ignatii
987 2539 1184 2581 authoritas,

294 2596 352 2640 qui
375 2596 410 2630 in
433 2594 571 2639 epistola
594 2594 634 2627 ad
657 2593 847 2627 Trallenses
879 2591 990 2626 scribit
1015 2590 1185 2626 Christum

294 2644 487 2682 Dominum
507 2642 697 2687 fuiffe'vere
727 2642 925 2677 crucifixum
950 2665 961 2681 ‚
989 2641 1062 2676 vere
1095 2652 1186 2676 mor·-

294 2696 417 2737 tuum,
443 2690 644 2730 descendisse
663 2693 703 2728 ad
728 2693 854 2727 inferna
875 2717 886 2733 ,
911 2692 1007 2726 fuisse
1031 2693 1187 2727 veraciter

294 2742 512 2782 suscitatum.
527 2743 685 2789 'Videtur
721 2744 866 2778 alludere
897 2743 939 2777 ad
974 2742 1184 2786 symbolum.

295 2796 453 2834 Tertium
475 2794 712 2831 documentum
736 2794 781 2829 est
802 2792 985 2829 authoritas
998 2793 1187 2842 SauiiiCyf

296 2850 363 2884 rilli
393 2847 552 2893 Episcopi
573 2844 879 2889 Hierosolymitani
895 2868 908 2885 ‚
933 2845 990 2888 qui
1014 2845 1048 2878 in
1070 2845 1186 2888 quarta

298 2898 469 2934 Catechesi
493 2897 585 2932 hunc
611 2895 787 2931 articulum
810 2894 963 2939 adjungit
999 2893 1187 2929 Dominicae

297 2945 468 2993 sepultura»,
488 2974 495 2982 .
532 2947 755 2983 Dominicum
775 2944 965 2981 descensum
988 2945 1127 2990 exponit
1149 2945 1184 2978 in

300 2998 442 3035 articulo
454 2999 494 3033 de
506 2999 686 3043 sepultura.
710 2996 875 3044 Qartum
886 2996 1127 3031 documentum
1140 2994 1186 3029 est

299 3049 483 3086 authoritas
505 3047 806 3093 SanffiEpiphanii
819 3071 831 3088 ‚
859 3047 915 3092 qui
936 3048 971 3080 in
993 3046 1186 3091 septuagesi-

299 3111 355 3136 ma
367 3099 503 3145 septima
515 3098 621 3133 haerefi
632 3104 802 3134 enumerat
812 3110 851 3132 ac
862 3097 999 3140 exponit
1013 3106 1130 3129 omnes
1143 3096 1184 3130 de

299 3151 438 3187 Christo
449 3150 605 3190 Domino
617 3150 793 3190 articulos,
818 3159 856 3182 ac
880 3147 964 3181 iuter
986 3146 1073 3190 ipsos
1083 3146 1184 3180 etiam

300 3200 526 3238 Dominicum
552 3200 740 3235 descensum
764 3224 772 3232 .
810 3197 978 3247 Qintum
1003 3195 1186 3230 documen-

302 3260 375 3287 tur'n
388 3252 433 3288 est
447 3249 632 3286 authoritas
648 3251 754 3284 Sansti
770 3249 908 3293 Joannis
926 3246 1162 3290 Chrysostomi
1175 3270 1185 3287 ,

303 3303 407 3346 quiin
419 3302 564 3337 secundo
584 3302 735 3335 sermone
755 3300 797 3334 de
809 3297 1007 3343 Apostolico
1028 3295 1186 3340 symbolo

302 3349 403 3388 habet
422 3362 520 3396 atque
543 3351 682 3397 exponit
705 3349 795 3385 hunc
815 3348 992 3385 articulum
1014 3371 1022 3381 .
1048 3348 1185 3383 Sextum

1272 158 1588 193 Lron

1264 232 1398 268 tandem
1420 232 1660 270 documentum
1687 235 1733 272 est
1755 238 1864 273 Sanffi
1877 237 2047 274 Athanasii
2061 241 2147 286 sym-

1266 282 1377 318 bolum
1392 308 1402 324 ‚
1429 285 1518 328 quod
1545 285 1688 319 omnino
1709 287 1807 324 habet
1831 289 1927 324 istum
1947 291 2145 327 articulum.

1267 334 1318 367 Ex
1343 335 1394 368 his
1418 336 1522 369 dictus
1545 335 1722 371 Oosthovii
1745 338 1924 383 Toparcha
1950 343 2144 377 concludit:

1263 388 1440 426 Oportuerat
1452 386 1621 428 Ruffinum‚
1646 394 1776 429 quieam
1796 393 1977 431 particulam
1996 394 2146 435 existima·

1263 442 1312 468 vit
1325 435 1530 477 adjectivum,
1560 436 1750 471 &barenas
1768 446 1858 481 petra
1877 442 2035 483 offensionis
2049 443 2144 485 fuit,

1261 494 1427 527 exponere,
1456 489 1476 519 ἃ
1498 499 1574 529 quo,
1604 488 1655 520 vel
1675 489 1802 530 quibus,
1829 492 1930 534 &quo
1949 501 2079 536 tempore
2089 494 2143 527 ad-

1259 536 1328 568 dita
1350 535 1453 579 futffet
1469 536 1594 580 symbolo
1609 538 1802 579 Apostolorum
1813 564 1824 581 ‚
1842 540 1951 584 saltem
1969 550 2002 577 tn
2022 545 2142 587 Aquile-

1252 584 1352 627 jwſs,
1377 588 1411 618 id
1421 587 1459 628 est
1474 611 1484 628 ,
1507 586 1566 631 sua
1577 587 1704 629 Ecclesia
1718 613 1725 621 .

1308 637 1512 681 Respondeo
1534 638 1589 672 hic
1614 640 1707 684 tangi
1732 639 1765 674 ὃς
1785 640 1945 676 confundi
1967 643 2049 679 duas
2059 655 2143 690 quae·

1259 686 1399 720 stiones.
1419 687 1529 722 Prima
1548 688 1615 728 est,
1642 691 1698 723 An
1711 690 1852 725 Domini
1875 692 1916 726 ad
1939 692 2065 729 inferna
2086 693 2142 728 de·

1259 737 1385 770 scensus
1403 738 1441 771 sit
1461 738 1615 773 articulus
1635 739 1754 774 Fidei?
1781 741 1927 776 Secunda
1939 744 2003 783 est,
2029 745 2085 778 An
2110 744 2142 777 i·-

1256 786 1340 820 stum
1362 788 1538 822 articulum
1555 790 1706 832 Apostoli
1725 791 1914 827 inseruerint
1938 794 1998 827 suo
2010 794 2143 836 symbo-

1255 837 1312 871 lo?
1340 837 1394 871 Ad
1419 841 1555 882 primam
1579 840 1793 884 quaestionem
1815 852 1931 876 omnes
1955 841 2141 878 orthodoxi

1255 888 1376 932 semper
1397 889 1634 932 responderunt
1656 891 1845 926 affirmative
1870 917 1877 925 .
1917 892 1960 927 Et
1987 893 2142 928 hodierni

1255 936 1418 979 haeretici‚
1446 940 1502 982 qui
1526 940 1630 983 iprum
1647 952 1791 986 negant,
1819 953 1874 976 aut
1901 955 2020 978 vocant
2032 945 2066 977 in
2081 944 2143 978 du-

1256 989 1348 1022 bium
1363 1012 1374 1029 ,
1402 989 1636 1035 Evangelicam
1660 993 1831 1026 veritatem
1851 992 2012 1028 horrende
2026 1005 2142 1037 praeva·

1254 1041 1413 1073 ricantur.
1444 1040 1578 1084 Nempe
1599 1042 1730 1077 student
1751 1043 1809 1077 fibi
1833 1044 1922 1077 viam
1934 1043 2072 1078 sternere
2095 1044 2140 1078 ad

1251 1090 1508 1135 expugnandum
1531 1090 1782 1136 purgatorium.
1810 1093 1990 1128 Oosthovii
2016 1093 2138 1128 Domi·

1253 1151 1314 1174 nus
1327 1140 1401 1185 istas
1412 1140 1604 1184 quaestiones
1615 1143 1769 1176 confudit
1777 1167 1789 1182 ‚
1804 1143 1948 1187 ideoque
1958 1144 2003 1178 est
2018 1144 2137 1187 lapsus.

1252 1191 1306 1224 Ad
1318 1192 1493 1225 secundam
1505 1192 1594 1226 enim
1606 1193 1822 1235 quaestionem
1843 1194 1889 1227 est
1915 1194 2059 1227 omnino
2081 1205 2140 1228 ne·

1248 1239 1359 1285 gative
1370 1240 1653 1284 respondendum.
1683 1243 1726 1277 Et
1750 1242 1829 1276 huic
1841 1244 2043 1286 responsioni
2065 1255 2138 1278 non

1251 1291 1338 1324 solus
1352 1291 1510 1324 Ruffinus
1535 1291 1746 1335 suffragatur,
1765 1292 1865 1327 sed&
1877 1293 1984 1336 plures
2006 1294 2072 1336 jam
2083 1293 2140 1328 ad-

1248 1339 1337 1373 ducti
1361 1339 1474 1373 Patres
1498 1339 1650 1374 Ecclesiae
1671 1365 1679 1372 .
1716 1341 1761 1378 Et
1784 1343 1959 1384 quomodo
1984 1342 2140 1378 Ruffinus

1250 1388 1493 1432 praesumpfisset
1519 1388 1653 1424 scribere
1678 1400 1806 1425 tantum
1825 1391 2034 1426 mendacium
2050 1393 2067 1425 ἓ
2093 1393 2140 1427 Et

1250 1439 1315 1473 hoc
1337 1436 1378 1472 de
1400 1440 1554 1473 Romana
1571 1439 1726 1475 Ecclesia.
1748 1440 1849 1475 Certe
1874 1442 2008 1477 Sanstus
2020 1442 2143 1478 Hiero·

1251 1499 1371 1531 nymus
1392 1489 1427 1523 in
1442 1490 1512 1532 ipso
1527 1490 1727 1534 increpando
1750 1503 1819 1526 non
1842 1491 2063 1527 dormitasset.
2094 1493 2141 1527 Et

1247 1539 1385 1573 addusta
1404 1538 1538 1573 Parrum
1551 1540 1738 1575 testimonia
1753 1542 1794 1575 ad
1808 1553 1876 1576 tem
1896 1553 1964 1576 non
1994 1543 2140 1578 faciunt.

1251 1589 1384 1623 Etenim
1421 1590 1570 1635 Magnus
1607 1591 1681 1625 Leo
1707 1591 1818 1626 scribit
1844 1592 1998 1627 adversus
2025 1593 2154 1628 nescio.

1248 1650 1346 1684 quem
1367 1639 1584 1675 Catholicum
1596 1665 1606 1681 ,
1633 1642 1772 1685 quinon
1783 1642 1824 1676 de
1838 1642 1983 1676 Domini
2000 1643 2042 1677 ad
2055 1643 2143 1678 infe·

1247 1700 1302 1724 ros
1325 1690 1482 1724 descensu
1505 1690 1703 1733 dubitabat,
1731 1691 1785 1726 sed
1811 1692 1852 1726 de
1874 1692 1944 1735 ejus
1955 1693 2141 1736 sepultura.

1249 1741 1379 1775 Erroris
1405 1741 1524 1775 intima
1547 1741 1741 1786 ignoramus
1760 1753 1772 1775 .-
1809 1742 1954 1777 Videtur
1976 1742 2143 1785 voluiffe,

1248 1789 1337 1832 quod
1360 1790 1534 1826 Dominus
1546 1792 1647 1826 etiam
1670 1803 1746 1826 cum
1774 1803 1913 1837 corpore
1924 1793 2147 1829 descendisset*

1247 1842 1288 1874 ad
1300 1839 1422 1875 inferos
1434 1867 1441 1875 .
1472 1842 1543 1874 Aut
1556 1842 1642 1875 certe
1655 1842 1784 1886 negasse
1797 1844 1968 1878 veritatem
1982 1843 2142 1878 Domini·

1247 1901 1290 1924 cae
1306 1892 1430 1924 carnis.
1463 1891 1506 1924 Et
1519 1901 1694 1931 utrumque
1721 1891 1811 1925 hunc
1821 1904 1966 1928 errorem
1977 1893 2143 1929 Pontifex

1247 1939 1331 1975 recte
1350 1939 1456 1974 edixit
1479 1939 1649 1984 impegisse
1674 1939 1709 1972 in
1732 1937 1969 1982 Apostolicum
2008 1943 2143 1987 symbo-

1247 1990 1318 2023 lum
1344 2013 1351 2020 .
1392 1988 1498 2036 Qod
1523 1989 1660 2022 Sanstus
1680 1988 1832 2031 Cyrillus
1853 1990 1944 2025 hunc
1963 1993 2142 2027 articulum

1247 2037 1536 2082 comprehenderit
1550 2036 1609 2072 sub
1624 2036 1746 2080 verbis,
1776 2042 1822 2071 Et
1847 2038 1984 2082 sepultus
2006 2041 2066 2082 est,
2093 2040 2144 2077 est

1247 2090 1392 2124 omnino
1409 2099 1543 2130 verum.
1570 2086 1672 2135 Quod
1696 2097 1814 2122 omnes
1824 2089 2013 2125 Orientales
2032 2089 2145 2126 Eccle—

1248 2140 1297 2174 fiae
1313 2138 1399 2174 istud
1410 2134 1567 2179 fecerint,
1594 2139 1697 2173 etiam
1710 2137 1865 2173 Ruffiuus
1885 2139 2045 2175 affirmat.
2073 2140 2146 2176 Ad·

1248 2190 1338 2224 ducti
1360 2190 1396 2224 in
1410 2187 1644 2234 Apostolicum
1666 2188 1858 2232 symbolum
1878 2190 2047 2226 sermones
2069 2201 2141 2226 non

1250 2241 1326 2275 sunt
1339 2239 1445 2275 Sancti
1457 2239 1595 2283 Joannis
1607 2238 1838 2283 Chrysostomi
1849 2266 1860 2282 ,
1885 2240 1941 2275 sed
1954 2242 2067 2277 nescio
2085 2251 2143 2276 cu-

1248 2291 1299 2334 jus
1312 2291 1426 2326 Latini
1444 2314 1452 2322 .
1479 2289 1586 2324 Olent
1601 2289 1815 2325 Gallicanum
1827 2291 1951 2333 stylum
1964 2301 2002 2326 ac
2018 2291 2139 2326 ritum.

1251 2341 1385 2374 Etenim
1397 2339 1614 2374 Antiochen:
1628 2363 1640 2381 ,
1665 2351 1764 2385 quam
1776 2341 1909 2376 Sanetus
1921 2342 2063 2384 Ioannes
2083 2340 2144 2378 ad*

1248 2386 1314 2422 huc
1336 2388 1509 2429 Presbyter
1523 2387 1638 2422 docuit
1651 2412 1662 2428 ‚
1690 2390 1835 2424 Ecclesia
1846 2391 1910 2425 suis
1921 2390 2142 2426 Catechume·

1249 2438 1301 2472 nis
1322 2436 1457 2473 tradidit
1480 2448 1550 2472 non
1575 2436 1810 2481 Apostolicum
1833 2440 2024 2483 symbolum
2046 2465 2056 2480 ‚
2083 2441 2140 2477 sed

1250 2487 1669 2532 constantinopolitanum
1682 2513 1690 2522 .
1719 2488 1840 2523 Statim
1856 2489 1894 2523 id
1902 2489 2143 2526 demonstrabi-

1249 2549 1320 2575 tur.
1350 2538 1642 2588 Qod&Regia‚
1668 2549 1768 2583 quam
1794 2540 1936 2581 Joannes
1957 2538 2141 2586 Episcopus

1249 2590 1391 2631 docuit,
1416 2589 1531 2624 civitas
1559 2587 1645 2623 istud
1672 2587 1842 2624 tradiderit
1855 2589 2064 2633 symbolum,
2091 2590 2140 2626 est

1251 2639 1352 2686 longe
1372 2639 1585 2675 certiffimum
1601 2663 1609 2672 .
1636 2638 1727 2674 Nam
1740 2640 1774 2674 ἀ
1790 2639 1856 2675 hoe
1879 2640 1944 2675 fuit
1966 2639 2012 2674 ibi
2025 2641 2140 2676 condi·

1249 2701 1341 2726 tum.
1367 2691 1465 2739 Qin
1488 2690 1521 2724 δε
1546 2689 1598 2724 isti
1626 2691 1790 2724 sermones
1814 2701 1883 2725 non
1895 2691 1972 2724 sunt
1993 2690 2140 2734 ejusdem

1250 2740 1414 2777 authoris.
1442 2740 1577 2774 Etenim
1593 2741 1715 2784 primus
1739 2751 1807 2774 non
1830 2740 1952 2782 habet,
1978 2739 2138 2776 secundun

1251 2793 1350 2828 habet
1362 2791 1561 2826 articulum:
1588 2788 1751 2834 Descendit
1770 2792 1817 2824 ad
1839 2791 1970 2833 inferos.
1998 2791 2136 2827 Interim

1251 2844 1351 2879 ambo
1373 2843 1536 2877 omittunt
1561 2853 1675 2876 voces:
1704 2846 1882 2875 Creatorem
1894 2843 2135 2879 c'oelieterrae.

1253 2896 1295 2928 Et
1308 2903 1442 2928 vocem:
1470 2890 1673 2926 Catholicum.
1689 2893 1732 2926 Et
1742 2892 1844 2927 ambo
1854 2890 2004 2927 habeut.-
2025 2896 2139 2940 ‘Natus

1250 2945 1287 2985 est
1311 2946 1347 2978 de
1368 2946 1483 2987 spiritu
1507 2943 1636 2984 samso,
1661 2953 1699 2976 ex
1722 2946 1829 2976 Marta
1843 2946 1968 2987 Virgine
1989 2966 1997 2974 .
2025 2940 2139 2976 Etiam

1251 3005 1370 3030 voces:
1399 2998 1443 3028 Et
1456 2999 1554 3027 vitam
1577 3003 1724 3028 aeternam
1738 3019 1745 3026 .
1774 2989 1827 3027 Eit
1850 3000 1919 3037 quo
1940 2992 2029 3025 lucet
2050 2991 2139 3034 ipsos

1250 3047 1313 3080 effe
1329 3046 1404 3081 satis
1414 3044 1590 3087 antiquos.
1619 3045 1688 3079 Eos
1701 3056 1744 3079 ex
1754 3041 2011 3086 SanffiJoannis
2033 3041 2140 3085 operi-

1250 3097 1309 3131 bus
1332 3094 1451 3131 merito
1462 3095 1624 3138 expunxit
1637 3094 1947 3130 Fronto-Dueaeus.
1974 3090 2138 3127 Ariara-

1248 3158 1336 3182 trum
1360 3146 1548 3182 testimonia
1562 3157 1631 3180 non
1658 3142 1814 3191 agunt-de
1824 3141 1930 3176 verbis
1947 3152 2003 3176 aut
2016 3142 2139 3175 sormu-

1249 3198 1279 3232 la
1305 3196 1470 3241 symboli,
1499 3194 1554 3231 sed
1580 3197 1622 3231 de
1636 3193 1832 3239 Evangelica
1844 3192 1981 3227 veritate
1999 3204 2010 3224 .·
2038 3190 2137 3225 Affir-

1248 3259 1341 3284 mant
1364 3249 1448 3283 inter
1471 3244 1568 3291 hujus
1588 3246 1743 3282 articulos
1769 3241 1982 3277 effe&hunc
2004 3238 2136 3275 descen-

1237 3300 1339 3334 Tum.
1369 3297 1472 3346 Qod
1483 3299 1583 3334 etiam
1597 3295 1751 3331 Ruffinus
1775 3293 1839 3327 fuit
1852 3291 2026 3337 professus.
2054 3291 2136 3339 Qo

1248 3359 1358 3384 autem
1372 3359 1541 3394 tempore,
1567 3356 1635 3392 quo
1647 3343 1840 3386 PondEce,
1866 3342 1901 3378 ἀ
1911 3353 1976 3388 qua
1992 3343 2134 3378 occasio·

2043 3403 2087 3427 ne
