2346 3724
131 1064 208 1101 Cap.
229 1073 264 1093 12

122 1105 271 1140 i3.&14.

371 218 460 262 168
849 218 1181 262 Seno

1249 231 1276 260 ·L
1346 233 1362 262 1
1435 231 1467 261 O
1540 231 1569 261 N

304 304 347 336 da
359 300 589 341 christianorum
612 299 738 335 auribus
761 301 798 333 de
824 299 875 332 boc
896 308 1065 342 exponens.
1093 299 1186 333 Nota
1227 307 1329 341 zeum,
1356 302 1438 335 &ex
1449 306 1488 333 iis
1504 299 1711 344 sermonibus,
1736 308 1789 347 qui
1798 305 1884 347 apud
1890 316 1956 338 eum
1968 304 2120 349 observati

304 351 420 386 verba:
447 348 682 393 Conscriptorem
704 353 769 392 ejus
783 374 793 390 ‚
819 352 855 382 id
865 349 903 388 est
916 373 927 389 ‚
955 352 1101 391 spiritum
1113 352 1185 382 San·
1227 336 1230 378 l
1239 348 1331 392 sunt,
1358 353 1521 385 Domini&
1536 351 1658 393 Apostoli·
1669 376 1679 393 ‚
1702 355 1810 395 quibus
1822 354 1883 397 ipse
1894 362 2010 396 utitur,
2037 368 2121 390 ever-

303 402 403 438 Bum-
431 400 612 436 Affirmant
628 412 697 434 non
719 402 786 434 sola
807 400 904 432 Sensa
918 423 930 439 ,
956 399 1010 435 sed
1033 401 1068 434 &
1090 400 1187 434 verba

303 452 396 486 istius
414 451 491 486 libri
511 452 601 485 essea
613 450 731 494 Spiritu
747 451 866 484 Sansto
886 449 919 484 &
931 449 1050 486 distata
1061 449 1097 483 δε
1108 462 1184 484 con·

303 503 435 547 scripta.
467 502 560 535 Hinc
580 502 722 535 eundem
735 500 959 536 Theodorum
982 499 1125 545 graviter
1146 512 1184 534 ac

301 552 422 587 merito
437 553 547 596 culpat
567 551 682 587 eadem
704 550 879 594 Synodus,
905 549 995 594 quod
1008 549 1183 587 proverbia

300 615 342 638 ac
368 601 578 637 Ecclesiasten
601 601 950 636 dixiffetasalomone
976 602 1181 645 conscripta,

298 665 370 688 non
392 665 447 698 per
467 652 651 695 Prophetiae
671 650 840 685 Charisma
855 676 866 692 ,
893 651 946 685 sed
965 663 1021 697 per
1041 652 1179 696 gratiam

297 703 452 739 humanae
472 702 666 746 prudentiae.
693 702 743 736 lta
764 702 989 736 enim&istos
1008 701 1109 737 libros
1122 702 1179 736 im·

297 755 372 797 pius
393 754 595 789 Theodorus
617 752 977 795 expunxiteCanone.
999 753 1104 802 Qiod
1127 762 1180 787 et-

295 804 362 839 iam
374 804 476 839 libros
491 803 617 845 Esdrae,
644 802 744 837 libros
764 802 1042 849 Paralipomenon
1057 827 1070 844 ,
1094 801 1180 838 Psal-

296 866 430 889 morum
451 853 567 889 titulos
589 865 627 887 ac
647 854 892 897 inscriptiones,
921 864 1052 887 necnon
1069 853 1175 889 &Ca-

296 904 459 946 tholicas,
479 904 648 948 prasertim
660 904 767 937 saneti
781 904 895 947 Jacobi
907 929 917 945 ,
945 903 1098 948 epistolas
1109 915 1178 948 pro-

295 955 456 997 scripserit
469 980 479 993 ,
502 955 535 987 in
551 954 647 987 tertio
665 964 780 988 contra
792 953 1008 989 Nestorianos
1022 966 1060 988 ac
1074 955 1178 997 Euty-

292 1003 432 1038 chianos
453 1004 539 1037 libro
560 1003 696 1041 testatur
708 1004 868 1042 Leontius
879 1003 1099 1040 Scholasticus
1113 1004 1178 1048 By·

293 1055 448 1092 zantinus
468 1079 474 1085 .
503 1055 546 1088 Et
567 1053 702 1097 quidem
724 1053 901 1089 Theodoti
926 1055 960 1088 in
983 1055 1091 1090 Sancti
1113 1054 1176 1100 Job

291 1104 505 1148 Prophetiam
530 1103 644 1138 odium
667 1104 730 1139 fuit
741 1114 894 1146 tantum,
920 1115 957 1138 ut
979 1116 1108 1149 propter
1130 1106 1176 1149 ip-

292 1157 358 1191 sam
371 1154 524 1198 abjecerit
534 1155 632 1188 etiam
644 1154 814 1198 epistolam
827 1155 933 1189 Sansti
946 1155 1069 1201 Jacobi.
1083 1156 1173 1203 Qia

290 1204 411 1250 nempe
435 1204 503 1239 haec
524 1204 658 1249 epistola
697 1205 807 1239 laudat
828 1204 922 1239 istam
946 1204 1171 1250 prophetiam.

291 1257 336 1290 Et
361 1266 441 1290 nota
464 1253 554 1297 quod
570 1255 732 1291 Leontius
746 1254 937 1290 Catholicas
947 1256 1101 1301 epistolas
1123 1267 1173 1299 ap-

289 1305 386 1351 pellet
399 1306 605 1340 Canonicas.
635 1305 856 1351 Qodipsum
879 1306 913 1339 in
937 1308 994 1340 suo
1007 1308 1172 1350 Martyro-

288 1356 383 1400 logio
399 1355 479 1389 facit
501 1356 635 1389 Sanstus
654 1353 734 1388 Ado
747 1354 1050 1399 Archi-Episcopus
1070 1355 1174 1389 Vien-

286 1406 397 1439 nensis
419 1430 426 1437 .
457 1405 569 1454 Qare
590 1415 796 1448 nequaquam
826 1404 997 1445 novellus,
1024 1405 1078 1438 sed
1101 1404 1172 1437 infi-

285 1455 397 1502 gniter
409 1456 565 1498 antiquus
585 1454 630 1489 est
655 1453 714 1486 iste
727 1452 860 1486 titulus.
889 1454 996 1486 Porro
1008 1451 1169 1489 Theodo-

285 1517 341 1540 rus
362 1515 431 1538 non
448 1504 489 1538 ad
504 1505 558 1538 sua
570 1502 763 1537 stabilienda
784 1503 940 1548 dogmata
961 1504 1108 1547 prorupit
1134 1505 1169 1538 i'n

278 1553 380 1590 'istam
393 1554 563 1589 audaciam
574 1579 584 1594 ‚
613 1554 664 1587 sed
677 1565 716 1586 ex
731 1563 819 1587 mera
834 1554 1012 1596 petulantia
1026 1553 1169 1598 ingenii.

285 1605 343 1639 Est
371 1604 559 1649 petulantia·
572 1603 653 1637 adeo
676 1603 830 1644 infamis,
857 1611 893 1637 ut
914 1614 1030 1638 omues
1058 1604 1168 1647 passim

285 1655 431 1690 haeretici
454 1655 495 1689 ab
518 1654 581 1698 ipsa
594 1653 809 1688 abhorreant.
835 1652 980 1687 Timent
1001 1653 1125 1697 lapides
1136 1653 1171 1686 fi-

284 1707 367 1741 'delis
380 1706 492 1750 populi
506 1728 514 1736 .
535 1705 579 1737 Et
591 1713 701 1737 tamen
718 1705 752 1737 in
765 1704 867 1747 ipsam
889 1703 1034 1748 prosilire
1051 1714 1118 1738 non
1133 1706 1174 1737 ti·

284 1758 439 1790 muerunt
460 1755 628 1789 Martinus
650 1753 814 1789 Lutherus
838 1766 875 1788 ac
899 1755 1043 1798 Joannes
1062 1753 1170 1788 Calvi·

285 1818 347 1841 nus
357 1832 364 1838 .
396 1807 467 1850 Ipsa
484 1805 550 1838 sola
564 1804 683 1839 sufficit
694 1804 734 1838 ad
747 1815 804 1838 eos
818 1812 878 1837 nec
889 1797 1090 1838 audiendos‘.
1104 1803 1169 1836 Pri-

285 1868 378 1891 mum
391 1855 579 1900 petulantiae
590 1865 628 1887 ac
642 1853 783 1887 audaciae
794 1852 966 1889 authorem
993 1854 1090 1887 fuine
1100 1853 1170 1887 Do-

285 1905 444 1946 atheum,
476 1904 634 1940 Saducaeae
655 1902 741 1947 apud
752 1903 879 1947 Judaeos
901 1902 1024 1938 haeresis
1045 1901 1168 1936 Princi-

285 1969 360 2000 pem
380 1980 391 1995 ,
427 1957 567 1990 affirmat
591 1955 626 1988 in
647 1950 783 1997 dialogo
805 1962 917 1987 contra
940 1953 1169 1989 Luciferianos

142 2007 219 2046 Cap.
237 2010 252 2036 8
284 2007 420 2040 sanctus
442 2006 688 2045 Hieronymus.
717 2004 788 2037 Hic
810 2003 1048 2046 Prophetarum
1071 2001 1170 2036 libros

284 2054 481 2100 proscribere
501 2053 714 2097 praesufflpfit‚
733 2054 766 2087 ἀ
780 2053 885 2090 solum
906 2052 1168 2088 pentateuchum

280 2106 472 2145 admittere.

351 2240 407 2288 Et
422 2236 460 2302 fi
485 2233 577 2302 quus
594 2223 758 2301 recipi&
784 2251 853 2282 non
883 2227 1022 2300 recipit
1041 2237 1099 2280 in·-

589 2320 713 2372 tegras
727 2340 740 2366 ‚
775 2309 867 2353 &a

330 2435 459 2493 Dono}
480 2456 550 2500 agit
574 2451 855 2491 inMarcionem,
882 2449 925 2485 de
946 2460 1014 2493 quo
1037 2451 1170 2484 Sanetus

1241 399 1345 439 fionem
1372 405 1442 443 ejus
1456 402 1608 443 faciemus
1630 426 1641 442 ,
1668 403 1832 444 praestante
1850 408 1912 438 Deo
1931 431 1938 438 .
1967 407 2123 442 Affirmat

1242 450 1329 486 duo.
1357 451 1493 492 Primo,
1519 450 1607 496 quod
1621 452 1743 496 primus
1765 453 1855 488 istius
1864 457 2021 491 sceleratae
2033 468 2122 492 trun-

1216 510 1218 513 ·
1240 502 1386 536 cationis
1407 502 1596 537 temerarius
1613 512 1792 537 attentator
1818 505 1913 539 fuerit
1935 506 2089 542 Marcion
2111 533 2121 541 ,

1241 552 1417 593 Secundo,
1445 553 1536 597 quod
1557 564 1626 586 non
1651 553 1786 596 provide
1807 559 2019 591 truncaverit.
2046 559 2122 592 Eten

1242 601 1311 634 nim
1331 602 1390 636 ista
1403 626 1414 642 ‚
1441 615 1511 647 quae
1528 615 1571 637 ex
1583 603 1691 637 Sanffi
1709 603 1807 638 Lucae
1823 605 2006 651 Evangelio
2028 620 2066 642 ac
2078 618 2121 642 ex

1240 651 1347 685 saneti
1359 651 1453 687 Pauli
1462 652 1578 688 decem
1591 653 1738 698 epistolis
1749 655 1890 698 permifit
1901 655 2039 703 integra,
2057 658 2121 701 ple-

1241 701 1367 736 nissime
1388 703 1553 746 sufficiunt
1572 705 1614 738 ad
1634 703 1702 746 ejus
1728 704 1959 741 omnimodam
1981 708 2121 742 eversio-

1240 763 1315 787 nem
1327 776 1334 784 .
1363 752 1467 800 Qiod
1479 753 1565 787 istud
1585 755 1713 790 facinus
1723 755 1846 798 primus
1854 759 2022 792 attentarit
2034 759 2122 792 Mar-

1240 803 1318 837 cion
1334 827 1344 843 ,
1369 803 1404 836 in
1425 804 1514 838 sexta
1527 802 1694 839 Catechefi
1717 805 1851 841 testatur
1869 808 1968 842 etiam
1988 810 2122 843 Sanetus

1235 852 1385 895 Cyrillus
1397 854 1581 898 Episcopus
1589 854 1919 899 Hierosolymitanus
1935 869 1943 888 :
1969 862 2122 899 Marcion,

1238 915 1301 936 cum
1322 902 1491 944 testimoniis
1504 904 1620 939 Veteris
1631 905 1806 946 Testamenti
1828 910 1864 940 in
1874 911 1968 941 Novo
1987 913 2122 942 recitatis

1236 964 1437 999 coargueretur
1447 966 1482 988 ac
1493 955 1679 998 refelleretur
1692 981 1703 997 ,
1723 962 1846 998 primus
1864 956 2002 1001 effaiesus
2020 970 2058 992 ea
2069 970 2122 992 ex-

1234 1003 1368 1047 scindere
1379 1004 1543 1045 testimoma
1556 1029 1568 1046 ,
1594 1007 1629 1039 ὁ·
1642 1007 1714 1049 fidei
1732 1006 1895 1050 sermonem
1907 1033 1920 1050 ‚
1945 1014 1996 1051 qui
2006 1020 2123 1042 annun-

1238 1060 1364 1088 tiaretur
1375 1079 1387 1095 ,
1409 1057 1487 1089 nullo
1495 1056 1701 1099 confirmatum
1714 1059 1879 1092 dtmittere.
1908 1058 2000 1093 Idem
2011 1058 2122 1095 scribit

1238 1105 1273 1138 in
1287 1104 1432 1139 secundo
1442 1116 1557 1140 contra
1569 1105 1704 1140 Celsum
1716 1107 1802 1141 libro
1812 1108 1976 1152 Origenes
1989 1133 1995 1140 .
2025 1108 2123 1142 Anti·

1236 1165 1337 1198 quum
1349 1155 1602 1190 Testamentum
1613 1168 1651 1191 ac
1662 1157 1731 1200 ejus
1752 1158 1925 1192 authorem
1939 1158 2050 1192 Deum
2063 1159 2122 1192 im-

1238 1205 1395 1248 pudorate
1416 1204 1657 1250 blasphemavit
1681 1207 1836 1241 Marcion
1858 1220 1866 1240 ε
1905 1207 2000 1242 Hinc
2022 1209 2057 1243 ὃ(
2077 1219 2121 1242 ex

1238 1253 1422 1300 Evangelio
1441 1281 1452 1297 ,
1478 1256 1513 1289 ὃ(
1527 1268 1568 1290 ex
1591 1257 1700 1291 Sancti
1721 1255 1818 1291 Pauli
1835 1257 1982 1299 epistolis
2004 1257 2120 1293 abrasit

1234 1306 1349 1339 omnia
1361 1317 1402 1339 ex
1417 1306 1477 1339 illo
1495 1306 1594 1341 citata
1606 1330 1618 1347 ,
1643 1307 1677 1341 &
1689 1307 1730 1340 ad
1742 1306 1834 1341 Novi
1845 1307 2053 1343 Testamenti
2064 1309 2122 1341 do·

1235 1354 1371 1388 &tinam
1393 1355 1655 1389 confirmandam
1678 1354 1806 1390 laudata
1831 1356 2021 1390 testimonia
2039 1380 2046 1389 .
2076 1357 2122 1391 Et

1235 1401 1304 1436 haec
1314 1402 1360 1436 est
1372 1403 1456 1438 ratio
1466 1428 1477 1445 ,
1502 1413 1560 1438 eur
1570 1403 1743 1448 epistolam
1755 1406 1796 1440 ad
1809 1405 1966 1440 Hebraeos
1975 1406 2122 1441 omnino

1235 1451 1388 1496 abjecerit
1403 1479 1410 1485 .
1437 1454 1528 1500 Qia
1542 1454 1658 1498 nempe
1675 1455 1745 1489 istis
1766 1456 1965 1491 testimoniis
1985 1457 2054 1500 ipsa
2074 1456 2122 1491 est

1235 1504 1453 1537 referriffima.
1483 1505 1573 1551 Qia
1597 1505 1664 1538 istis
1676 1506 1931 1549 t0tainnititur.
1958 1507 2053 1540 Hinc
2063 1506 2121 1541 du·

1234 1553 1283 1585 xit
1305 1564 1373 1587 non
1395 1554 1646 1598 corrigendam,
1673 1555 1724 1590 sed
1749 1555 1846 1598 plene
1867 1555 2087 1599 abjiciendam
2110 1581 2118 1590 .

1238 1603 1293 1637 Est
1309 1603 1328 1639 ὸ,
1343 1602 1471 1646 perfidis
1488 1604 1603 1647 Judaeis
1623 1603 1816 1639 inchoatum
1839 1606 1983 1640 facinus.
2014 1606 2118 1652 Quod

1235 1653 1282 1686 illi
1294 1665 1334 1686 ex
1347 1654 1551 1697 septuaginta
1564 1655 1780 1698 Interpretum
1801 1656 2015 1690 translatione
2029 1656 2120 1691 mule

1235 1713 1284 1746 tos
1299 1713 1336 1736 ac
1347 1704 1492 1747 integros
1514 1705 1554 1737 de
1566 1705 1761 1738 incarnandi
1774 1729 1784 1744 ,
1811 1706 1845 1739 &
1857 1718 1917 1748 pro
1929 1704 2024 1740 nobis
2048 1717 2121 1740 cru·

1233 1751 1388 1796 cifigendi
1406 1753 1528 1787 Divini
1542 1754 1645 1788 Verbi
1668 1756 1882 1789 Sacramento
1910 1756 2005 1790 locos
2014 1754 2121 1790 abstu-

1234 1803 1331 1836 letint
1342 1826 1352 1842 ,
1379 1803 1512 1836 testatur
1524 1804 1558 1837 in
1571 1804 1709 1849 dialogo
1722 1815 1798 1839 curn
1810 1803 2000 1849 Tryphone
2011 1806 2119 1851 Judeo

1233 1853 1366 1886 sanetus
1393 1853 1525 1895 Martyr
1547 1854 1706 1896 justinus.
1736 1855 1888 1890 Marcion
1912 1856 1978 1890 fuit
1997 1857 2120 1901 primus

1233 1912 1409 1936 attentator
1420 1902 1507 1945 apud
1518 1901 1725 1937 Christianos
1735 1928 1743 1934 .

1285 1951 1362 1995 Ejus
1374 1952 1407 1986 in
1420 1953 1527 1987 Sanffi
1542 1952 1640 1987 Lucae
1653 1953 1875 1997 Evangelium
1900 1956 2033 1989 audacia
2054 1957 2118 1991 fuit

1233 2002 1318 2035 varia
1331 2026 1338 2033 .
1357 2001 1464 2044 Ipsam
1485 2002 1635 2037 accurate
1653 2013 1819 2047 exponere
1840 2015 1911 2038 non
1937 2007 2054 2048 spectat
2074 2007 2116 2040 ad

1232 2052 1364 2094 praesens
1375 2050 1583 2095 Propositum
1593 2077 1600 2086 .
1630 2052 1712 2086 Eam
1725 2053 1801 2086 vide
1814 2055 1900 2096 apud
1910 2054 2118 2090 Tertulliani

1231 2101 1266 2134 in
1282 2101 1387 2144 ipsum
1401 2101 1502 2135 libros
1513 2127 1523 2142 ‚
1550 2113 1587 2135 ac
1602 2102 1686 2145 apud
1701 2103 1853 2135 Sanctum
1867 2101 2092 2146 Epiphaniam
2106 2119 2118 2145 i

1230 2151 1321 2194 cujus
1335 2151 1400 2185 haec
1413 2153 1489 2185 sunt
1513 2151 1660 2187 notanda
1680 2151 1776 2186 verba
1791 2166 1802 2184 .·
1829 2155 1876 2184 Et
1895 2155 2017 2195 quidem
2036 2157 2120 2187 Mar-

1230 2208 1321 2235 cionis
1343 2203 1392 2236 ille
1415 2202 1489 2235 liber
1508 2204 1714 2246 Evangelium
1733 2201 1894 2245 secundum
1920 2205 2034 2236 Lucam
2053 2203 2119 2244 stylo

1231 2250 1293 2294 ipso
1314 2251 1426 2294 referre
1447 2253 1594 2292 videtur,
1620 2262 1654 2285 ut
1676 2261 1778 2286 autem
1795 2252 1836 2285 ab
1861 2264 1893 2286 eo
1913 2255 2070 2287 mutuatus
2080 2253 2120 2294 est

1230 2307 1318 2335 initio
1333 2326 1344 2342 ,
1368 2303 1464 2336 medlo
1484 2314 1518 2336 ac
1537 2303 1602 2345 fine
1613 2304 1808 2342 decurtatus,
1837 2302 2008 2346 &corrofiei
2028 2310 2118 2339 tineis

1228 2353 1359 2393 undique
1370 2352 1540 2392 vestimenti
1545 2352 1716 2394 simillimus
1730 2352 1783 2392 est.
1805 2352 1851 2388 Et
1862 2353 2014 2400 adjungit
2025 2354 2119 2396 qudd

1229 2399 1504 2434 abundantiffima
1526 2402 1565 2433 ad
1580 2403 1627 2433 sui
1644 2403 1843 2436 everfionem
1856 2403 2070 2438 fundamenta
2081 2406 2118 2438 in

1231 2451 1299 2493 ipso
1316 2449 1483 2493 reliquerit
1494 2449 1646 2483 Marcion
1661 2474 1671 2488 ,
1697 2451 1846 2494 adeoque
1856 2451 2037 2487 stultiffime
2047 2465 2119 2488 cor-

1231 2500 1346 2534 rexerit
1358 2522 1366 2531 ·
1395 2499 1468 2534 Nec
1480 2498 1692 2534 solummodo
1710 2501 1874 2534 truncavit
1885 2524 1896 2542 ,
1924 2502 1979 2535 sed
1991 2503 2025 2536 δε
2037 2503 2093 2537 illa
2105 2517 2118 2544 5

1231 2562 1298 2594 quae
1320 2549 1476 2593 reliquit,
1503 2550 1651 2584 vitiavit.
1685 2549 1874 2585 Audiamus
1898 2551 2052 2587 Sanctum
2064 2553 2118 2587 lfi-

1230 2603 1347 2634 dorum
1358 2600 1559 2635 Pelusiotem
1573 2600 1607 2633 in
1621 2600 1738 2634 litteris
1748 2599 1789 2634 ad
1801 2599 2027 2645 Pansophium
2037 2627 2045 2635 .
2058 2605 2118 2638 Af-

1230 2652 1338 2685 firmat
1349 2662 1450 2686 omne
1464 2650 1507 2685 de
1527 2649 1671 2684 humana
1684 2651 1828 2685 Domini
1839 2652 2054 2695 generatione
2063 2664 2119 2687 ex·

1230 2702 1362 2735 ordinm
1374 2702 1437 2735 esse
1452 2700 1597 2735 ablatum
1620 2702 1654 2734 in
1670 2701 1789 2735 Sanno
1801 2701 1893 2736 Luca
1906 2726 1917 2742 ,
1944 2702 1979 2735 ὅτ
1990 2703 2120 2745 subjun-

1231 2752 1279 2797 git
1296 2764 1302 2783 ε
1327 2752 1419 2784 Paulo
1432 2752 1547 2795 longius
1554 2751 1719 2795 progressus
1736 2752 1831 2785 allam
1852 2753 1958 2785 rursus
1978 2753 2117 2794 improbi·
2134 2753 2192 2784 Lib.
2209 2764 2231 2783 ι.

1230 2812 1325 2835 tatem
1355 2800 1509 2844 conspicies
1543 2826 1551 2833 .
1588 2805 1786 2835 commutatis
1809 2808 1890 2835 enim
1923 2802 1974 2836 his
1996 2806 2118 2836 Domini
2134 2803 2176 2833 εΡ·
2186 2804 2255 2831 37¹·

1231 2852 1334 2886 verbis
1349 2876 1360 2892 ,
1387 2852 1470 2886 Non
1486 2852 1562 2886 veni
1583 2853 1746 2887 destruere
1771 2852 1878 2897 legem
1896 2862 1953 2886 aut
1973 2851 2118 2902 Prophe·
2238 2853 2242 2857 “

144 2503 208 2535 Hb·
222 2514 246 2533 ¹·
283 2508 437 2542 Irenaeus:
466 2510 600 2539 Marcion
620 2505 657 2535 id
667 2527 677 2542 ,
703 2503 783 2545 quod
791 2500 831 2541 est
849 2499 1011 2543 secundum
1032 2503 1169 2540 Lucam,

143 2553 210 2582 ⁶³1³·
221 2556 265 2582 ²9·
284 2559 488 2600 evangelium
498 2555 693 2592 circumcidit,
721 2555 756 2586 (ν
768 2553 832 2585 alia
844 2563 901 2594 quq
915 2549 988 2593 sunt
1000 2552 1037 2584 de
1043 2562 1168 2595 genera-

285 2615 362 2642 tione
386 2611 506 2639 Domini
525 2603 689 2646 conscripta
703 2628 714 2643 ,
739 2602 840 2642 aufert
864 2626 872 2633 .
899 2605 947 2634 Et
972 2602 1010 2635 de
1037 2600 1170 2634 doc'i‘rina

283 2662 455 2692 Sermonum
470 2659 589 2688 Domini
599 2655 694 2685 multa
705 2651 804 2693 aufert
818 2676 828 2691 ‚
853 2658 888 2685 in
912 2651 1020 2694 quibus
1043 2651 1170 2694 manife-

278 2709 393 2750 ssiffim‘e
412 2707 590 2740 conditorem
602 2703 690 2743 hujus
707 2701 913 2744 univerfitatis
933 2700 1021 2745 suum
1046 2705 1171 2735 Patrem

282 2758 423 2801 confitens
448 2760 596 2788 Dominus
618 2754 797 2799 conscriptus
815 2751 854 2793 est
871 2778 878 2784 .
906 2750 1099 2795 Semetipsum
1119 2752 1170 2795 effe

283 2814 485 2847 veraciorem,
511 2807 603 2848 qudm
618 2801 691 2846 sunt
701 2803 734 2835 bi
746 2827 757 2842 ,
783 2808 836 2845 qui
848 2804 1055 2846 Evangelium
1076 2804 1170 2835 tradi-

283 2862 390 2892 derunt
412 2857 555 2899 Apostoli,
575 2852 666 2898 suafit
688 2851 844 2896 discipulis
863 2851 948 2896 suis,
977 2866 1034 2887 non
1063 2856 1170 2887 Evan-

279 2909 391 2952 gelium
408 2933 418 2948 ,
443 2908 498 2951 sed
504 2905 671 2949 Evangelii
677 2905 868 2946 particulam
893 2905 1022 2937 tradens
1033 2909 1077 2937 eis
1091 2929 1098 2935 .
1126 2906 1167 2936 si-

283 2959 397 2991 militer
407 2967 503 2989 autem
514 2959 548 2990 <⁸5
562 2954 681 2999 Apostoli
695 2955 786 2987 Pauli
797 2953 929 2995 epistolas
942 2953 1070 2997 abscidit
1080 2978 1091 2993 ,
1118 2965 1168 2986 au-

278 3008 385 3053 ferens
396 3018 585 3049 quaecumque
597 3003 753 3046 manifeste*
762 3003 848 3037 drea
860 3002 929 3044 sunt
941 3004 981 3037 ab
996 3004 1124 3046 Apostolo
1135 3004 1173 3036 de

283 3070 316 3093 eo
329 3062 410 3098 Deo,
438 3062 488 3099 qui
499 3058 643 3089 mundum
657 3055 736 3097 fecit
745 3079 757 3095 ,
783 3058 924 3097 quoniam
949 3053 998 3086 hic
1008 3056 1102 3088 Pater
1113 3057 1174 3088 Do·

284 3114 362 3143 mini
372 3107 462 3148 nostri
473 3105 706 3149 JESU-Cbristi
718 3103 756 3145 est
765 3128 777 3145 ,
803 3106 837 3138 Θ·
848 3114 1026 3146 quecumque
1048 3115 1086 3137 ex
1099 3107 1169 3136 Pro·

280 3159 387 3203 phem
408 3166 585 3190 memoratus
600 3156 749 3198 Apostolus
773 3155 868 3188 docuit
886 3153 1169 3196 praenuntiantibus

286 3212 458 3244 adventum
473 3210 543 3239 Dei.
571 3206 672 3252 Qod
699 3207 806 3250 ipsum
824 3203 936 3238 scribit
947 3203 980 3238 ὃ(
991 3204 1025 3237 in
1038 3203 1111 3237 aliis
1125 3205 1170 3237 lo—

287 3260 359 3299 cis,
386 3268 483 3302 atque
506 3255 672 3300 adjungit:
702 3257 761 3290 Sed
780 3259 926 3289 Marcioni
948 3255 1088 3295 quidem,
1106 3264 1171 3296 quo·

289 3314 373 3340 mam
397 3310 431 3342 er
450 3307 528 3351 solus
542 3306 696 3348 manifeste
717 3304 807 3349 ausus
828 3305 865 3346 est
882 3305 1085 3338 circumcidere
1097 3307 1172 3337 Scri·

287 3365 400 3399 pturas
412 3382 423 3397 ‚
447 3361 480 3390 Θ
491 3357 678 3397 impudorate
683 3355 773 3399 super
784 3366 883 3389 omnes
893 3354 1055 3387 obtreuare
1066 3357 1172 3393 Deum,

288 3406 401 3455 seorsim
423 3409 654 3442 contradicemus
675 3430 686 3447 ‚
725 3418 763 3439 ex
780 3406 846 3448 ejus
866 3408 996 3448 Scriptis
1016 3414 1170 3449 arguentes

1231 2912 1303 2944 tas,
1323 2901 1364 2945 fic
1375 2901 1546 2943 effi-cerunt:
1575 2903 1670 2949 Qd
1691 2903 1832 2946 putatis?
1857 2903 1959 2951 Quid
1973 2903 2116 2938 venerim

1233 2965 1268 2987 ut
1290 2953 1397 2998 legem
1410 2965 1448 2987 ac
1458 2950 1639 2996 Prophetas
1659 2952 1900 2997 adimplerem?
1927 2953 2015 2986 Veni
2027 2963 2063 2986 ut
2085 2963 2118 2987 e-

1233 3014 1388 3038 verterem
1399 3027 1411 3043 ,
1438 3015 1508 3038 non
1531 3014 1568 3037 ut
1590 3003 1776 3046 explerem:
1804 3007 1879 3036 Hinc
1899 3011 1999 3035 autem
2008 3002 2117 3035 intelli-

1228 3067 1282 3099 ges
1295 3079 1305 3095 ,
1331 3065 1459 3096 quonam
1466 3054 1554 3095 paeto
1565 3059 1757 3087 inimicitiam
1769 3060 1848 3086 inter
1857 3053 1912 3084 duo
1922 3050 2115 3090 Testamenta

1233 3107 1393 3138 moliantur
1408 3127 1418 3143 ,
1444 3103 1592 3143 Christum
1602 3106 1623 3137 ἃ
1636 3106 1697 3149 lege
1710 3106 1840 3138 alienum
1850 3099 1903 3143 effe
1910 3100 2115 3145 confingentes.

1236 3156 1345 3189 Etiam
1380 3155 1489 3189 santii
1516 3153 1612 3188 Pauli
1640 3155 1792 3198 epistolas
1814 3161 1884 3185 non
1906 3152 2118 3187 solummodo

1235 3206 1396 3240 truncavit
1410 3205 1564 3239 Marcion
1574 3230 1584 3246 ,
1598 3205 1652 3239 sed
1663 3203 1843 3246 &Ipsarum
1856 3200 2007 3235 Ordinem
2019 3204 2118 3237 trans·

1237 3256 1340 3299 posuit
1351 3281 1358 3288 .
1390 3255 1538 3299 Epistola
1558 3255 1600 3290 ad
1614 3255 1748 3289 Galatas
1758 3251 1803 3285 est
1831 3251 1889 3294 ipsi
1916 3251 2039 3294 prima.
2068 3251 2118 3287 Ita

1235 3307 1405 3349 epistolam
1429 3306 1470 3339 ad
1492 3305 1686 3341 Romanos,
1711 3313 1782 3345 quae
1806 3300 1892 3344 apud
1910 3312 2028 3336 omnes
2041 3305 2119 3337 sern-

1237 3368 1290 3399 per
1304 3356 1404 3399 prima
1418 3355 1500 3396 fuit,
1511 3354 1620 3389 affecit
1632 3352 1749 3394 injuria
1762 3376 1770 3383 .
1793 3350 1983 3386 Confiaum
1995 3353 2037 3388 ab
2050 3354 2120 3397 ipso

1237 3407 1386 3440 ordinem
1397 3403 1494 3439 habes
1504 3403 1590 3449 apud
1602 3403 1755 3438 Sanstum
1770 3400 1995 3446 Epiphanium
2010 3428 2017 3435 .
2044 3404 2122 3447 Epi-

1956 3453 2073 3488 stolam
