2346 3724
168 433 244 473 Cap.
260 443 287 462 2.

381 168 474 214 342
889 146 919 198 'S
990 167 1019 196 c

358 236 506 282 Qidam
518 235 597 270 volu
619 234 621 236 ’
643 233 744 272 etiam
759 237 887 271 Ele-cios
908 238 970 270 effe
981 234 1195 270 Catechume-

307 296 371 321 nos
383 311 394 327 ‚
417 286 566 330 atqueira
577 298 595 321 e
631 309 633 312 <
651 287 706 321 sex
717 286 835 332 gradus
849 312 855 318 .
885 286 1013 320 Eleaos
1025 287 1115 322 enim
1129 287 1195 320 lau-

305 337 365 371 dat
378 337 412 371 in
425 337 542 371 litteris
562 338 603 371 ad
627 337 816 370 Himerium
835 337 1118 373 Tarraconensem
1131 334 1191 370 Ar-

303 386 575 431 chi-Episcopum
589 387 722 421 Siricius
733 387 893 420 Pontifex
907 410 918 427 ,
945 388 1107 421 mandans
1120 387 1190 420 nul-

304 437 374 472 lum
387 438 428 471 ad
442 438 605 479 Baptisma
626 436 729 480 eligi,
755 437 813 469 nifi
825 437 883 479 qui
906 446 978 471 ante
988 439 1192 481 quadraginta

306 488 360 522 vel
378 489 508 530 amplius
527 488 590 519 dies
613 496 718 519 nomen
742 487 884 521 dederim
908 511 920 528 ,
948 489 983 521 (θ’
1001 487 1190 531 exorcismis,

256 536 260 541 “
304 535 549 581 quotidianisque
571 535 761 569 Orationibus
785 562 796 578 ‚
822 546 912 580 atque
926 540 1053 579 jejunus
1073 538 1191 580 fuerint

156 664 247 703 Epist.
255 678 283 700 4.

154 713 219 745 cap·
236 711 282 743 56.

139 1982 215 2019 Gap·
231 1985 272 2015 ,1⁶-

155 2176 236 2216 eap·
249 2183 277 2212 5·

308 593 444 631 expiati.
473 587 615 621 Eosdem
628 585 738 620 laudat
751 586 784 620 in
797 587 913 621 litteris
934 589 974 622 ad
987 589 1106 621 Siciliae
1117 587 1190 631 Epi-

303 640 420 682 scopus
446 637 593 682 Magnus
604 635 692 680 Papa
704 637 793 671 Leo.
824 638 867 671 Et
889 638 922 671 in
948 636 1103 672 Sabbathi
1123 638 1189 671 san-

301 689 345 722 ἂί
377 689 491 722 officio
511 686 593 721 dicit
614 687 654 720 ad
677 687 762 729 ipsos
774 687 943 732 Antiquus
955 688 1050 722 Ordo
1064 688 1190 723 Roma*

301 749 389 776 nus.-
415 743 506 772 Orate
526 736 646 770 Elem.
674 737 866 772 Eorundem
887 739 1108 772 meminerunt
1130 737 1188 773 Ai—

301 790 420 825 cuinus
443 787 604 827 flaccus,
631 788 787 831 &paffim
813 788 869 822 alii
881 788 1131 832 Baptismalium
1150 789 1187 823 ri·

300 849 396 875 tuum
407 838 617 881 expolitores.
647 837 848 880 Respondeo
873 840 960 872 inter
972 838 1188 873 Catechurnc-

298 900 361 924 nos
373 888 465 922 fuisse
476 888 623 931 duplices
639 887 768 922 Eiectos
779 913 786 920 .
814 888 953 923 Etenim
964 889 1113 926 laudatus
1125 892 1186 925 Or·

295 940 344 975 do
355 937 453 974 habet
476 939 509 972 ὅ(
523 938 611 972 hunc
628 938 763 972 titulum
777 952 788 972 ι
815 943 922 980 Incipit
931 941 1000 973 ordo
1012 940 1065 973 vel
1075 941 1185 973 denun-

295 995 382 1028 tiatio
404 992 544 1023 Scrutinii
564 989 610 1021 ad
618 989 736 1022 Eledos
750 1012 761 1029 ‚
787 991 870 1031 quod
888 996 981 1023 tertia
1001 989 1184 1023 bebdomada

296 1046 330 1075 In
343 1038 580 1084 ‚Quadragefima
590 1063 599 1080 ,
622 1037 756 1082 secunda
759 1038 846 1080 feria
858 1046 1002 1074 initiatur
1014 1066 1021 1073 .
1051 1041 1128 1075 Erat
1149 1041 1184 1075 δε

296 1090 417 1134 duplex
432 1101 571 1125 examen
585 1114 592 1121 .
622 1090 726 1123 Aliud
740 1101 808 1133 quo
821 1090 977 1125 substrati
990 1115 1001 1131 ,
1016 1090 1103 1125 aliud
1116 1101 1182 1135 quo

296 1140 536 1185 Competentes
547 1138 587 1173 de
601 1140 740 1183 expletis
766 1141 814 1173 sui
826 1140 947 1185 gradus
960 1140 1183 1176 functionibus

295 1191 569 1226 discutiebantur.
598 1190 676 1224 Post
700 1188 844 1233 primum
863 1191 906 1224 ad
930 1191 1180 1232 initiationem,

294 1242 367 1285 post
381 1239 559 1283 secundum
574 1239 663 1273 Cleri
687 1240 840 1286 suffragio
853 1241 1061 1285 eligebantur
1071 1242 1111 1276 ad
1123 1241 1181 1276 Ba-

292 1292 450 1335 ptismum
464 1315 473 1323 .
500 1289 648 1323 Proinde
660 1291 786 1324 Eiectio
807 1302 1013 1335 nequaquam
1036 1302 1102 1325 crat
1113 1302 1181 1335 gra—

290 1340 352 1377 dus
365 1365 375 1381 ‚
402 1340 456 1375 sed
480 1339 520 1373 de
542 1340 644 1384 gradu
655 1339 696 1373 ad
715 1340 854 1384 gradum
865 1342 1059 1375 transmiffio
1074 1366 1081 1374 .
1109 1341 1182 1375 Nec

289 1389 514 1426 dubitandum
535 1389 579 1423 cst
593 1412 604 1429 ,
631 1389 713 1433 quin
733 1389 776 1428 ad
799 1390 952 1434 quamvis
974 1391 1182 1430 transmissio,

288 1451 369 1476 nem
380 1439 594 1475 intervenerit
606 1463 615 1476 .
812 1436 816 1440 ”

340 1491 445 1538 Quod
470 1490 592 1534 primus
614 1490 734 1535 gradus
757 1489 883 1526 dederit
905 1490 1087 1527 Christiani
1105 1492 1181 1527 ritu·

289 1541 360 1576 lum
374 1565 385 1583 ‚
413 1541 523 1576 locum
538 1539 651 1575 habuit
667 1554 736 1576 non
754 1544 988 1578 tantummodo
1000 1542 1086 1587 apud
1097 1542 1181 1576 Grae·

287 1604 346 1628 cos
359 1617 370 1634 ,
398 1591 452 1626 sed
463 1592 562 1626 etiam
574 1592 660 1635 apud
674 1591 828 1626 Latinos.
857 1592 964 1627 Lucet
989 1604 1029 1626 ex
1041 1593 1179 1634 synodo

287 1642 479 1677 Elibetina:
507 1644 640 1676 Gentiles
655 1666 667 1682 ‚
683 1641 707 1681 [ι’
714 1647 746 1675 in
756 1642 931 1684 infirmitate
944 1642 1178 1684 desideraverim

282 1691 339 1735 fibi
363 1703 477 1731 manus.
494 1698 624 1735 imponi,
644 1691 675 1734 fi
685 1691 786 1734 fuerit
795 1704 893 1726 eorum
917 1706 956 1726 ex
977 1695 1082 1736 aliqua
1090 1701 1179 1735 parte

281 1738 361 1776 'vita
383 1742 497 1782 honesta
523 1746 545 1783 ‚'
558 1745 673 1784 placuit
693 1748 735 1775 eis
760 1754 884 1776 inanum
904 1749 1017 1786 imponi
1031 1767 1043 1784 ,
1068 1745 1103 1778 <5
1112 1742 1180 1784 fieri

289 1790 490 1831 Christiano).
521 1791 600 1825 Hoc
624 1791 670 1824 est
690 1790 806 1824 donari
831 1792 938 1835 primo
961 1794 1065 1837 gradu
1087 1792 1179 1826 Chri-

288 1842 481 1876 stianitatis.
513 1841 556 1874 Et
583 1840 617 1873 in
642 1840 748 1874 Sansti
774 1840 914 1875 Martini
937 1843 1002 1875 vira
1017 1842 1125 1875 scribit
1136 1843 1178 1876 dc

288 1891 453 1926 Tetradio
482 1892 552 1924 viro
579 1890 810 1923 Proconsulari
839 1892 999 1933 Sulpitius
1023 1893 1175 1926 Severus:

293 1943 424 1985 Spondet
441 1940 497 1983 se,
514 1939 545 1981 fi
567 1941 603 1972 de
609 1939 836 1981 pueronoemon
838 1939 943 1982 fuiffet
964 1942 1087 1973 exactus
1100 1964 1112 1979 ,
1132 1941 1179 1982 so-

293 2005 327 2028 re
348 1990 567 2032 christianum.
597 1990 640 2023 Et
662 1990 769 2023 statim
793 1990 878 2023 infra
905 2002 913 2022 ι
940 1989 1180 2023 catechumenus

287 2042 460 2088 fac‘lusest.
490 2041 624 2083 Utique
635 2038 881 2084 primigradus.
911 2039 954 2073 Et
977 2038 1181 2074 insecundo

296 2094 448 2139 Dialogo
471 2092 629 2135 Sulpitius
650 2090 757 2135 pergit
777 2088 818 2124 de
839 2090 912 2124 aliis
922 2090 1039 2125 Galliae
1049 2090 1182 2136 gentili.-

297 2146 357 2181 bus
370 2159 380 2179 .-
407 2143 514 2177 cunici
526 2147 704 2176 catervatim
712 2142 759 2175 ad
761 2152 859 2186 genua
879 2140 959 2176 beati
971 2144 1099 2176 Martini
1115 2152 1181 2176 rue-

296 2208 328 2231 re
349 2203 495 2238 caeperunt
522 2219 532 2236 ,
557 2194 688 2236 fideliter
704 2192 887 2236 postulantes
911 2215 923 2233 ,
947 2202 982 2228 ut
1002 2205 1050 2228 eos
1064 2193 1182 2236 faceret

298 2241 481 2288 Cbrtfltanos
492 2269 500 2278 .
530 2249 603 2278 Nec.
616 2243 770 2279 cumffatus
781 2270 792 2286 ,
819 2251 851 2277 in
861 2245 958 2278 medio
981 2253 1015 2278 ut
1026 2255 1091 2278 erat
1103 2256 1181 2278 cam-

292 2307 334 2342 po
347 2322 358 2339 ,
383 2297 502 2332 candos
524 2295 655 2339 impofita
674 2295 817 2337 universis
836 2307 928 2329 manu
945 2294 1180 2329 catechumenos

293 2348 367 2391 fecit
383 2373 391 2381 .
420 2348 463 2383 Et
478 2347 556 2382 hinc
569 2348 710 2391 primum
722 2345 1022 2380 Catechumenatus
1045 2345 1181 2389 gradum

298 2399 533 2444 postulantium
555 2398 732 2442 gentilium
756 2396 823 2431 haec
845 2396 928 2430 olim
953 2396 1017 2429 suit
1027 2396 1181 2429 consueta

297 2450 339 2484 ad
364 2451 564 2494 Episcopum
586 2458 643 2482 aut
668 2446 897 2490 Presbyterum
922 2456 1011 2479 vox.-
1037 2448 1182 2486 Domine,

298 2501 366 2534 volo
382 2499 569 2540 Christianus
587 2499 670 2541 fieri.
698 2498 741 2531 Et
751 2498 792 2531 de
814 2495 910 2539 hujus
922 2495 1041 2542 gradus
1059 2507 1113 2538 per
1125 2496 1183 2528 im-

299 2551 437 2593 positam
453 2560 585 2583 manum
607 2548 790 2582 donatione
812 2547 918 2591 pergit
938 2544 1051 2580 denuo
1067 2547 1102 2579 in
1118 2545 1186 2579 lau-¹

1092 165 1319 196 HOL

1388 163 1606 198 Ion

1263 233 1357 270 illum
1368 234 1475 270 statim
1499 235 1516 269 a
1529 235 1630 278 prima
1641 235 1782 273 infantia
1799 248 1966 275 curaverat
1976 237 2135 276 Christia-

1259 296 1339 319 num
1360 287 1462 321 creari
1483 310 1491 318 .
1520 286 1564 320 Et
1579 287 1622 320 dc
1647 288 1765 322 Sani-to
1786 290 1921 325 Hilario
1944 291 2135 326 pictaviensi

1259 334 1423 380 Episcopo
1434 361 1445 377 ‚
1472 336 1699 378 proficiscente
1718 337 1758 371 ad
1771 339 1941 381 Synodum
1955 341 2138 376 seleucien-

1257 386 1322 419 sem
1343 410 1355 426 ,
1394 385 1505 421 scribit
1527 386 1727 421 Fortunatus
1752 386 1923 434 Presbyter
1943 404 1951 424 :
1980 393 2137 426 Florentia

1251 435 1353 476 puella
1370 437 1494 479 gentilis
1515 460 1528 477 ‚
1551 439 1597 472 ad
1611 438 1704 479 pedes
1724 439 1833 471 Hilarii
1854 450 2005 482 accurrens
2037 466 2048 482 ,
2075 453 2135 476 non

1253 485 1374 531 ceffavit
1391 495 1494 528 petere
1505 510 1517 528 ,
1543 485 1599 528 nist
1605 486 1724 532 fignum
1734 491 1839 522 Crucis
1859 489 1899 522 ab
1907 489 1967 534 1pr
1978 483 2109 535 fibtfieri
2119 516 2134 533 ,

1253 536 1406 578 atqueita
1428 539 1494 580 ipsa
1517 537 1587 571 fieri
1599 537 1785 573 Christiana
1792 538 2134 586 fideliterimpetraffit.

1253 585 1335 632 Qae
1346 596 1394 620 res
1415 587 1450 622 ἀ
1463 585 1584 630 phrasis
1604 588 1638 624 in
1663 589 1808 632 antiquis
1829 590 2018 625 Sanctorum
2035 592 2128 627 Actis

1252 635 1325 669 sunt
1342 636 1604 680 frequentissima-t
1626 663 1633 670 .
1662 638 1709 673 Ea
1733 638 1858 683 igitur,
1885 651 1958 683 quae
1975 639 2132 677 Christia-

1250 695 1330 719 num
1342 686 1472 721 creabat
1486 711 1497 728 ‚
1524 699 1593 722 non
1614 699 1682 724 erat
1694 689 1852 732 simplex,
1876 689 1931 724 sed
1950 701 2027 725 cum
2048 692 2133 727 Cru-

1249 737 1296 770 cis
1306 736 1400 781 figno
1412 737 1576 780 impofitio
1588 749 1704 774 manus
1716 763 1727 778 ‚
1750 750 1880 782 unaque
1891 741 2039 784 profeffio
2051 742 2131 776 fidei

1250 787 1284 820 in
1306 786 1493 822 Dominum
1518 787 1674 831 JESUM
1694 788 1865 823 Christum
1888 814 1895 821 .
1923 789 1968 824 Et
1986 787 2067 824 hinc
2088 790 2131 826 de

1248 847 1458 880 quocumque
1469 837 1720 873 Catechumeno
1740 839 1869 885 dicitin
1889 840 2067 875 undeci'mo
2077 842 2128 876 su-

1246 898 1302 930 per
1325 888 1430 922 Sanffi
1442 888 1581 931 Ioannis
1595 888 1817 935 Evangelium
1834 889 1994 926 Trastatu
2017 890 2133 926 lauda·

1246 947 1297 971 tus
1311 937 1535 982 Augustinus:
1561 941 1593 972 51·
1613 941 1776 973 dixerimus
1787 939 2004 975 Catecbumeno
2018 964 2030 981 ‚
2059 944 2132 975 Cre·

1245 988 1344 1020 disin
1365 987 1537 1030 christum,
1563 987 1741 1032 respondet,
1767 991 1863 1026 credo
1885 1016 1894 1024 .
1921 995 1965 1026 Et
1981 990 2079 1035 fignat
2097 988 2136 1033 [θ’

1247 1043 1342 1071 cruce
1362 1037 1474 1078 christi
1491 1064 1499 1071 .
1526 1041 1634 1074 Portat
1654 1045 1687 1073 in
1704 1039 1811 1080 fronte
1823 1065 1835 1081 ‚
1862 1043 1964 1075 &non
1988 1039 2132 1082 erubescit

1246 1089 1283 1121 de
1305 1092 1400 1122 cruce
1411 1091 1531 1122 Domini
1551 1087 1619 1132 sui.
1646 1089 1779 1124 Creatio
1802 1090 1905 1134 igitur
1916 1090 2135 1127 Catechume«

1248 1138 1283 1171 ni
1296 1136 1414 1172 habuit
1425 1139 1508 1172 ritus
1521 1139 1648 1174 variosz
1677 1139 1926 1183 Impofitionem
1945 1151 2104 1175 manuum
2115 1142 2139 1182 ,²

1247 1187 1485 1232 impreffionetn
1495 1188 1612 1222 Crucis
1637 1189 1672 1222 in
1693 1190 1827 1230 fronte,
1851 1191 2081 1232 profeffionem
2092 1190 2131 1224 fi-

1245 1238 1298 1270 dei
1313 1239 1346 1271 in
1364 1238 1519 1281 JESUM
1538 1237 1731 1279 Christum,
1757 1238 1792 1273 δι
1817 1239 2062 1274 instructionem
2085 1239 2133 1274 de

1244 1287 1416 1321 formanda
1426 1287 1581 1332 deinceps
1591 1287 1699 1322 Cruce
1721 1299 1775 1332 per
1790 1289 1893 1332 ipsum
1914 1287 2133 1324 catechume-

1246 1348 1324 1372 num
1335 1361 1343 1372 .
1371 1338 1455 1371 Haec
1470 1339 1584 1372 omnia
1606 1339 1680 1372 sunt
1694 1337 1855 1384 inchoatae
1868 1337 2130 1374 Christianitatis

1245 1388 1307 1420 veri
1333 1386 1553 1429 charastereffi
1580 1388 1722 1432 ideoque
1739 1388 1883 1432 ipsorum
1903 1388 2063 1433 susceptio
2083 1391 2133 1424 fa«

1243 1437 1350 1472 ciebat
1368 1437 1594 1473 Christianum
1619 1464 1626 1471 .
1653 1438 1750 1473 Ordo
1769 1439 1925 1483 Baptissni
1948 1438 2129 1474 secundum

1243 1489 1337 1521 usum
1353 1487 1561 1532 AEthiopum
1572 1488 1736 1533 eleganter
1755 1489 1843 1534 ipsos
1854 1500 1949 1525 vocat
1963 1492 2082 1523 Parvos
2093 1499 2132 1522 ac
2195 1496 2197 1499 '

1242 1541 1388 1571 Novitios
1400 1537 1583 1577 Christianos
1601 1563 1609 1571 .
1635 1539 1687 1572 Eo
1700 1541 1792 1573 sensu
1808 1564 1820 1580 ‚
1848 1552 1917 1585 quo
1936 1541 2046 1583 primae
2056 1548 2133 1574 ton-

1242 1589 1315 1623 surae
1341 1588 1509 1623 Clericum
1535 1589 1640 1623 Graeci
1654 1589 1819 1634 appellant
1840 1593 1978 1624 'Parvum
1991 1593 2142 1637 Perprimev

1243 1638 1420 1682 Completa
1434 1639 1526 1673 enim
1537 1638 1750 1674 Chistianitas
1772 1651 1840 1674 non
1853 1641 1913 1674 nili
1927 1641 1946 1674 a
1957 1639 2137 1684 Baptismo.

1242 1689 1398 1723 tribuitur
1410 1712 1420 1730 ‚
1445 1689 1586 1732 ideoque
1598 1687 1663 1724 haeo
1687 1691 1820 1734 praesens
1832 1690 1879 1724 est
1902 1689 2031 1724 novitia
2041 1688 2135 1724 dum-

1241 1750 1332 1773 taxat
1355 1740 1518 1782 &parva.
1547 1740 1591 1773 Et
1604 1741 1649 1774 ita
1671 1741 1782 1781 varia,
1808 1740 1843 1774 in
1857 1741 1998 1784 speciem
2022 1739 2143 1777 adveu-

1241 1790 1271 1823 sa
1284 1813 1295 1830 ‚
1321 1790 1506 1823 sanctorum
1520 1789 1656 1824 Patrum
1676 1790 1749 1825 loca
1762 1790 1958 1825 conciliabis
1973 1815 1981 1823 .

1290 1838 1343 1872 De
1354 1839 1572 1874 Audientium
1583 1839 1686 1882 gradu
1700 1840 1811 1873 scribit
1826 1839 1867 1873 ad
1880 1842 1974 1874 suum
1994 1840 2131 1876 Clerum

1239 1888 1315 1920 exul
1338 1888 1472 1921 Sanstus
1493 1887 1695 1930 Cyprianus:
1723 1893 1867 1929 optatum
1891 1896 1970 1922 inter
1993 1891 2130 1925 Ledores

1240 1937 1392 1975 podorem
1415 1936 1815 1975 audientiumconstttuimus
1832 1963 1840 1971 .
1868 1938 1972 1975 Erant
1996 1941 2044 1975 illi
2056 1941 2129 1985 qui-

1240 1986 1300 2018 bus
1312 1985 1376 2027 jam
1390 1995 1446 2029 per
1457 1984 1574 2018 Crucis
1587 1985 1714 2028 lignum
1725 1987 1757 2018 δε
1771 1989 1958 2030 generalem
1970 1991 2046 2031 fidei
2058 2002 2133 2034 pro·

1241 2034 1410 2071 feffionem
1422 2034 1537 2071 creatis
1549 2032 1744 2073 Christianis
1761 2035 1845 2073 olim
1857 2036 1994 2074 dabatur
2003 2038 2132 2076 Dostor

1241 2084 1394 2134 privatim
1405 2083 1616 2121 instrusturus
1628 2085 1670 2121 de
1678 2085 1802 2122 Divina
1812 2085 1988 2123 substantia
2010 2099 2133 2133 acpro-

1241 2136 1406 2172 videntia.
1437 2138 1480 2172 Et
1491 2148 1572 2182 quos
1587 2136 1745 2180 posterior
1757 2137 1927 2182 disciplina
1949 2138 2078 2173 admisit
2087 2137 2132 2174 ad.

1241 2189 1410 2233 publicum
1421 2188 1457 2223 in
1472 2188 1612 2223 Ecciefia
1635 2187 1785 2222 verbum.
1814 2189 1958 2232 Ipsorum
1979 2187 2134 2234 creando·

1240 2250 1314 2274 rum
1334 2240 1434 2274 ritum
1455 2238 1595 2283 exponit
1617 2237 1652 2271 in
1664 2238 1854 2273 Graecorum
1866 2239 2079 2284 Euchologio
2091 2239 2134 2273 ri-

1242 2300 1293 2324 tus
1317 2289 1555 2325 reconciliandi
1575 2287 1776 2322 Manichaei:
1804 2293 1876 2323 Mox
1902 2288 1962 2332 ipse
1972 2288 2133 2324 baereta'cue

1241 2340 1505 2373 anathematizans
1526 2339 1565 2381 fit
1586 2338 1771 2381 Christianus
1788 2335 1807 2380 ‚⁴
1825 2341 1861 2372 id
1879 2340 1915 2380 est
1936 2364 1947 2381 ,
1972 2347 2134 2382 reputatur·

1242 2400 1274 2423 ut
1286 2393 1312 2421 C
1314 2389 1471 2429 ballianus
1483 2390 1613 2422 nondum
1630 2388 1798 2430 baptizatus
1809 2413 1820 2430 ,
1846 2392 1947 2432 quales·
1970 2388 2062 2432 solent
2075 2389 2130 2433 effe

1243 2439 1473 2480 christianorum
1487 2444 1576 2481 pueri
1595 2438 1692 2472 adhuc
1701 2439 1898 2482 baptizandi.
1925 2442 2127 2482 sequentian-

1242 2496 1301 2523 tem
1323 2491 1372 2524 die
1393 2489 1619 2522 catechumenis
1630 2490 1862 2522 adnumeratur.
1891 2493 2029 2522 Exutum
2049 2495 2130 2523 enim

1244 2542 1325 2574 illum
1337 2565 1348 2581 ,
1374 2541 1408 2574 (5
1417 2539 1540 2582 pedibus
1552 2541 1697 2572 nudatum
1708 2541 1824 2572 inducit
1836 2564 1846 2579 ‚
1873 2544 1908 2573 et
1929 2545 2012 2572 intra
2027 2540 2130 2581 temple

142 2596 217 2635 Cap.
239 2605 284 2626 ιο.
299 2599 376 2634 data
401 2601 467 2633 vita
490 2599 650 2640 Sulpitius
673 2610 679 2629 :
706 2601 805 2629 Nemo
820 2597 890 2638 fore*
915 2609 953 2630 ex
980 2601 1106 2629 immam
1131 2591 1189 2628 illa'
1237 2590 1322 2633 fores
1335 2592 1379 2622 ad
1389 2588 1653 2628 Orientemstatuit
1664 2590 1818 2629 sacerdos,
1835 2590 1924 2623 &ter
1934 2588 2131 2630 infaciem&

299 2651 459 2694 gentilium
481 2649 668 2682 multitudine
682 2646 748 2687 fuit
760 2670 771 2686 ,
797 2651 848 2688 qui
869 2658 926 2678 non
936 2646 1111 2687 impofitione
1124 2658 1186 2682 ma,

303 2712 361 2734 nus
385 2699 566 2741 desiderata,
596 2703 628 2730 in
651 2701 810 2728 Dominum
829 2695 986 2739 JESUM
1007 2697 1186 2729 crediderit.

303 2751 348 2786 Et
363 2751 464 2794 prima
476 2746 629 2791 Synodus
642 2746 840 2780 Arelatensis
851 2745 949 2780 habet
960 2759 971 2779 .-
1000 2750 1046 2779 De
1058 2745 1106 2778 bis
1118 2768 1128 2784 ,
1138 2751 1193 2788 qui
1214 2750 1216 2779 ἶ

1204 2792 1206 2795 ’
1243 2792 1384 2834 templum
1398 2815 1409 2830 ,
1434 2793 1469 2825 (tt
1490 2797 1523 2823 in
1537 2789 1647 2831 faciem
1669 2792 1704 2824 <vt
1722 2795 1755 2823 in
1774 2801 1861 2823 aures
1882 2793 1947 2831 ejtts
1969 2789 2138 2834 exsufflat,

304 2809 336 2837 in
349 2801 526 2844 infirmitate
536 2799 652 2831 credere
663 2798 765 2830 volunt
781 2819 792 2834 ,
810 2797 926 2837 placuit
948 2803 993 2829 eis
1013 2795 1117 2830 debere
1126 2800 1193 2837 ma?

305 2864 376 2887 num
400 2855 528 2893 imponi.
557 2848 640 2882 Non
664 2846 866 2889 Baptismum
890 2847 1019 2888 statim,
1046 2841 1099 2880 scd
1122 2858 1186 2881 ma*
1206 2884 1209 2885 ⁷

305 2914 387 2939 uum
400 2899 605 2936 donatricem
627 2898 735 2941 primae
757 2894 1031 2931 Christianitatis.
1056 2897 1187 2931 Confir-

305 2951 435 2989 mat‘&
457 2952 595 2984 innovat
621 2949 795 2982 Canonem
825 2941 1026 2980 Eliberiifflm
1049 2972 1057 2980 .
1098 2946 1186 2980 Istud

306 3005 411 3048 ipsum
423 3001 595 3035 confirmat
615 2999 751 3033 Saucius
763 2997 970 3041 Augustinus
993 2998 1027 3031 in
1041 2996 1126 3031 libro
1147 2997 1187 3030 de

307 3062 514 3099 peccatorum
540 3050 664 3083 meritis
683 3059 721 3081 ac
742 3047 1006 3080 rcrnissionibus:
1034 3051 1080 3079 Et
1102 3052 1187 3080 Cate-

169 3089 234 3125 tib.
265 3101 291 3121 ι·
307 3104 464 3138 chumenos
480 3099 639 3144 secundum
661 3099 809 3142 quendam
836 3099 955 3130 modum
975 3096 1062 3139 suum
1079 3095 1188 3139 per-fi-

170 3141 235 3171 cap.
247 3138 291 3165 ιε.

149 3291 225 3330 Cap·
246 3299 276 3324 ,ιι

304 3166 399 3199 gnum
426 3149 536 3190 christi
558 3152 592 3184 ό·
604 3155 765 3182 orationem
783 3159 890 3195 magius
909 3147 1098 3189 impofitionis
1115 3155 1187 3189 puto

307 3203 486 3247 fanc‘li'ficari
496 3226 503 3234 .
535 3200 577 3234 Et
590 3200 630 3234 de
641 3200 812 3241 semetipso
832 3197 941 3232 adhuc
955 3199 1065 3242 puello
1078 3196 1186 3230 scribit

310 3256 345 3287 in
361 3254 469 3297 primo
492 3251 574 3285 libro
595 3250 851 3283 confeffionum:
882 3248 1029 3291 signabar
1032 3250 1102 3287 jam
1108 3244 1187 3288 figno

284 3308 290 3315 ·
311 3307 414 3334 Crucis
427 3300 557 3342 Christi,
582 3302 616 3334 (tt
628 3299 782 3332 condiebar
793 3301 856 3338 eJ'us
871 3296 955 3340 sale,
975 3300 1047 3337 jam
1057 3296 1128 3328 inde*
1149 3296 1187 3328 ab

309 3360 390 3391 utero
400 3356 506 3387 matris
519 3361 591 3387 meae
602 3373 613 3392 ,
622 3361 688 3397 quae
700 3349 826 3383 multum
831 3346 972 3392 speravit
983 3352 1017 3380 in
1025 3347 1060 3380 'te
1072 3369 1080 3378 .
1106 3346 1187 3381 Haec

1241 2640 1342 2683 pelias
1363 2641 1426 2681 eius
1449 2637 1614 2682 exsufflans
1626 2664 1637 2680 ,
1664 2638 1870 2683 imponensque
1891 2641 1956 2681 ejus
1967 2645 2057 2682 capiti
2068 2651 2132 2673 ma-

1244 2702 1316 2724 num
1335 2714 1348 2730 ,
1374 2692 1448 2723 dicit
1471 2689 1547 2723 hanc
1569 2695 1729 2723 orationem
1750 2714 1758 2722 .
1786 2689 1898 2724 Edicit
1918 2690 2104 2725 orationem
2117 2713 2132 2732 ,

1244 2752 1341 2784 atque
1351 2741 1554 2784 prosequitur
1566 2752 1573 2771 :
1599 2741 1712 2773 Iterum
1724 2741 1861 2773 sacerdes
1874 2740 1959 2773 illum
1970 2741 2085 2773 inducit
2096 2745 2134 2773 in

1245 2852 1336 2885 atque
1356 2839 1578 2883 exorcismorum
1602 2846 1747 2873 orationer
1762 2839 1943 2883 subjungit,
1968 2843 2003 2874 δ’
2024 2840 2133 2873 rursus

1244 2898 1337 2926 Cruce
1344 2890 1492 2935 signatum
1513 2891 1641 2923 dimittit
1652 2914 1659 2922 .
1689 2894 1784 2932 Atque
1793 2892 1930 2932 deincep:
1938 2899 1973 2924 ut
1985 2888 2140 2924 Catecbu·

1245 2955 1347 2977 menur
1355 2940 1407 2984 seu
1418 2941 1571 2982 instructus
1583 2946 1616 2974 in
1628 2939 1752 2982 Ecclefia
1763 2942 1901 2973 morandi
1913 2943 1947 2975 Θ
1958 2943 1978 2975 5
1978 2944 2139 2983 criptura?

1244 2994 1387 3028 audiendi
1393 2994 1450 3034 jus
1459 2992 1587 3024 obtinet.
1620 2991 1732 3040 Quem
1745 2992 1844 3025 ritum
1856 2990 1984 3025 videtur
1995 2991 2029 3024 in
2040 2987 2130 3024 libris

1244 3045 1284 3078 de
1295 3042 1459 3087 Symbolo
1468 3043 1510 3076 ad
1529 3041 1795 3076 catechumenos
1806 3039 1978 3075 laudare&
1996 3041 2130 3074 sanatus

1246 3093 1472 3138 Augustinus.
1499 3092 1739 3135 Interipsorum
1750 3093 1958 3127 Sacramenta
1980 3096 2137 3126 numerat.-

1244 3145 1278 3177 &
1313 3142 1536 3176 humilitatem
1557 3165 1569 3181 ‚
1603 3142 1636 3175 id
1667 3142 1713 3175 est
1741 3166 1752 3182 ,
1778 3141 1960 3176 nuditatem
1990 3137 2106 3181 pedum
2117 3160 2127 3170 ·

1246 3195 1421 3228 Consonat
1443 3193 1478 3227 in
1495 3192 1735 3226 commentario
1757 3192 1797 3226 ad
1809 3193 1959 3233 quintum
1970 3187 2128 3221 Neo-Cae-

1247 3245 1422 3278 satcensem
1434 3244 1607 3278 Canonem
1618 3242 1820 3276 Theodorus
1840 3240 2011 3273 Balsamon
2026 3249 2034 3268 :
2059 3237 2126 3269 Duo

1242 3294 1315 3339 sunt
1327 3295 1444 3328 ordiner
1456 3292 1734 3326 catechumenorum
1746 3316 1754 3323 .
1784 3293 1909 3324 Hienim
1921 3295 2012 3327 nuper
2033 3283 2127 3327 acces-

1242 3343 1348 3391 [erunt
1359 3368 1372 3386 ,
1396 3344 1429 3380 (θ’
1440 3352 1474 3378 ut
1490 3341 1717 3386 imperfelltores
1722 3339 1785 3383 post
1794 3341 1815 3372 5
1814 3338 2055 3422 cripturarumt&
2066 3338 2122 3368 Dt-

1990 3397 2014 3423 ὐ
2027 3396 2077 3422 πο·-

2147 1917 2197 1956 Ep.
2213 1925 2263 1954 ις.
