2346 3724
356 125 427 180 64
904 118 1138 163 Seu

286 210 441 253 scripturq
449 202 565 238 exbibet
578 227 589 244 ‚
614 205 749 238 convmct
769 213 803 236 ac
810 208 910 246 premi
917 201 951 246 sc
962 204 1089 241 vident,
1104 209 1177 244 pias

285 259 407 300 quidem
428 255 573 288 diatones
592 252 790 294 confitentur,
817 255 926 287 verum
948 259 1025 287 tin-ca
1047 263 1178 286 mentem

280 307 400 350 struunt
422 307 525 344 dolos,
552 314 610 337 non
633 305 755 351 quidem
778 308 910 347 anima,
937 314 988 337 nec
1005 309 1131 339 rationis
1144 314 1178 336 ac

285 360 395 390 mentis
417 364 567 397 expertem
590 379 600 395 ,
625 364 680 387 nec
698 353 907 395 imperfetlum.
924 353 1070 387 hominem
1092 353 1176 395 confi-

283 414 384 441 tentes
396 430 407 447 ‚
432 406 560 447 ceterum
583 409 684 445 animo
704 406 878 437 &trationis
893 429 906 446 ,
931 415 966 437 ac
984 411 1099 438 mentis
1120 405 1176 436 loco

284 458 494 490 Divinitatem
506 456 677 488 inducentes
688 476 699 493 ,
721 455 850 496 perinde
859 464 950 498 atque
961 453 1027 497 ipsa
1034 453 1097 498 sola
1110 466 1175 488 cum

281 515 371 541 carne
385 515 551 548 temperata
571 506 605 538 <9⁴
615 504 858 546 copulatafuer‘it
873 530 884 548 ,
910 516 946 538 ae
956 515 1010 537 non
1020 510 1111 539 ettam
1122 504 1174 536 bu-

283 567 370 596 manf
391 556 482 597 nostre
500 566 548 588 res
572 556 607 590 Θ
628 560 827 597 proprietates
848 579 855 590 .
882 555 1029 590 Dolosus
1050 554 1172 590 Vitalis

282 616 351 640 non
368 605 473 640 solum
487 605 738 640 Nazianzenum
751 605 949 650 Gregorium
964 629 975 645 ,
1001 604 1053 639 sed
1072 606 1173 639 etiam

280 655 434 692 Sannum
448 656 629 691 Damasum
641 655 843 692 Pontificem
859 668 897 690 ac
910 657 1099 691 Romanam
1113 654 1172 690 Ec-

281 704 407 740 clesiam
418 706 668 750 circumscripsit
679 731 690 747 ,
717 706 752 740 &
765 706 806 740 ab
817 707 891 749 ipsis
905 706 1092 750 impetravit
1101 716 1169 739 non

280 756 375 790 suum
388 756 614 801 blasphemum
625 756 746 802 dogma
759 781 769 797 ,
797 757 848 790 sed
871 755 938 799 ejus
963 756 1094 790 dolosas
1114 767 1167 790 vo·

279 816 334 840 ces
356 806 482 850 probari
503 808 535 841 δε
562 807 699 841 firmari.
728 806 859 850 Nempe
886 806 1040 851 professus
1065 808 1168 841 fuerat

278 854 448 891 Christum
475 857 663 891 Dominum
689 858 752 891 esic
776 857 910 900 plenum
936 869 974 891 ac
994 858 1168 900 pet-festum

278 904 451 941 hominem
466 931 476 948 ‚
502 907 718 950 compositum
730 918 771 940 ex
784 905 889 941 nostra
903 918 998 941 carne
1008 932 1020 948 ‚
1046 909 1169 948 anima,

276 956 312 990 ἀ
335 967 444 992 mente
459 982 465 989 .
489 957 532 991 Et
558 957 653 991 istam
665 957 892 1000 professionem
904 957 978 1000 quis
989 957 1095 992 fuisset
1108 959 1168 993 sus:>

276 1005 403 1048 picatus
424 1018 492 1040 non
518 1007 579 1041 esse
601 1006 825 1043 orthodoxam
848 1007 864 1039 ἓ
905 1006 1030 1042 Verum
1054 1009 1166 1043 dolosa

277 1056 391 1099 vulpes
414 1068 468 1101 per
492 1057 636 1091 unimam
654 1058 687 1091 ὅ(
709 1069 852 1094 mentem
875 1057 1037 1092 intellexit
1057 1060 1166 1094 Deum

277 1106 412 1140 verbum
425 1131 433 1139 .
461 1106 504 1140 Et
519 1106 598 1141 hinc
621 1107 663 1141 de
683 1107 798 1143 dolum
811 1106 928 1142 edocto
940 1109 1085 1144 Damaso
1099 1121 1167 1153 per·

274 1155 324 1200 git
351 1157 501 1191 laudatus
539 1157 718 1203 Gregorius
738 1170 745 1191 ε
773 1156 840 1200 Ipse
862 1170 971 1201 quoque
994 1159 1140 1202 Damasus
1156 1185 1165 1200 ,

271 1206 338 1239 cum
355 1207 455 1249 posted
479 1207 587 1240 reatui
608 1205 712 1251 fuzffet
737 1209 877 1249 edoc‘lus,
896 1208 1037 1251 fimulque
1062 1216 1164 1253 inpri-

267 1254 362 1295 fltnis
385 1256 607 1299 expositionibus
630 1259 759 1295 Vetalem
776 1260 907 1301 perstare
928 1261 1051 1303 audtffet
1064 1285 1074 1301 ‚
1100 1272 1165 1294 oum

272 1301 313 1338 αδ
332 1308 476 1349 :Ecclesiae
498 1317 572 1341 coetu
595 1307 748 1342 abdicavit
763 1335 774 1350 ‚
797 1310 928 1351 fidaque
947 1310 1079 1343 libellum
1100 1322 1165 1344 cum

272 1356 522 1401 anathematismo
542 1359 677 1392 delevit.
692 1359 808 1406 -Qod
828 1361 933 1402 ipsum
954 1361 1074 1394 fecit&
1087 1362 1164 1395 Gre-

270 1406 385 1450 gorius
407 1431 414 1438 .
450 1406 517 1441 Per
554 1407 675 1441 similet
695 1407 844 1451 strophas
866 1409 963 1442 etiam
987 1409 1164 1443 Marcellus

271 1454 415 1499 Ancyra!
438 1454 619 1500 Episcopus
642 1455 699 1490 diu
720 1456 938 1492 circumduxit
952 1460 1103 1493 Sanctum
1120 1456 1174 1493 A:

269 1505 454 1541 thanasium
468 1533 479 1550 ,
504 1507 656 1541 Sanstum
676 1507 799 1549 Iulium
812 1507 1035 1547 Pontificem,
1060 1508 1160 1543 Sardi»

269 1556 400 1592 cen-sem
425 1555 622 1600 Synodum,
647 1566 685 1589 ac
708 1566 843 1590 omnem
867 1558 1044 1591 Ecclefiam
1066 1558 1163 1592 Occi-

268 1604 455 1644 dentalem.
483 1606 532 1640 Ita
552 1607 587 1640 ὃς
611 1606 751 1640 scelerati
775 1606 1009 1641 Monothelitae
1030 1607 1159 1642 seduxe-

267 1666 346 1691 runt
370 1657 536 1701 optimum
567 1657 806 1699 -lmperatorem
833 1656 1029 1693 Heraclium
1052 1683 1060 1690 .
1099 1659 1161 1693 Per

268 1705 385 1742 dolose
404 1706 542 1742 adducta
561 1707 752 1741 Sanctorum
775 1706 909 1742 Patrem
949 1708 1136 1744 testimonia
1149 1736 1156 1743 .

272 1757 321 1791 Et·
339 1756 419 1792 hinc
428 1756 469 1791 de
481 1756 549 1791 istis
559 1757 645 1791 dixit
669 1757 710 1792 ad
722 1759 813 1792 suam
835 1758 1088 1793 Lateranensem
1100 1759 1160 1803 Sy-

131 1830 252 1860 SUZU·
269 1806 396 1842 nodum
419 1807 551 1842 Sanetus
573 1805 660 1850 Papa
681 1807 847 1842 Martinus
861 1823 872 1843 .·
898 1813 942 1844 1⁵11
960 1807 1034 1852 sunt
1048 1809 1158 1852 fimtles

134 1851 178 1902 15⁵0
190 1880 216 1899 2,
264 1856 430 1901 sepulchris
453 1857 602 1891 dealbatis
615 1881 626 1897 ‚
642 1868 716 1900 quae
737 1858 816 1899 fhrts
829 1867 979 1901 apparent
990 1858 1158 1894 bominibus

266 1906 396 1952 speciosa
409 1932 420 1949 ,
440 1907 511 1950 ficut
521 1908 556 1942 Θ
566 1910 712 1941 Hermu·
722 1911 862 1942 Pater-ms
875 1911 981 1943 velati·
995 1909 1157 1953 λήψεις

268 1959 350 1992 intus
377 1961 446 1993 vero*
464 1959 550 2001 pleni
563 1956 635 2002 fiant
660 1958 758 1998 offibus
779 1969 959 1993 mortuorum
978 1983 990 2000 ,
1018 1961 1052 1994 Cr
1079 1967 1157 1994 omn}

262 2007 416 2051 spurcitia
425 2033 437 2049 ‚
462 2008 543 2048 idest
555 2033 567 2050 ‚
578 2009 764 2043 >mortalibus
778 2008 938 2050 &foetidt's
948 2011 1154 2054 dogmatibus.

267 2058 416 2101 Rapaces
439 2056 506 2101 lupi
517 2057 551 2090 in
574 2057 778 2094 vestimentis
796 2060 910 2095 ovium
947 2085 954 2092 .
985 2060 1034 2096 lta
1053 2061 1158 2096 solem

267 2119 384 2142 omnes
406 2107 564 2142 haeretici.
774 2131 777 2133 >
966 2134 969 2138 ,
1011 2122 1014 2126 -
1038 2130 1041 2135 ,

318 2157 477 2192 Notanda
501 2158 574 2190 sunt
602 2159 710 2192 Sansti
736 2159 887 2203 Gregorii
900 2160 1158 2195 Nazianzenide

269 2210 386 2243 Sancto
408 2207 495 2250 Papa
516 2207 662 2241 Damaso
686 2208 782 2242 verba
796 2223 806 2242 :
834 2211 922 2242 Fidei
946 2210 1079 2244 libellum
1089 2212 1156 2243 cua'o

268 2256 515 2301 anathematismo
538 2258 649 2292 delevit
661 2283 669 2290 .
698 2257 775 2293 Erat
787 2256 916 2296 libellus
929 2260 1032 2303 specie
1046 2259 1159 2294 ortho-

268 2309 378 2343 doxus
393 2332 404 2348 ,
430 2307 627 2350 compositus
640 2319 680 2342 ex
692 2307 888 2346 orthodoxis
900 2299 1033 2342 v'oeibus
1042 2334 1049 2341 .
1063 2312 1156 2355 Qo·

268 2358 373 2393 modo
394 2366 473 2403 ergo
494 2357 588 2392 illum
611 2358 773 2391 Damasus
783 2357 953 2391 damnavit
970 2357 1158 2391 anathema-

269 2410 333 2443 te?
361 2406 561 2452 Respondco
585 2405 775 2441 damnatum
795 2406 925 2450 optimo
945 2405 1028 2448 jure.
1055 2405 1159 2454 Qod

273 2469 391 2502 nempe
403 2458 470 2500 ejus
480 2455 685 2491 orthodoxas
696 2466 789 2491 voces
800 2456 1017 2491 subintrusum
1030 2456 1158 2501 Apolli·

276 2507 360 2542 narii
375 2508 462 2541 virus
481 2507 600 2542 feciflet
613 2507 772 2550 leprosas,
801 2506 1077 2552 adeoquedignas
1086 2517 1159 2541 ana.

276 2557 441 2592 themate.
466 2555 722 2597 Namatlanas,
748 2567 827 2600 quas
838 2556 896 2591 fibi
917 2557 1012 2601 lupus
1023 2558 1159 2591 circum-

275 2606 386 2651 posuit
403 2630 414 2646 ,
430 2606 507 2653 'ovis
531 2607 684 2649 deinceps
701 2617 769 2640 non
782 2607 896 2641 induet
908 2631 915 2638 .
943 2608 1098 2643 Nimium
1111 2609 1158 2643 fae-

276 2666 368 2692 tent.
396 2656 509 2690 Etiam
534 2655 673 2690 mundas
696 2667 734 2690 ac
756 2657 909 2700 pretiosas
930 2657 1053 2698 vestes,
1081 2667 1160 2699 quas

275 2707 440 2752 quispiam
462 2706 548 2750 peste
568 2706 702 2741 infectus
723 2706 832 2741 induit
854 2730 866 2747 ,
893 2708 1003 2743 cunsti
1025 2706 1165 2752 fugiunt*

277 2767 316 2793 ut
340 2756 526 2801 pestilentes
544 2781 551 2788 .
591 2757 637 2790 Et
658 2756 723 2790 mel
744 2781 754 2798 ,
782 2756 871 2801 quod
898 2757 1098 2792 occultando
1121 2766 1159 2792 ac

277 2805 487 2852 propinando
507 2806 579 2839 felli
603 2807 757 2847 servivit,
783 2818 899 2841 omnes
923 2807 1111 2851 projicimus
1122 2819 1159 2843 ut

278 2857 457 2892 scabiosum
485 2882 492 2888 .
519 2857 563 2890 Et
583 2855 642 2890 ista
660 2856 707 2890 est
727 2857 982 2892 constantissima
1002 2858 1159 2893 Ecclesia-

278 2907 364 2941 ssicae
385 2906 564 2949 disciplina
590 2905 795 2950 providentia
819 2933 825 2939 .
863 2908 996 2942 Etenim
1016 2906 1065 2942 hae
1087 2920 1156 2952 pro·

277 2957 454 3000 positiones
468 2969 478 2988 .·
504 2959 577 2990 Tres
590 2961 719 2991 Divinae
730 2957 866 3001 Personae
880 2957 955 3002 sunt
964 2966 1024 2992 tres
1034 2959 1159 3000 hyposta-

273 3006 322 3052 ses
344 3030 355 3046 ,
392 3006 495 3039 Gloria
519 3007 606 3039 Patri
622 3016 681 3049 per
702 3009 817 3041 Filium
836 3013 870 3040 in
894 3010 1006 3050 spiritu
1027 3009 1133 3042 Sandio
1147 3033 1158 3049 ,

278 3056 414 3097 christus
440 3053 476 3094 est
487 3053 568 3087 bomo
578 3059 750 3091 Dominicus·
762 3083 772 3099 ,
783 3059 803 3090 5
804 3070 875 3092 acra
884 3063 974 3102 Virgo
987 3058 1025 3097 est
1037 3059 1157 3099 christi-

276 3115 355 3149 para
378 3130 388 3146 ,
426 3109 509 3138 Unus
532 3106 547 3138 ἐ
574 3106 682 3139 santia
717 3111 868 3141 Trinitate
903 3108 940 3148 est
959 3109 1155 3151 Crucifixus'.

279 3157 341 3190 Hae
359 3181 370 3198 ,
398 3156 531 3196 inquam
550 3180 560 3196 ,
587 3166 699 3190 omnes
721 3159 755 3193 ὅ(
777 3158 883 3201 plures
905 3158 939 3192 id
963 3158 1067 3203 genus
1088 3168 1158 3201 pro-

279 3206 456 3249 positiones
476 3205 551 3240 sunt
572 3205 712 3239 omnino
732 3206 946 3248 orthodoxae,
972 3219 1010 3242 ac
1035 3207 1157 3242 traditae

279 3265 376 3297 atque
399 3255 535 3289 laudatae
555 3266 611 3299 per
634 3256 850 3292 Sanffiffimos
873 3257 1019 3292 Ecclefiae
1037 3259 1159 3293 Docto-

279 3315 328 3340 res
350 3305 383 3341 ὅ(
403 3304 514 3340 Patres
541 3331 548 3344 ,.
589 3306 633 3340 Et
654 3316 763 3347 tamen
784 3308 865 3355 ipsas
886 3307 996 3344 omnis
1015 3308 1157 3344 Ecclesia

1211 128 1244 163 Ο
1313 133 1337 162 Ι.

1382 133 1630 165 ·ῙΟΝ

1237 202 1437 246 quandoque
1457 202 1703 247 circumscripsit
1735 216 1773 240 ac
1794 204 1941 242 abolevit
1966 206 2026 244 'sub
2049 218 2126 243 ana-

1236 252 1399 287 themate.
1427 252 1510 288 Non
1537 253 1663 288 avitum
1687 255 1721 289 &
1744 255 1972 293 orthodoxum
1993 260 2126 294 Sancto-

1236 313 1308 336 rum
1330 302 1466 339 Patrum
1486 304 1612 337 sensum
1632 326 1644 342 ‚
1670 304 1722 339 sed
1748 305 1830 350 ipsas
1851 318 1950 343 voces
1978 334 1985 342 .
2019 307 2125 356 Qod

1237 364 1354 397 nempe
1376 354 1454 389 varii
1476 354 1633 389 Haeretici
1659 354 1717 389 sub
1739 354 1835 400 ipsis,
1859 358 1911 392 uti
1934 358 1992 394 sith
2015 359 2126 393 ovinis

1236 403 1319 451 lanis
1344 404 1457 447 lupum
1488 427 1500 443 ‚
1527 404 1584 437 sua
1605 403 1755 449 scelerata
1776 406 1947 452 Dogmata
1966 410 2125 445 occultas-

1236 454 1328 495 sent,
1354 452 1452 498 a'tque
1469 454 1514 489 ita
1537 465 1591 488 eas
1613 465 1669 497 per
1689 455 1781 490 istius
1806 456 1925 493 scabiei
1945 460 2124 495 affricatio-

1235 515 1311 541 nem
1332 503 1516 539 infecissent
1536 528 1543 539 .
1580 505 1681 539 Hanc
1706 507 1962 551 propositionem
1984 535 1997 552 ,
2030 512 2123 546 sam

1232 558 1320 597 Virgo
1330 553 1369 593 est
1389 553 1594 596 christipara,
1621 555 1777 591 infecerat
1789 556 1964 594 Nestorius
1977 584 1990 602 ‚
2002 560 2122 595 nolens

1232 604 1332 647 ipsam
1353 604 1516 647 praedicari
1534 604 1712 649 Deiparam
1726 619 1737 640 .-
1764 605 1856 643 Hinc
1874 609 1973 645 illam
1984 610 2124 655 proscri-

1233 654 1289 697 psit
1307 654 1424 697 quinta
1447 655 1621 699 Synodus.
1652 656 1784 690 Similes
1804 657 1849 694 ob
1859 661 1970 695 causas
1981 661 2052 696 aliae
2063 663 2124 705 Sy-

1232 704 1312 738 nodi
1332 704 1431 740 etiam
1457 705 1537 739 alias
1562 704 1801 740 damnaverunt
1816 732 1823 740 .
1849 710 1984 745 Sanetus
2005 709 2126 757 Augu·

1232 754 1332 788 stinus
1357 753 1526 789 adversum
1553 753 1704 789 humanae
1725 756 1885 793 libertatis
1903 761 2072 796 inflatores
2083 772 2124 795 ac

1232 804 1482 848 praecipitatores
1503 804 1700 850 Pelagianos
1718 807 1917 853 quandoque
1938 812 2041 846 utitur
2058 809 2123 846 hac

1232 855 1454 899 propositione
1479 867 1487 887 ε
1524 857 1613 889 Homo
1629 865 1686 898 per
1702 863 1856 898 pet-‘catum
1879 858 1974 902 amtfit
1996 861 2123 895 liberum

1229 906 1405 939 arbitrium.
1438 907 1481 940 Et
1502 907 1538 939 in
1562 905 1670 941 Sancti
1695 906 1787 941 istius
1802 908 1955 943 Dostoris
1966 911 2059 945 sensu
2074 910 2122 945 est

1231 955 1416 991 orthodoxa
1439 955 1616 999 propositio
1633 980 1640 988 .
1669 957 1774 1000 Ipsam
1798 967 1908 992 tamen
1933 983 1945 1000 ,
1972 960 2064 1005 quod
2085 961 2122 995 δε

1232 1005 1395 1041 Lutherus
1418 1006 1451 1040 ἀ
1475 1005 1636 1041 Calvinus
1673 1006 1870 1042 sub-intruso
1904 1010 1962 1043 suo
1991 1021 2122 1045 veneno

1232 1055 1389 1092 horrende
1412 1055 1605 1097 foedaffem,
1628 1058 1759 1100 optimo
1775 1057 1846 1100 jure
1857 1058 2032 1094 damnavit
2043 1060 2123 1093 Tri·

1229 1107 1364 1141 dentina
1387 1106 1542 1150 Synodus
1564 1133 1571 1141 .
1608 1105 1784 1142 Catholica
1809 1109 1950 1143 Ecclesia
1977 1110 2057 1144 ficit
2080 1110 2123 1144 dc

1231 1157 1297 1190 istis
1323 1156 1478 1198 vocibus,
1505 1157 1593 1201 quod
1618 1156 1756 1200 prudens
1777 1158 2121 1202 Respublicanconsuc·

1229 1206 1276 1240 vit
1299 1207 1340 1242 de
1360 1206 1481 1242 inseffis
1505 1211 1563 1251 per*
1586 1207 1730 1242 latrones
1770 1208 1870 1250 sylvis
1890 1223 1901 1243 .-
1941 1210 2016 1244 Has
2038 1210 2120 1250 illa,

1227 1258 1306 1292 dum
1331 1269 1466 1301 purgare
1489 1268 1559 1292 non
1589 1257 1693 1301 potest
1712 1281 1731 1297 ,1
1753 1258 1912 1293 exscindit
1940 1284 1948 1292 .
1965 1260 2120 1295 -Mavult

1226 1307 1453 1342 carere-bonis
1475 1306 1576 1351 lignis
1596 1319 1610 1348 ,·
1644 1308 1743 1351 quim
1769 1319 1905 1343 omnem
1941 1311 2037 1344 suum
2064 1320 2123 1353 po,

1227 1356 1341 1399 pulum
1358 1356 1475 1390 vexari
1487 1356 1655 1389 latronum
1667 1356 1790 1389 insidiis
1803 1380 1810 1388 .
1840 1358 1891 1390 Ex
1902 1360 2020 1392 eodem
2033 1359 2124 1403 prin-

1226 1405 1315 1449 cipio
1325 1403 1505 1439 orthodoxi
1519 1405 1667 1439 Ecclefiae
1682 1404 1791 1440 Patres
1810 1405 1989 1449 aliquando
2001 1406 2123 1443 habue-

1227 1467 1302 1491 runt
1323 1454 1643 1499 dogmaticu'lites,
1671 1455 1764 1498 prave
1779 1453 1820 1489 de
1843 1456 1907 1491 sese
1925 1458 2046 1492 mutuo
2057 1458 2122 1492 sus-

1226 1506 1324 1550 picati
1348 1505 1423 1538 sunt
1444 1530 1455 1546 ,
1493 1505 1598 1540 immo
1618 1505 1653 1539 &
1675 1505 1716 1539 de
1738 1504 1843 1540 haerefi
1864 1508 2118 1543 accusaverunt.

1227 1557 1274 1590 lta
1296 1554 1440 1599 contigit
1462 1555 1578 1589 Sancio
1596 1554 1735 1598 Cyrillo
1762 1555 1960 1592 Patriarchae
1974 1555 2121 1592 Alexan·

1223 1606 1343 1646 drino,
1369 1616 1408 1640 ac
1419 1604 1640 1640 Theodoreto
1664 1605 1802 1649 Cyrensi
1830 1606 2014 1651 Episcopo.
2043 1607 2118 1643 Hic

1224 1657 1320 1692 illum
1330 1655 1373 1689 de
1385 1654 1595 1698 Apollinario
1606 1681 1617 1697 ,
1646 1655 1804 1690 illehunc
1817 1658 1981 1692 accusavit
1993 1658 2035 1692 de
2047 1658 2120 1693 Nes-

1224 1707 1350 1741 storio..
1374 1704 1504 1748 Nempe
1527 1706 1662 1740 sanetus
1683 1706 1828 1749 Cyrillus
1851 1708 1974 1742 famosa
1995 1709 2053 1742 sua
2064 1706 2121 1742 ad-

1224 1755 1329 1792 versus
1342 1755 1534 1790 Nestorium
1547 1756 1700 1799 Capitula
1723 1756 1920 1792 formaverat
1938 1769 1979 1791 ex
2000 1758 2118 1802 rigidis

1221 1806 1371 1842 adversus
1394 1817 1528 1840 ornnem
1541 1807 1665 1840 Christi
1679 1807 1820 1841 Domini
1835 1808 2027 1842 divisionem
2049 1819 2117 1842 ver·-

1223 1859 1272 1893 bis
1286 1882 1298 1898 ,
1323 1856 1463 1900 i‘dcoque
1482 1855 1704 1890 Theodoreto
1724 1859 1787 1891 fuit
1802 1859 1886 1891 visus
1900 1858 2068 1903 impegisse
2079 1859 2119 1892 in

1221 1907 1468 1952 Apollinarium
1490 1931 1497 1938 .
1534 1906 1615 1940 Hoc
1638 1907 1742 1948 ipsum
1766 1907 1896 1940 Sanetus
1919 1909 2118 1943 Gennadius

1221 1956 1613 2000 constantinopolitanus
1640 1956 1819 2000 Episcopus
1832 1957 1978 1999 censuit,
2006 1957 2115 1992 immo

1221 2010 1256 2044 δε
1275 2007 1385 2042 omnis
1412 2005 1654 2041 patriarchatus
1681 2006 1913 2042 Antiochenus
1934 2032 1941 2039 .
1979 2007 2112 2052 Nempe

1220 2058 1329 2093 Sancti
1355 2057 1478 2100 Cyrilli
1501 2068 1599 2092 voces
1625 2067 1715 2091 erant
1742 2057 1952 2092 ambidextrae
1973 2083 1980 2091 .
2018 2059 2116 2093 Hinc

1222 2108 1320 2144 multi
1343 2107 1492 2152 suspicati
1510 2108 1584 2142 sunt
1612 2107 1671 2141 sub
1691 2108 1757 2141 illis
1781 2119 1848 2142 non
1862 2107 1986 2142 Christi
1997 2108 2118 2143 Domi-

1222 2161 1257 2195 ni
1285 2158 1502 2202 Evangelium
1527 2156 1697 2198 habitare,
1724 2159 1777 2192 sed
1804 2159 1913 2192 sordes
1938 2157 2119 2203 Apollina-

1222 2210 1282 2243 rii.
1308 2207 1626 2243 Plurima‘habemus
1639 2206 2005 2253 hujusmodiexempla.
2032 2208 2118 2243 Haec

1223 2258 1357 2293 materia
1378 2258 1423 2291 cst
1446 2258 1553 2301 ampla
1567 2281 1578 2298 ,
1605 2257 1725 2302 largius
1740 2259 1798 2293 suo
1810 2260 1886 2293 loco
1897 2259 2096 2294 elucidanda
2109 2283 2117 2290 -

1224 2310 1275 2341 Ex
1298 2307 1394 2341 distis
1414 2309 1545 2342 interim
1568 2306 1698 2342 abunde
1709 2318 1818 2351 patet,
1846 2308 1938 2352 quod
1960 2307 2114 2344 Christus

1220 2355 1387 2390 Dominus
1407 2357 1490 2388 reete
1528 2357 1650 2389 dixerit
1671 2357 1853 2392 Haereticos
1887 2360 1950 2393 effe
1985 2370 2116 2404 rapaces

1221 2406 1315 2449 lupos
1339 2404 1372 2437 in
1398 2404 1601 2438 vestimentis
1624 2405 1753 2438 ovium.
1782 2407 1825 2439 Et
1848 2405 1927 2440 hinc
1948 2409 2038 2448 quod
2071 2408 2114 2442 de

1221 2454 1404 2499 Pelagianis
1438 2453 1522 2488 dixit
1547 2455 1583 2488 in
1632 2454 1767 2498 epistola
1793 2455 1835 2488 ad
1862 2453 2112 2498 Ctesiphontem

1221 2507 1353 2543 Sanstus
1381 2504 1631 2548 Hieronymus,
1659 2505 1753 2546 poffit
1775 2505 1843 2539 dici
1866 2505 1908 2540 de
1928 2505 2109 2543 omnibus.-
2125 2521 2198 2559 029,
2216 2529 2243 2555 4·

1221 2560 1337 2591 Eorum
1357 2554 1528 2598 sententias
1543 2554 1700 2597 detexiffe‚
1721 2553 1868 2598 superasse
1885 2555 1950 2602 fest„

1270 2609 1405 2642 Horum
1416 2605 1684 2639 vestimentorum
1699 2605 1744 2639 est
1756 2606 1791 2640 δι’
1802 2606 1895 2641 tertia
1907 2605 2026 2650 species
2037 2631 2048 2648 ,
2067 2606 2109 2642 de

1221 2668 1284 2699 qua
1302 2657 1336 2690 in
1363 2655 1606 2700 quadragesima
1628 2656 1766 2698 septima
1789 2657 1882 2700 super
1901 2657 2111 2692 Sancum-tt-

1219 2707 1296 2742 thaei
1319 2705 1535 2750 Evangelium
1555 2704 1693 2740 homilia
1718 2706 1828 2741 scribit
1850 2707 1986 2742 Sanctus
2012 2707 2109 2750 Joan·

1222 2770 1278 2792 nes
1291 2755 1542 2800 Chrysostomus
1554 2769 1565 2788 .·
1590 2757 1631 2788 Id
1650 2758 1725 2790 cert?
1737 2761 1825 2790 moris
1851 2757 1889 2797 est
1911 2759 1998 2799 apud
2007 2762 2110 2792 Haere-

1221 2814 1292 2843 ticos
1304 2832 1316 2849 ,
1339 2817 1373 2840 ut
1386 2806 1557 2840 obumbrent
1565 2805 1677 2849 seipsos
1690 2831 1700 2846 ‚
1728 2816 1819 2850 atque
1828 2809 1970 2842 occultent
1979 2814 2013 2842 in
2018 2814 2107 2851 prin·

1220 2864 1306 2901 cipiis
1328 2882 1339 2898 ‚
1366 2859 1422 2900 quo
1444 2855 1533 2899 usque
1556 2858 1699 2896 majorem
1720 2857 1864 2899 fiduciam
1886 2863 2011 2901 capiant
2028 2883 2039 2900 ,
2074 2859 2110 2892 Θ

1221 2910 1351 2951 quodam
1373 2907 1575 2941 multitudinis
1590 2906 1703 2948 favore
1718 2910 1870 2948 ‚inventur
1888 2933 1895 2940 .
1924 2912 2007 2942 Tunc
2027 2913 2107 2942 enim

1220 2957 1389 3002 contagiosi:
1412 2968 1529 2991 venena
1550 2960 1695 2999 intrepidi
1716 2958 1874 2998 effundunt
1892 2984 1901 2992 .
1927 2959 2108 2993 Affumum

1220 3008 1336 3042 ovinas
1358 3008 1469 3048 lanas,
1490 3008 1545 3042 seu
1567 3018 1736 3042 externam
1757 3010 1896 3052 speciem
1916 3008 2040 3042 Sancta
2063 3006 2107 3040 vi·

1221 3070 1278 3093 tae.
1308 3058 1393 3107 Qis
1415 3058 1545 3102 ignoret
1558 3058 1794 3093 Gnosticorum
1808 3060 1908 3093 vitam
1933 3057 2026 3092 fuiffe
2036 3067 2107 3090 non

1219 3109 1391 3143 dumtaxat
1412 3107 1688 3153 flagitiosissimam
1700 3133 1710 3149 ,
1738 3106 2010 3143 sed&horrende
2029 3107 2111 3141 faci-

1221 3160 1371 3193 norosam
1391 3160 1405 3193 ἓ
1430 3157 1739 3193 Sceleratum'·'enim
1760 3159 1895 3202 Dogma
1916 3181 1927 3197 ,
1954 3156 2045 3202 quod
2067 3153 2110 3189 ad

1219 3209 1376 3252 justitiam
1397 3221 1434 3243 ac
1460 3209 1560 3243 vitam
1575 3220 1725 3244 :eternam
1748 3208 1838 3241 nulla
1859 3207 1996 3251 requirit
2021 3205 2111 3240 bona

1221 3271 1318 3303 opera
1331 3285 1342 3301 ‚
1371 3258 1424 3294 sed
1443 3259 1542 3293 solam
1566 3258 1686 3300 fidem,
1711 3257 1758 3293 est
1778 3257 1820 3291 ab
1842 3258 1914 3302 ipsis
1934 3264 2109 3290 evocatum

1221 3321 1264 3344 ex
1292 3310 1405 3345 inferis
1426 3333 1437 3352 ‚
1464 3310 1676 3354 &intrusum
1697 3308 1734 3345 in
1755 3307 1871 3349 orbem
1891 3307 2107 3392 Romarlizum.

2038 3368 2060 3390 X
