2346 3724
745 241 1160 285 Carta·

298 320 382 355 tium
395 344 415 353 .-
429 318 474 355 Et
483 331 524 355 ex
534 331 599 365 qua
611 320 649 355 Sa
655 320 745 355 ustus
756 317 935 366 Gregorius
945 314 1171 351 Thaumatur-

297 377 380 414 gns,
405 370 508 407 &alii
521 369 657 416 quidam
678 370 785 406 Sancti
801 370 891 413 ‘ipsos
918 366 1175 401 transtulerunt.

297 418 393 454 Prior
405 420 484 455 fides
494 421 539 455 est
549 430 679 466 gratum
690 421 810 457 faciens
821 417 1035 462 Theologica
1048 415 1148 450 virtus
1157 427 1172 457 ;

297 470 456 515 posterior
474 470 519 507 est
530 472 633 517 gratis
652 471 765 507 datum
778 468 948 504 Charisma
961 492 969 500 .
997 466 1126 500 Diserte
1143 466 1176 499 id

296 518 395 554 docet
417 521 451 555 in
468 521 587 556 >iisdern
602 521 717 557 litteris
727 514 923 565 Apostolus:
952 517 1010 550 Alit
1032 517 1122 550 datur
1142 515 1177 557 fi-

298 569 353 604 des
366 576 398 602 in
409 573 509 605 eodem
521 574 650 614 spirita.
676 572 724 605 lta
736 570 871 606 Sanetus
892 565 1056 602 Barnabas
1067 590 1078 607 ‚
1100 566 1175 599 San-

299 621 367 654 etus
384 619 589 666 Stephanus,
614 622 649 656 δε
669 620 803 665 quidam
821 619 881 654 alii
906 617 1061 652 dicuntur
1083 614 1177 649 fuisse

299 670 390 714 pleni
404 672 468 707 fide
478 672 511 706 ἀ
524 672 644 715 Spiritu
659 671 777 706 Sansto
788 695 796 703 .
823 668 981 708 Notanda
1004 668 1077 701 sunt
1092 664 1180 708 Apo·

300 721 376 755 stoli
401 722 516 757 verba:
543 725 665 756 Omnem
681 721 776 763 fidem
799 745 807 753 .
835 719 892 755 Est
915 717 1041 754 locutio
1067 715 1181 750 similis

165 773 239 811 Cap·
257 783 281 803 ι.
301 770 380 806 huic
395 772 430 807 in
443 773 579 816 epistola
591 772 696 806 Sancti
710 769 845 816 Jacobi:
865 767 1181 813 omnegaudiumexi-

294 822 432 862 stimate.
460 823 540 858 Hoc
551 822 597 856 est
607 847 619 863 ,
644 821 776 865 plenum
790 820 948 865 gaudium
959 843 971 859 ‚
998 817 1128 862 plenam
1140 816 1181 849 fi-

300 872 390 907 dem.
421 872 566 906 Proinde'
576 870 643 905 haec
661 869 739 904 fides
759 869 805 904 est
817 868 927 914 potius
941 870 973 902 in
989 867 1157 902 voluntate
1170 888 1180 904 ,

301 925 399 968 quam
422 922 457 955 in
470 921 657 959 intelleetu:
688 919 743 953 Est
764 920 878 959 firma,
906 930 944 953 ac
962 917 1056 961 plena
1066 917 1100 951 in
1114 915 1181 948 Do-

264 980 270 987 ·
303 974 432 1007 minum
443 971 554 1007 Deum
566 970 684 1005 fiducia
698 994 709 1010 ,
736 981 799 1013 qua
812 970 926 1011 'cuncta
937 968 1048 1002 nostra
1060 966 1101 1000 ab
1112 966 1183 1008 ipso

300 1023 467 1068 postulata
476 1033 544 1056 non
558 1019 735 1055 haesitamus
746 1016 971 1062 adimplenda.
999 1016 1053 1050 De
1073 1027 1112 1051 ea
1129 1014 1183 1048 di—

163 1068 237 1106 Csl’·
253 1078 281 1104 9-
302 1075 354 1107 xit
367 1073 536 1108 Dominus
561 1070 646 1114 apud
668 1070 824 1103 sanetum
845 1068 997 1102 Marcum
1011 1080 1022 1100 :
1048 1066 1080 1099 Si
1098 1073 1184 1108 potes

302 1123 440 1161 credere,
464 1126 565 1154 omnia
579 1118 720 1162 pffbilia
736 1117 809 1161 sunt
826 1119 960 1152 credenti
976 1142 983 1148 .
1012 1116 1055 1150 Et
1077 1114 1183 1151 infimi

303 1172 431 1217 juvenis
441 1182 555 1214 parens
567 1170 649 1205 reete
659 1168 826 1213 respondit
839 1180 847 1201 ε
869 1169 967 1202 Credo
979 1170 1101 1200 Domine
1111 1190 1122 1206 ‚
1131 1166 1186 1200 ad·

297 1225 383 1266 juva
403 1222 641 1256 incredulitatem
661 1231 759 1253 meam
775 1243 783 1252 .
816 1218 983 1253 Sentiebat
1009 1218 1100 1252 enim
1126 1215 1183 1251 fibi

306 1272 448 1308 necdum
458 1271 522 1306 effe
533 1271 627 1306 istam
648 1271 776 1315 plenam
787 1268 941 1303 fiduciam
952 1292 964 1309 ,
992 1268 1032 1302 de
1043 1278 1104 1312 qua
1116 1265 1187 1300 Do·

154 1343 226 1382 ρῳ
241 1352 250 1372 ¹
263 1352 282 1372 ,Ι
304 1324 418 1358 minus
431 1321 516 1365 apud
528 1319 671 1355 eundem
684 1318 929 1363 Evangelistam
941 1331 953 1351 .-
982 1319 1046 1361 .Qui
1057 1328 1114 1349 non
1125 1315 1184 1349 bae-

298 1372 441 1415 straverit
456 1377 488 1404 in
499 1373 583 1404 corde
589 1370 643 1415 suo
651 1394 662 1409 ,
689 1364 742 1413 sed
752 1368 912 1409 crediderit
923 1392 934 1407 ,
954 1373 1024 1409 quia
1035 1368 1184 1409 quodcum·

305 1434 362 1466 que
373 1424 486 1456 dixerit
491 1418 553 1463 fiat
563 1444 573 1460 ,
598 1420 652 1463 fiet
664 1424 692 1453 et
703 1443 710 1450 .
741 1419 782 1451 Et
797 1419 915 1453 iterum
928 1431 938 1450 :
966 1421 1074 1450 Omma
1084 1429 1188 1460 ,φια-

303 1484 426 1514 cumque
448 1481 567 1505 orantes
585 1473 716 1511 peritis,
743 1469 853 1503 credite
873 1473 944 1511 quia
958 1474 1108 1510 accipietis
1120 1491 1131 1506 ‚
1158 1469 1192 1502 (¹1¹

302 1529 440 1560 evenient
455 1521 542 1558 vobis
553 1545 561 1553 .
592 1518 634 1553 Et
648 1529 853 1563 nequaquam
865 1518 932 1552 haec
946 1518 1109 1551 fiducialis
1121 1540 1133 1556 ,
1158 1517 1191 1550 ἀ

301 1574 404 1619 gratis
415 1572 490 1606 data
504 1597 513 1612 ,
541 1567 593 1604 sed
619 1570 685 1603 sola
696 1568 909 1613 Theologica
923 1591 934 1608 ,
960 1568 993 1601 ὅ(
1006 1577 1135 1612 gratum
1148 1567 1190 1599 fa·

302 1624 394 1660 ciens
419 1622 495 1656 fides
508 1620 552 1655 est
570 1621 610 1654 ad
635 1618 793 1664 justitiam
809 1644 818 1659 ,
850 1630 887 1652 ac
909 1618 1044 1652 salutem
1055 1618 1190 1650 necessa-

302 1673 370 1708 ria.
400 1673 511 1720 Qare
534 1669 722 1705 Dominicis
744 1669 849 1703 verbis
869 1668 1100 1710 Tertullianus
1122 1678 1189 1700 non

303 1723 350 1759 est
380 1723 454 1755 usus
464 1720 505 1759 ad
519 1720 659 1755 litteram
674 1716 685 1752 .’
710 1719 766 1753 Est
780 1730 851 1752 mos
864 1717 1039 1752 Africanus
1052 1743 1059 1749 .
1087 1715 1191 1750 Porro

303 1773 342 1809 in
365 1771 504 1808 laudatis
532 1771 612 1807 locis
636 1771 770 1805 sanctus
791 1769 1021 1811 Hieronymus
1045 1767 1189 1811 quaedam

303 1822 459 1857 admiscet
481 1820 655 1865 spectantia
678 1819 787 1862 potius
813 1818 853 1852 ad
866 1816 1089 1863 Theologicae
1114 1818 1188 1852 fidei

304 1868 532 1918 perfectionem
544 1895 555 1909 ‚
582 1870 679 1914 quam
692 1869 731 1903 ad
746 1869 848 1914 gratis
873 1868 987 1902 datum
999 1867 1170 1902 Charisma
1184 1893 1190 1899 .

307 1923 363 1961 Est
387 1933 461 1956 cum
483 1919 690 1954 discretionis
717 1919 781 1953 sale
794 1919 953 1966 legendus
968 1943 976 1952 .
1003 1918 1091 1958 Istud
1105 1918 1192 1955 Cha-

304 1973 399 2011 tisma
411 1973 469 2008 suo
479 1972 556 2008 loco
566 1967 785 2007 elucidabitur
798 1995 810 2013 ·.

445 2121 563 2173 Fides
595 2126 633 2170 in
658 2120 810 2190 Regula
827 2123 952 2191 posita
979 2122 1052 2191 est.

357 2274 533 2311 Hodierna
557 2272 737 2307 multorum
763 2270 896 2316 quaestio
919 2271 966 2304 est
989 2294 1000 2311 ,
1024 2270 1193 2318 ;Qorum

307 2326 520 2361 articulorum
546 2324 687 2366 expressa
710 2323 790 2356 fides
802 2322 840 2355 fit
853 2321 1081 2358 neeessariaoad
1105 2299 1211 2363 justi-l

308 2377 412 2415 tiam,
438 2386 476 2407 ac
500 2373 659 2406 salutem?
687 2372 812 2404 1)οᾶοκ
831 2370 969 2403 nervoso
991 2367 1208 2438 compendio(

307 2424 478 2467 respondet
498 2422 560 2455 effe
582 2418 789 2454 necessariam
805 2418 902 2452 fidem
930 2419 963 2451 in
978 2417 1087 2462 regula
1113 2418 1192 2460 post-

307 2484 374 2508 tam
387 2486 397 2506 .·
424 2473 552 2506 Omnes
565 2494 576 2510 ,
602 2470 790 2515 &singulos
808 2469 964 2502 articulos
985 2467 1134 2510 Symboli
1148 2462 1207 2500 Ast

150 2522 225 2559 cap.
244 2527 288 2555 ι3-
305 2522 479 2568 postolici.
508 2521 583 2555 Hos
595 2519 684 2554 enim
697 2530 833 2559 omnes,
859 2528 1027 2559 tamquam
1052 2489 1208 2582 substan-i

307 2573 400 2607 tiales
412 2572 528 2617 regulae
541 2580 669 2615 partes,
693 2569 910 2604 enumeratin
936 2567 998 2601 boc
1023 2568 1129 2608 libro,
1157 2569 1205 2613 in¹

309 2623 395 2657 libro
417 2623 459 2656 de
478 2619 624 2655 velandis
637 2620 837 2665 virginibus,
868 2629 906 2651 ac
929 2619 960 2650 in
973 2617 1059 2652 libro
1077 2616 1207 2653 contra'

310 2673 468 2707 praxeam
484 2697 491 2703 .
518 2671 559 2705 Et
573 2670 606 2703 in
620 2670 705 2704 libro
727 2670 766 2704 de
781 2667 977 2712 spectaculis
994 2667 1120 2703 scribit:
1150 2673 1192 2700 a·

310 2734 401 2765 quam
420 2721 530 2766 ingressi
541 2719 742 2761 Christianam
760 2720 853 2763 fidem
875 2725 907 2752 in
925 2720 1002 2762 legts
1021 2717 1086 2760 fiiae
1098 2717 1192 2752 verba

309 2771 496 2816 profitemur.
528 2770 608 2804 Hoc
630 2771 674 2804 est
688 2795 699 2811 ,
725 2770 914 2805 memoriter
942 2765 1108 2802 reddimus
1129 2768 1192 2803 for·

312 2822 436 2857 mulam
450 2820 636 2865 Apostolici
662 2820 812 2863 Symboli
825 2844 836 2861 ‚
863 2818 1010 2863 singulos
1031 2817 1098 2860 ejus
1118 2819 1192 2853 arti·

311 2872 425 2910 culos,
450 2870 574 2914 lingula
596 2869 710 2904 verba.
740 2870 889 2904 Affirmat
913 2867 1081 2902 neminem
1104 2870 1191 2911 poste

311 2923 406 2957 aliter
419 2920 573 2964 baptizari
588 2945 594 2952 .
624 2920 679 2952 Est
693 2930 845 2963 perpetua
857 2944 867 2960 ,
890 2919 925 2953 δε
935 2917 1191 2953 constantiffima

313 2973 416 3007 totius
438 2970 496 3004 sub
518 2970 604 3004 coelo
626 2969 778 3004 Ecclefiae
800 2968 1006 3004 consuetudo
1028 2970 1192 3010 atquedo-

314 3022 434 3058 urina.
459 3019 680 3054 Patentiffime
700 3020 786 3054 lucet
808 3032 849 3054 ex
873 3017 1071 3062 Apostolico
1085 3017 1191 3054 Cano·

276 3067 278 3070 ’
314 3085 381 3112 ne,
405 3071 463 3116 qui
486 3070 652 3104 neminem
676 3069 828 3112 baptizari
853 3068 994 3113 permisit
1009 3091 1019 3107 ,
1043 3067 1099 3101 nifi
1123 3069 1191 3113 post

316 3123 382 3158 fide
393 3133 430 3156 ac
444 3119 601 3155 memoria
618 3130 803 3162 perceptum
816 3118 901 3153 istud
915 3117 1121 3161 symbolum:
1150 3120 1192 3153 Et

316 3184 418 3208 omne
438 3171 506 3205 fine
527 3169 586 3203 illo
602 3168 713 3203 datum
734 3168 898 3211 Baptisma
923 3167 1034 3201 habuit
1048 3179 1105 3211 pro
1125 3169 1193 3203 lim·

317 3223 394 3269 plici
416 3233 453 3257 ac
477 3219 631 3255 informi.
659 3219 766 3261 lpsum
784 3229 860 3252 cum
884 3218 948 3251 suis
961 3218 1194 3254 additamentis

316 3273 403 3309 tradi
424 3268 600 3317 postmodo
615 3269 701 3311 juffit
712 3268 853 3315 ,Nicena
872 3267 1041 3309 synodus.
1056 3267 1194 3303 ·Ve‘rum

319 3325 368 3360 uti
389 3321 536 3368 quaedam
554 3319 722 3354 addiderat
738 3341 749 3358 ‚
774 3318 818 3351 ita
841 3317 1029 3361 &quaedam
1047 3317 1196 3361 ,detraxe-

316 3384 385 3410 rat:
413 3370 542 3413 Nempe
558 3368 711 3403 articulos
723 3368 763 3402 de
775 3368 889 3402 Sancta
905 3367 1043 3401 Ecclesia
1055 3390 1066 3406 ,
1090 3368 1130 3403 de
1153 3381 1196 3404 re-

319 3422 469 3460 miffione
491 3429 698 3463 peccatorum
710 3442 721 3458 ‚
747 3429 785 3452 ac
803 3417 845 3450 de
869 3419 974 3452 carnis
986 3418 1197 3454 Resurrestio·

419 3468 525 3517 Christ.
540 3473 616 3511 Lupi
627 3474 723 3512 Opera
744 3471 778 3501 T.
791 3470 848 3501 1X.

1205 2449 1207 2458 r

152 2601 226 2637 Cap.
247 2608 270 2627 1.

154 2680 227 2715 Cap.
246 2688 272 2705 2.

153 2760 229 2798 Cap.
245 2767 273 2793 4.

1230 249 1336 282 1s
1441 236 1633 282 XIV.
1956 257 2043 302 155

1243 327 1301 350 ne.
1329 316 1422 351 Hinc
1444 329 1582 358 omnes,
1607 329 1677 362 quae
1697 319 1770 353 solas
1791 320 1853 355 suf-s
1865 323 2120 360 Catechumenis

1241 364 1323 400 illud
1347 367 1472 403 tradere
1493 370 1623 403 fuerant
1639 369 1744 412 juss'ae,
1772 369 1957 406 Orientales
1975 375 2119 409 Ecclesia

1239 416 1326 460 ipsos
1347 427 1426 451 mox
1447 419 1679 462 suppleverunt
1699 431 1707 451 :
1746 419 1790 453 Et
1813 419 1871 454 issa
1897 422 2119 464 supplementa

1241 465 1417 510 postmodo
1446 468 1590 503 discuffit
1617 469 1991 513 constantinopolitana
2015 473 2120 515 Syno-

1241 515 1300 550 dus
1313 540 1324 557 ‚
1347 527 1388 550 ex
1399 517 1474 561 ipsis
1485 519 1620 553 meliora
1632 519 1732 565 elegit
1744 543 1756 561 ,
1769 519 1953 556 actioseruit
1966 522 2023 555 suo
2038 524 2121 565 sym·

1242 565 1339 601 bolo.
1370 567 1413 601 Et
1435 568 1718 614 ipsumintegrum
1729 570 1814 605 tradi
1835 569 2056 612 juffitcunffls
2069 571 2123 607 ba-

1242 616 1402 660 ptizandis
1420 642 1428 649 .
1459 616 1561 665 Qod
1585 619 1772 663 baptizandi
1794 631 1863 654 non
1888 621 2059 655 dumtaxat
2079 621 2121 656 de

1244 667 1374 701 Divinae
1393 666 1575 711 Majestatis
1597 668 1741 705 Essentia
1763 695 1773 710 ‚
1802 682 1862 705 nec
1887 670 2056 705 dumtaxat
2081 670 2123 705 de

1243 716 1424 752 Dominica
1447 719 1677 754 incarnatione
1690 745 1701 761 ,
1721 722 1773 755 sed
1795 716 1895 757 e'tiam
1907 722 2061 755 articulos
2083 720 2125 755 de

1244 767 1358 802 SanCta
1370 768 1512 804 Ecclesia
1524 793 1536 809 ,
1562 768 1603 804 de
1624 771 1809 806 remiffione
1822 782 2031 815 peccatorum
2047 794 2058 811 ,
2084 782 2123 805 ac

1243 817 1284 851 de
1297 818 1364 851 vita
1374 829 1491 853 aeterna
1514 819 1793 865 interrogarentur
1811 821 1893 855 olim
1908 846 1919 862 ‚
1945 833 1983 855 ac
1998 822 2126 864 respon·

1243 866 1380 908 derent,
1408 869 1544 904 affirmat
1564 871 1665 905 etiam
1688 871 1721 904 in
1747 872 1863 906 litteris
1890 869 1930 906 ad
1956 870 2125 906 Numidia:

1245 917 1416 960 Synodum
1428 943 1439 960 ,
1450 931 1488 953 ac
1501 921 1535 953 in
1548 920 1667 955 litteris
1678 920 1717 955 ad
1732 921 1896 967 Magnum
1911 922 2047 956 Sanc-lus
2058 920 2126 963 Cy-

1246 967 1393 1010 prianus.
1425 969 1467 1003 Et
1491 970 1550 1004 ista
1566 979 1657 1005 erant
1683 973 1855 1006 necessaria
1878 971 1919 1006 ad
1941 972 2128 1006 Sacramen·
2144 969 2193 1007 EP-
2211 970 2259 1001 7⁶·

1214 1024 1217 1031 ⁴
1244 1018 1275 1101 Ξῖ
1291 1017 1439 1053 effectum
1461 1019 1628 1064 dispositio
1649 1045 1657 1055 .
1685 1022 1907 1061 Necessarium
1929 1022 2041 1058 salutis
2056 1031 2129 1055 me-

1270 1078 1336 1100 num
1353 1092 1361 1100 .
1815 1090 1819 1093 -
1842 1089 1852 1094 r·
2008 1096 2010 1100 .

1295 1117 1467 1161 Infiguiter
1489 1117 1554 1153 hoc
1578 1118 1676 1155 docet
1697 1120 1731 1154 in
1754 1115 1883 1156 suarum
1902 1121 2130 1157 Catecheseon

1248 1167 1436 1210 praefatione
1458 1169 1594 1204 Sanctus
1620 1171 1766 1213 Cyrillus
1779 1172 1955 1215 Episcopus
1977 1172 2133 1206 Hieroso-

1248 1217 1448 1259 lymitanus:
1476 1223 1577 1261 Accipe
1598 1219 1677 1254 banc
1694 1222 1922 1255 admonitionem
1935 1246 1946 1262 ,
1973 1231 2006 1255 ut
2016 1233 2051 1255 ea
2063 1233 2132 1264 quae

1248 1273 1280 1300 in
1292 1266 1492 1310 Catechefibus
1519 1271 1703 1312 traduntur,
1725 1270 1765 1313 fic
1781 1271 1880 1315 discas
1894 1296 1904 1311 ‚
1928 1274 1984 1316 quo*
2005 1273 2088 1314 poffis
2098 1283 2132 1304 ea

1248 1323 1280 1350 in
1300 1326 1474 1361 perpetuum
1496 1319 1633 1360 custodire
1646 1346 1653 1353 .
1676 1325 1748 1354 Non
1767 1321 1914 1362 existimes
1935 1321 2131 1362 institutiones

1250 1367 1318 1408 istas
1339 1369 1390 1411 effe
1406 1368 1513 1410 fimiles
1536 1370 1668 1404 homeliis
1689 1396 1696 1403 .
1725 1374 1880 1415 ,Quamvis
1906 1375 1939 1405 (tr
1962 1372 2025 1406 illae
2050 1371 2135 1408 boaae

1246 1417 1324 1461 fint,
1357 1420 1390 1454 Θ
1395 1419 1459 1462 fide
1480 1421 1578 1464 digna.»
1592 1445 1599 1453 .
1626 1424 1657 1454 51*
1678 1424 1755 1464 quid
1778 1429 1810 1455 in
1830 1423 1892 1455 illis
1908 1421 1992 1455 bodie
2004 1424 2136 1466 neglexe-

2143 854 2191 890 Ερι
2210 862 2259 886 70.

1251 1473 1342 1501 rimus
1357 1492 1367 1508 ,
1394 1481 1461 1502 cras
1473 1469 1586 1512 discere
1591 1478 1774 1512 poterimus.
1791 1477 1874 1512 ⁴Haec
1893 1475 1964 1506 vero
1976 1497 1985 1512 ‚
2013 1484 2080 1514 quae
2098 1472 2138 1504 de

1254 1521 1392 1550 Lavacro
1410 1522 1651 1562 Regenerationis
1670 1529 1725 1562 per
1738 1523 1871 1555 ordinem
1893 1523 2043 1555 tradimus
2053 1523 2138 1555 docu-

1251 1578 1373 1606 menta,
1394 1567 1426 1609 fi
1443 1568 1529 1602 hodie·
1551 1571 1714 1614 neglexeris
1727 1596 1737 1611 ,
1763 1573 1882 1613 quando
1908 1572 2029 1604 tandem
2054 1577 2139 1604 corre-

1248 1619 1382 1660 gentur?
1410 1618 1561 1657 Existimo
1583 1628 1701 1663 tempus
1726 1622 1760 1654 sd
1782 1623 1836 1664 effe
1844 1623 2044 1664 plantationis
2055 1621 2138 1654 arbo-

1251 1678 1319 1699 rum
1344 1678 1351 1698 z
1379 1669 1450 1711 ,Quo
1476 1668 1530 1711 nlfi
1545 1669 1703 1711 fodiamus
1730 1673 1763 1706 ζ’)
1790 1670 1957 1715 inseramus
1980 1696 1992 1712 ,
2018 1672 2139 1714 quando

1250 1718 1374 1750 tandem
1379 1725 1491 1760 poterit
1503 1720 1607 1754 reatris
1624 1723 1785 1763 plantari,
1814 1725 1893 1764 quod
1898 1721 1991 1767 semel
2013 1724 2047 1756 Θ
2060 1722 2139 1754 mall

1249 1769 1428 1809 plantatum
1449 1769 1512 1809 est?
1540 1772 1720 1815 AEdificrum
1740 1774 1892 1814 quoddam
1915 1774 1968 1816 effe
1989 1773 2143 1816 intelligas

1254 1816 1435 1860 Catecbefim
1460 1832 1468 1852 :
1496 1823 1535 1852 Ac
1555 1820 1612 1862 nist
1629 1822 1735 1855 ordine
1755 1823 1884 1857 vinculis
1909 1821 2145 1866 constringamur

1247 1866 1443 1909 strudhram,
1470 1870 1626 1913 debilefiet
1636 1870 1813 1913 edificium.
1841 1873 1902 1906 sed
1925 1875 2064 1915 &operae
2074 1881 2148 1914 pre--

1253 1924 1329 1951 tium
1340 1918 1378 1960 est
1390 1943 1401 1959 ‚
1427 1919 1558 1961 lapidem
1569 1921 1668 1963 lapidi
1692 1928 1801 1965 apponi
1813 1947 1823 1962 ,
1849 1925 1884 1958 6
1896 1923 2038 1967 angulum
2050 1934 2148 1965 angu-

1253 1968 1280 2001 lo
1291 1974 1447 2014 conjungi,
1475 1980 1563 2013 atque
1580 1969 1737 2014 superfluis
1760 1971 1883 2015 absctffis
1892 1972 2043 2014 perfellas
2060 1973 2145 2005 eder

1253 2019 1377 2065 efficere.
1408 2021 1588 2056 Adeundi-m
1597 2023 1715 2056 modum
1727 2021 1878 2062 afflet-imus
1900 2023 1957 2055 tibi
1982 2031 2144 2065 tamquam

1253 2071 1370 2113 lapides
1384 2076 1555 2116 cognitionis
1571 2097 1578 2104 .
1608 2074 1718 2106 Audire
1732 2080 1843 2114 oportet
1870 2073 1907 2106 de
1921 2076 1983 2106 Deo
1992 2079 2119 2107 vivente
2134 2096 2144 2111 ,

1211 2167 1215 2170 ἱ
1253 2124 1357 2155 audire
1379 2132 1451 2165 opus
1473 2122 1511 2164 est
1524 2124 1561 2156 de
1574 2122 1709 2164 christo,
1734 2125 1840 2158 audire
1854 2122 1967 2167 necesii·
1989 2123 2076 2162 elide
2088 2127 2144 2157 Re-

1249 2171 1428 2214 Jicrrec‘lione
1447 2195 1459 2211 ,
1499 2173 1533 2205 (¹5
1554 2173 1615 2206 alia
1637 2177 1789 2215 permulta
1822 2185 1859 2209 ex
1881 2176 1987 2209 ordine
2013 2175 2143 2208 dicenda

1248 2219 1321 2263 fimt
1345 2245 1354 2259 ‚
1392 2232 1458 2264 quae
1482 2232 1561 2256 nunc
1587 2226 1709 2258 tantiam
1732 2223 1909 2268 summatim
1936 2223 2145 2269 recensentur,

1254 2272 1391 2313 demoeps
1406 2275 1478 2306 vero
1491 2271 1571 2316 satis
1579 2272 1634 2317 suo
1657 2276 1761 2309 ordine
1774 2276 2005 2318 explicabuntur
2016 2301 2023 2307 .
2051 2277 2083 2308 Si
2094 2275 2146 2309 vel

1251 2331 1340 2351 unum
1362 2332 1400 2352 ex
1412 2320 1460 2354 bis
1475 2334 1533 2355 non
1540 2330 1707 2365 perceperis
1722 2350 1732 2366 ,
1759 2325 1875 2368 etiamst
1878 2332 2040 2369 primorum
2051 2350 2062 2366 ,
2088 2333 2145 2362 aue

1247 2366 1440 2410 secundorum
1483 2378 1649 2406 memineris
1674 2398 1685 2415 ,
1722 2376 1885 2418 edificator
1921 2378 2043 2420 quidem
2068 2377 2143 2411 beno

1253 2417 1385 2461 aedificat
1400 2445 1410 2460 ‚
1436 2429 1469 2453 tu
1493 2424 1565 2455 vero
1588 2421 1700 2460 fluxum
1728 2427 1762 2459 &³
1787 2426 1880 2460 debile
1900 2426 2021 2460 babebis
2048 2427 2144 2469 aedifi·

1252 2475 1325 2501 cium
1339 2493 1347 2500 .
1375 2469 1489 2504 Palam
1500 2472 1640 2507 affirmat
1663 2485 1780 2509 omnes
1802 2478 1834 2510 δε
1849 2478 1993 2521 singulos
2005 2477 2143 2520 Symbo-

1252 2518 1275 2552 li
1287 2519 1440 2553 articulos
1450 2522 1513 2556 effe
1526 2522 1604 2557 scitu
1618 2526 1807 2560 necessarios
1819 2550 1829 2564 ,
1851 2528 1884 2560 ἀ
1897 2527 1964 2560 line
1978 2527 2027 2560 vel
2043 2529 2141 2561 unius

1252 2569 1365 2612 peritia
1376 2571 1438 2605 esse
1448 2573 1609 2608 caducum
1624 2574 1780 2618 Baptismi
1800 2576 1989 2610 aedificium.
2020 2577 2140 2611 AEdifi-

1251 2619 1338 2654 cium
1351 2643 1363 2660 ,
1391 2621 1425 2654 in
1441 2632 1508 2664 quo
1520 2623 1601 2666 lapis
1616 2636 1683 2658 non
1697 2624 1836 2661 cohaeret
1851 2627 1971 2669 lapidi,
1999 2628 2141 2670 ideoque

1254 2681 1321 2704 non
1334 2670 1429 2714 possit
1445 2684 1511 2706 non
1527 2674 1589 2707 effe
1610 2677 1797 2710 ruinosum.
1827 2677 1979 2710 Affirmat
1997 2677 2060 2710 esse
2070 2678 2140 2711 fim-

1252 2721 1328 2763 plex
1339 2732 1377 2754 ac
1388 2721 1529 2756 informe
1551 2724 1795 2758 Sacramentum
1807 2743 1826 2757 .-

1302 2771 1431 2816 Magno
1454 2772 1645 2806 testimonio
1664 2785 1760 2814 atque
1771 2776 1921 2817 exemplo
1943 2772 2010 2810 haec
2021 2777 2138 2811 confir·

1252 2831 1317 2853 mat
1341 2822 1374 2854 in
1401 2822 1557 2864 spirituali
1584 2822 1682 2856 Prato
1694 2823 1827 2857 Saucius
1849 2824 2138 2867 SophroniusPa-

1253 2868 1388 2903 triarcha
1412 2870 1738 2913 Hierosolymitanus
1759 2887 1769 2906 .·
1797 2878 1998 2918 Interrogatus
2023 2876 2062 2916 est
2082 2880 2138 2911 alt·

1250 2922 1370 2962 quando
1391 2920 1515 2954 Sanc‘lus
1544 2921 1717 2963 Athanasius
1733 2947 1743 2963 ‚
1766 2925 1917 2967 postquam
1942 2927 2136 2960 Alexandria

1252 2969 1414 3013 Episcopus
1437 2971 1606 3011 constitutus
1623 2972 1687 3013 furt
1708 2998 1719 3014 ‚
1746 2985 1787 3006 an
1803 2975 1892 3017 posset
1917 2975 2064 3018 quisptam
2071 2977 2136 3018 fine

1252 3024 1329 3054 Fide
1358 3020 1508 3062 baptizari
1530 3019 1689 3064 secundam
1713 3029 1806 3057 ritum
1837 3027 1871 3058 θ
1888 3027 2133 3068 praedicationem

1253 3070 1510 3111 Christianorum?
1539 3074 1629 3115 ,Quid
1648 3074 1685 3105 de
1707 3075 1755 3107 illo
1769 3073 1958 3118 sentiendum
1975 3074 2013 3115 fir
2034 3078 2046 3109 2
2075 3083 2134 3111 Aut

1251 3122 1390 3164 quomodo
1406 3119 1547 3165 suscipiat
1580 3122 1663 3154 illum
1690 3126 1769 3156 Deus
1797 3125 1810 3158 ἒ
1843 3127 1887 3158 Et
1914 3124 2063 3167 respondit
2090 3130 2133 3160 di·

1252 3183 1342 3205 cens:
1370 3174 1478 3205 Audivi
1502 3172 1662 3213 aliquando
1682 3171 1874 3215 &lenioribus
1897 3176 2000 3215 nostris
2014 3200 2024 3214 ‚
2053 3180 2135 3218 quod

1253 3224 1347 3254 Beato
1369 3224 1456 3254 Petro
1477 3219 1619 3263 Episcopo
1642 3225 1820 3264 &martyri
1842 3248 1851 3263 ,
1878 3226 1940 3258 carn
1955 3225 2046 3266 fabia
2068 3230 2133 3269 effer

1253 3273 1446 3311 mortalitas,
1471 3273 1646 3314 &plerique
1667 3276 1711 3306 ad
1724 3273 1886 3316 Baptisma
1909 3282 2010 3308 mortis
2031 3282 2133 3310 timore

1255 3321 1440 3365 confugerent
1462 3346 1473 3362 ,
1499 3327 1675 3363 apparuerit
1703 3325 1827 3367 Angelus
1861 3325 1994 3358 humana
2014 3325 2134 3368 specie,

1256 3373 1379 3405 dicens:
1407 3373 1563 3415 ,Quamdiu
1575 3372 1630 3406 buc
1639 3378 1758 3406 mittitis
1771 3373 1923 3416 marsupia
1943 3375 2016 3415 ista,
2038 3375 2134 3418 figna-
2163 3416 2165 3419 7

1255 3431 1289 3455 ta
1314 3422 1453 3464 quidem,
1478 3422 1584 3456 inam‘a
1607 3433 1705 3457 auum
1725 3426 1846 3465 prorsisr
1868 3449 1878 3465 ‚
1904 3427 1938 3460 (Ὗ
1959 3436 2073 3464 vacua,
2101 3427 2134 3460 (⁸7
2160 3421 2163 3430 '

1703 3474 1737 3507 O
1787 3486 1808 3512 2
2012 3474 2088 3507 mbr(

2155 2856 2229 2894 Cap.
2244 2859 2310 2891 198.
