2346 3724
128 330 201 370 Cap-
220 340 246 365 ,4.

321 126 397 176 ν18

266 225 344 250 men
358 240 370 256 ,
396 214 550 257 &ipsum
572 212 685 253 amate
704 214 814 250 statim
835 215 1026 258 deplorante
1037 215 1155 249 Sancto

265 265 367 300 Petro
382 264 545 307 Apostoio
569 263 680 303 scribit
702 266 737 300 in
763 276 855 302 nono
867 265 1022 299 Sermone
1032 264 1073 298 de
1085 265 1153 298 Do-

264 317 349 350 mini
371 314 521 349 Paffione
534 315 684 360 Magnus
709 316 796 358 Papa
814 314 903 351 Leoe
925 318 1021 350 Perre
1035 340 1045 355 ‚
1071 314 1154 349 vidit

263 371 297 401 in
313 373 342 398 te
366 368 510 401 Dominus
535 376 592 398 non
608 366 699 408 fidem
718 365 822 408 fic‘lam
847 390 858 406 ,
885 375 942 398 non
969 365 1152 398 dilee‘lionem

262 412 429 458 aversam,
451 413 509 458 sed
531 414 723 456 constantiam
738 415 828 462 futffe
852 414 1024 450 turbatam.
1054 413 1151 448 Vidit

261 467 403 508 priorem
413 463 626 507 charitatem,
653 466 728 500 licet
746 477 814 500 non
825 467 966 502 eversam
978 488 989 505 ,
1015 464 1034 501 a
1049 465 1150 507 super-

259 514 408 550 venienti
430 525 540 552 tamen
568 514 736 553 validioris
760 515 1031 559 concupiscentiae
1055 523 1148 547 motu

259 565 441 608 superatam
454 577 551 610 atque
563 566 758 610 suppressam
771 590 778 598 .
805 566 854 599 lta
880 566 913 602 &
926 565 1001 598 illos
1016 563 1126 599 fideles
1137 587 1148 604 ,

258 625 343 657 quos
364 615 399 650 in
421 614 527 652 thuris
548 626 603 649 aut
629 615 732 651 libelli
760 615 883 650 crimen
909 614 1056 649 Deciana
1082 624 1148 647 tor-

258 674 447 700 mentorum
472 665 628 701 violentia
652 665 834 709 dejecerat,
860 666 996 700 Sanetus
1011 664 1145 707 Cypria-

258 726 320 748 nus
335 716 520 758 frequenter
536 716 674 751 affirmat
695 726 764 750 non
779 716 873 752 fuiffe
894 725 1041 750 mortuos
1054 737 1064 753 ,
1091 713 1142 749 sed

255 764 428 800 dumtaxat
438 777 540 811 aegros
554 791 565 806 ,
577 766 734 800 sauciatos
747 791 758 807 ,
770 776 807 799 ac
819 766 1005 799 Semineces
1015 777 1026 799 ,·
1053 763 1142 810 Qia

256 815 374 858 nempe
396 817 497 853 solam
533 815 737 852 habitualem
773 816 913 859 gratiam
948 815 1141 854 amiserant,

256 876 326 899 non
350 865 447 900 fidem
461 891 471 906 ,
498 877 567 900 non
589 867 673 909 spem
693 891 704 907 ,
734 877 801 900 non
823 876 957 899 omnem
985 864 1139 901 astualem

118 912 236 949 Cap-21·
255 912 447 950 charitatem
461 941 468 948 .
497 915 655 955 Attamen
681 918 815 952 Sanetus
838 915 952 948 Petrus
967 925 1047 949 tunc
1068 925 1139 950 nec-

95 1408 167 1451 βαρ.
182 1418 226 1447 30.

253 964 333 1000 dum
349 976 414 1000 erat
427 966 460 1000 in
473 965 633 1001 charitate
647 968 823 1010 perfectus:
852 963 959 999 Immo
973 976 1033 999 nec
1044 963 1138 999 robu*

252 1013 337 1047 stus·
365 1016 562 1063 Qodtunc
576 1027 707 1059 parvam
734 1027 771 1049 ac
785 1016 948 1052 infirmam
967 1014 1138 1050 dumtaxat

249 1061 441 1099 charitatem
470 1065 621 1101 habuerit
647 1091 658 1107 ,
697 1065 814 1101 diserto
839 1066 979 1101 affirmat
1006 1064 1138 1102 sanetus

249 1114 458 1159 Augustinus
480 1117 514 1150 in
538 1116 623 1150 libro
646 1115 687 1150 de
701 1116 815 1153 Gratia
837 1127 874 1149 ac
897 1114 1019 1149 Libero
1043 1113 1135 1150 Arbi-

248 1165 335 1205 trio,
361 1166 395 1199 &
409 1166 506 1200 variis
523 1166 595 1200 aliis
617 1165 652 1201 in
666 1167 768 1200 locis.
797 1166 853 1199 An
869 1175 983 1201 omnes
998 1163 1136 1208 istiiapfi

249 1214 456 1251 Confeffores
469 1217 588 1250 fuerint
608 1215 707 1252 etiam
731 1215 872 1256 infirmi,
898 1215 944 1249 est
964 1226 1012 1251 res
1025 1215 1137 1252 multae

247 1265 433 1307 quaestionis
444 1290 451 1298 .
480 1266 655 1312 Qidquid
668 1267 705 1300 fit
716 1291 726 1306 ,
740 1266 871 1301 Sanetus
885 1265 1000 1299 Petrus
1014 1289 1027 1305 ,
1051 1264 1131 1299 dum

244 1313 281 1349 in
306 1315 473 1358 judaicam
497 1317 738 1353 simulationem
758 1317 864 1360 lapsus
895 1315 965 1356 est,
993 1314 1136 1351 omnino

243 1375 312 1399 erat
333 1366 368 1399 in
389 1364 549 1401 charitate
562 1367 737 1409 perfestus.
767 1368 809 1400 Et
826 1377 938 1400 tamen
956 1365 1047 1409 quod
1062 1364 1134 1398 istic

242 1413 387 1458 graviter
412 1415 586 1455 deliquerit
613 1439 625 1455 ,
665 1416 754 1452 idem
786 1415 995 1458 Augustinus
1019 1413 1135 1449 diserte

242 1464 380 1498 affirmat
401 1463 436 1496 in
456 1462 541 1498 libro
564 1464 605 1498 de
631 1463 755 1509 Agone
780 1463 971 1500 Christiano
995 1487 1003 1496 .
1031 1464 1134 1498 Hunc

241 1510 367 1557 lapsum
382 1513 558 1557 :equiparat
578 1513 670 1546 trinae
684 1513 761 1555 ‘ejus
781 1515 975 1556 negationi.
1004 1511 1134 1555 Nempe

240 1564 424 1606 &perfecta
448 1563 542 1606 ipfius
553 1560 692 1596 charitas
717 1573 795 1599 tunc
817 1563 881 1597 fuit
904 1563 990 1606 passa
1008 1561 1133 1596 hostem

241 1615 274 1647 se
289 1613 502 1649 validiorem.
533 1613 576 1647 Et
591 1624 645 1655 per
660 1612 731 1646 illas
755 1612 907 1656 potuisset
930 1623 997 1646 non
1018 1613 1133 1647 solum-

240 1663 344 1698 modo
366 1663 454 1696 vinci
468 1689 478 1704 ,
504 1660 555 1696 sed
572 1663 606 1697 &
634 1663 736 1696 erui.
765 1661 907 1696 Proinde
927 1662 982 1699 hic
1004 1661 1133 1698 Articu-

241 1713 292 1749 lus
309 1738 318 1752 ,
347 1716 469 1750 Gratiae
481 1718 615 1747 interiore·
625 1723 789 1755 numquam
806 1712 940 1754 refistitur·
953 1736 963 1752 ‚
989 1712 1066 1747 licet
1080 1723 1134 1755 per

240 1765 380 1808 gratiam
403 1763 607 1807 intelligatur
630 1763 845 1799 efficaciffima
872 1763 983 1799 vistrix
1000 1764 1103 1807 gratia
1122 1786 1133 1802 ‚

240 1814 286 1849 est
301 1813 448 1857 legitime
474 1825 528 1857 per
554 1813 780 1856 Apostolicam
804 1812 921 1851 Sedem
934 1811 1132 1847 circumscri-

241 1875 333 1907 ptus.
362 1863 451 1897 Nam
478 1862 706 1908 &haecgratia
732 1875 801 1897 non
828 1863 1039 1897 solummodo
1066 1862 1132 1905 pati

241 1914 346 1957 potest
359 1913 565 1951 resistentiam
577 1937 588 1954 ‚
615 1914 667 1954 sed
678 1913 775 1949 etiam
789 1914 925 1956 superari
939 1924 1035 1955 atque
1048 1923 1131 1947 ever-

242 1964 268 2002 ti
284 1988 291 1999 .
321 1964 363 1997 Et
379 1963 432 1998 hic
448 1964 617 2001 Articulus
633 1987 644 2004 ,
671 1967 752 1999 Deus
765 1974 822 1998 non
843 1961 953 2006 deserit
965 1962 1020 2003 niſs
1036 1963 1132 2006 deser-

242 2021 314 2052 tus,
340 2013 481 2056 intelligi
492 2012 589 2049 debet
612 2013 656 2048 de
671 2014 795 2047 Divina
820 2013 1134 2050 nontantummodo

243 2074 298 2106 per
310 2061 512 2097 habitualem
525 2084 536 2101 ,
562 2063 614 2096 sed
640 2064 672 2098 ὅ(
687 2075 740 2106 per
753 2064 910 2099 actualem
925 2065 1063 2108 gratiam
1078 2064 1130 2100 de-

245 2112 404 2147 sertione:
431 2111 518 2155 Qia
530 2111 629 2146 etiam
653 2113 784 2145 actualis
804 2115 910 2156 gratia
931 2113 976 2147 est
994 2114 1058 2147 Dei
1077 2113 1133 2147 do·

246 2173 329 2197 num
350 2162 414 2196 fine
439 2161 649 2203 poenitentia.
679 2160 886 2197 Haec'omnia
897 2162 1066 2199 abundant
1078 2174 1134 2201 no-

247 2212 298 2250 dis
310 2236 320 2256 ,
347 2213 405 2245 suo
421 2221 564 2260 tempore
575 2209 784 2250 diffolvendis
801 2234 808 2247 .

582 2417 628 2460 Si
660 2410 783 2461 Vidua
794 2447 808 2459 .

300 2562 427 2599 Nescio
447 2561 521 2606 quis
550 2560 590 2595 ad
615 2559 781 2595 decimum
792 2557 913 2595 Christi
929 2558 1070 2595 Domini
1083 2558 1138 2592 sae-

255 2615 368 2650 culum
393 2612 565 2655 Presbyter
587 2610 780 2645 Ambrofius
809 2609 984 2644 venerabili
1007 2608 1138 2643 Vercel-

256 2665 354 2698 lensis
377 2662 524 2697 Ecclesia:
538 2661 701 2705 Episcopo
723 2660 842 2695 Attoni
862 2661 1029 2704 proposuit
1051 2658 1137 2692 hanc

252 2713 466 2758 quaestionem
490 2725 497 2744 :
533 2710 623 2754 ‚Quid
645 2716 678 2743 in
711 2711 887 2744 Canonibus
914 2709 1136 2748 Presbyterum,

255 2765 333 2806 quid
351 2766 512 2797 Diaconum
543 2761 703 2804 intelligere
725 2761 861 2794 debemus
874 2760 891 2791 ἒ
918 2761 959 2794 Et
974 2759 1059 2794 Atto
1081 2759 1137 2792 res-

255 2811 375 2856 pondit
397 2813 459 2846 effe
483 2813 583 2846 varias
607 2811 800 2845 sententias:
830 2811 932 2857 Quod
951 2810 1051 2851 aliqui
1068 2819 1135 2843 tam

254 2860 480 2903 Presbyteram
492 2863 589 2905 quam
602 2861 788 2896 Diaconam
811 2862 932 2894 vellent
943 2860 1005 2894 effe
1016 2860 1136 2899 Sansti·

257 2910 451 2945 monialium
466 2911 667 2945 Abbatiffam
679 2935 689 2951 ,
715 2909 847 2955 quidam
861 2921 915 2953 per
926 2910 1006 2954 *illas
1017 2909 1136 2943 intelli—

258 2969 372 3006 gerent
398 2958 541 2997 relistam
564 2960 583 2992 a
602 2960 796 3004 Presbytero
829 2971 884 2995 aut
910 2959 1067 2994 Diacono
1091 2960 1136 2993 vi-

256 3011 358 3045 duam
379 3033 387 3041 .
413 3008 508 3043 Prior
534 3009 691 3043 sententia
713 3010 759 3045 est
790 3011 898 3054 inepta
921 3034 932 3050 ,
958 3019 996 3044 ac
1018 3010 1134 3054 ignota

257 3059 345 3104 apud
366 3059 520 3102 antiquos
541 3057 695 3092 Canoues
710 3073 722 3101 ,-
749 3060 906 3104 posterior
926 3069 1035 3094 autem
1058 3057 1135 3092 ista-

258 3119 332 3143 rum
346 3120 465 3144 vocum
487 3108 634 3150 acceptio
656 3108 700 3141 est
714 3108 762 3143 his
785 3109 960 3144 notiffima.
990 3108 1079 3143 Nam
1101 3109 1135 3143 ὅ(

259 3159 415 3204 Episcopi
444 3158 578 3192 viduam
591 3157 639 3190 illi
661 3160 820 3201 appellant
832 3160 1046 3202 Episcopam.
1074 3159 1135 3192 Ea—

260 3219 333 3243 rum
344 3210 454 3243 tamen
467 3215 600 3247 neutra,
626 3207 678 3241 sed
688 3208 754 3242 sola
769 3209 861 3244 tertia
882 3208 1018 3243 Attonis
1040 3219 1135 3244 acce·-

261 3257 334 3302 ptio
358 3258 433 3292 facit
451 3257 494 3292 ad
519 3257 665 3292 nostrum
685 3254 740 3291 hic
760 3257 987 3302 Propositum:
1014 3260 1136 3292 Videtur

262 3306 348 3342 nobis
361 3331 371 3347 ,
392 3314 528 3348 quoniam
550 3313 582 3340 in
607 3312 768 3349 primitiva
778 3306 897 3350 Ecclefia
910 3333 921 3349 ,
945 3314 1016 3351 quia
1034 3307 1136 3351 secun-

264 3357 334 3392 dam
357 3360 540 3391 Dominitam
557 3368 656 3391 vocem
669 3359 755 3399 meffls
770 3360 864 3392 multa
876 3382 887 3399 ,
908 3363 1038 3401 operarii
1045 3364 1134 3400 pauci

265 3404 468 3450 videbantur,
489 3407 533 3443 ad
543 3406 749 3453 adjumentum
767 3414 902 3444 virorum
922 3413 1016 3446 ceiam
1025 3409 1135 3455 religio·

836 124 1348 174 §cnossi

1417 133 1580 171 OsN⁴

1215 212 1262 257 J'ae
1271 213 1406 248 mulieres
1417 217 1450 246 in
1455 211 1564 256 sanda
1573 207 1700 251 Eccltfia
1708 210 1844 246 cultrices
1859 210 2078 246 ordinabantur
2090 238 2100 246 .

1220 265 1315 308 ‚Quod
1333 263 1456 304 ostendit
1480 263 1584 299 beatus
1598 261 1709 296 Paulus
1726 267 1760 294 in
1770 260 1903 304 Epistola
1924 265 1970 297 ad
1987 267 2100 297 Roma-

1214 325 1290 354 nos,
1314 325 1378 349 cum
1388 320 1451 346 ait:
1480 311 1690 348 Commendo
1712 310 1807 347 vobis
1818 312 1978 348 Phoebem
2004 315 2098 349 soro-

1213 375 1281 399 rem
1304 375 1409 399 meam
1422 373 1493 406 quae
1513 362 1606 397 estin
1629 361 1811 398 ministerio
1831 362 2001 405 Ecclesiae,
2029 376 2100 409 quae

1211 414 1256 448 est
1273 413 1307 448 in
1321 411 1494 454 Cenchris.
1524 413 1579 446 Uin·
1590 412 1766 455 intelligitur
1777 436 1789 452 ,
1814 419 1884 456 quia
1906 423 1975 448 tunc
1989 425 2047 448 non
2055 414 2099 460 so-

1211 465 1272 498 lum
1295 470 1357 499 viri
1379 486 1389 502 ‚
1410 462 1470 507 sed
1492 469 1584 499 etiam
1600 462 1740 505 foeminae
1762 471 1920 505 preferant
1942 463 2099 507 Ecclesi‘is,

1210 526 1329 560 magnae
1347 513 1457 556 scilicet
1467 513 1612 549 utilttatis
1633 511 1742 555 causa.
1770 516 1859 545 Nam
1881 515 2018 549 mulieres
2041 516 2097 548 diu

1210 567 1399 607 Paganorum
1410 563 1520 599 ritibus
1534 564 1653 609 affuetae
1665 587 1675 603 ,
1704 561 1909 606 Philosopbicis
1921 569 2015 599 etiam
2025 566 2097 609 dog-

1209 613 1341 650 matibus
1354 613 1502 654 instrudlae
1513 637 1525 656 ,
1550 613 1623 649 bene
1639 621 1696 657 per
1707 612 1762 647 has
1764 612 1954 655 familiarius
1975 625 2097 649 conver-

1207 663 1348 698 tebantur
1359 689 1369 704 ‚
1395 665 1429 697 Θ
1440 666 1479 698 de
1489 665 1632 707 religionis
1642 664 1720 696 cultu
1740 661 1860 696 liberius
1873 664 2070 698 edocebantur·
2085 689 2094 697 .

1206 715 1299 756 ,Quod
1317 713 1462 757 postmodo
1501 711 1681 755 Laodicense
1712 711 1867 757 probibuit
1904 716 2091 748 Concilium:

1207 763 1309 809 Quod
1323 775 1390 797 non
1402 773 1533 807 oportet
1553 774 1606 797 eas
1619 787 1631 803 ,
1650 772 1726 807 quae
1746 762 1902 797 dicuntur
1922 764 2091 808 Presbyte-

1206 826 1243 850 rae
1256 814 1305 847 vel
1318 812 1547 854 Praefidentes,
1575 814 1608 846 in
1623 811 1775 846 Ecclefiis
1796 810 1940 847 ordinari
1954 838 1963 848 .
1988 818 2096 849 Diaco-

1205 875 1260 896 nas
1284 867 1356 897 vero
1377 865 1524 898 credimus
1543 862 1634 906 fuisse
1660 862 1769 895 talium
1791 862 1942 904 ministras
1968 888 1975 896 .
2001 868 2093 898 Nam

1203 918 1367 948 Diaconum
1384 915 1513 946 dicimus
1543 911 1713 952 Ministrum
1744 935 1755 953 ,
1791 914 1814 946 ἆ
1837 924 1892 955 quo
1914 914 2090 947 derivatam

1198 962 1390 1007 perspicimus
1404 966 1582 999 Diaconum.
1594 962 1808 997 Demonstrat
1824 962 1994 997 Diaconas
2005 964 2091 1000 olim

1201 1015 1293 1051 fuiffe
1305 1013 1457 1057 Episcopi
1473 1014 1505 1046 in
1522 1012 1695 1047 mulierum
1718 1011 1886 1055 Baptismo
1897 1013 2088 1055 Miniſtras,

1201 1075 1237 1097 ac
1250 1065 1470 1107 prosequitur:
1495 1065 1576 1097 sicut
1596 1062 1645 1098 hae
1667 1074 1734 1107 quae
1751 1061 1931 1101 Presbyterae
1953 1063 2092 1097 diceban·

1201 1123 1251 1147 tur
1263 1138 1274 1154 ,
1290 1114 1486 1156 ,praedicandi
1499 1138 1510 1154 ,
1529 1113 1684 1155 jubendi,
1710 1114 1761 1147 vel
1771 1114 1929 1153 edocendi,
1955 1112 2086 1156 trasane

1200 1167 1343 1199 Diaconae
1363 1164 1555 1205 ministrandi
1577 1165 1627 1197 vel
1633 1162 1816 1205 baptizandi
1828 1163 1951 1204 officium
1958 1160 2089 1208 sumpse-

1197 1223 1269 1247 runt
1291 1238 1301 1254 ,
1327 1216 1409 1258 quod
1425 1224 1501 1247 nunc
1520 1215 1642 1247 minime*
1663 1214 1785 1254 expedit
1812 1237 1821 1245 .
1849 1212 1928 1247 Hoc
1949 1213 2091 1249 Attonis

1200 1264 1404 1307 Rescriptum
1415 1264 1460 1298 est
1474 1264 1639 1308 insigniter
1650 1263 1817 1297 eruditum
1832 1287 1839 1295 .

1249 1313 1394 1349 Proinde
1415 1314 1465 1348 uti
1488 1312 1673 1356 Presbyteri
1693 1323 1769 1348 cum
1800 1313 1962 1347 Diaconis
1993 1337 2004 1353 ,
2042 1312 2092 1349 itu

1197 1374 1271 1397 cum
1295 1363 1494 1398 Diaconiffis
1517 1361 1719 1404 Presbyterae
1730 1362 1825 1395 nullo
1835 1362 1938 1396 modo
1958 1364 2091 1405 possunt

1196 1412 1374 1448 confundi.
1402 1413 1536 1446 sanctus
1547 1411 1668 1445 Paulus
1683 1410 1874 1452 Apostolus,
1888 1412 1966 1445 sacri
1979 1411 2090 1447 Cano-

1198 1472 1274 1503 neS,
1300 1473 1338 1496 ac
1349 1461 1476 1504 antiqui
1491 1460 1637 1493 Ecclesia»,
1658 1459 1769 1494 Patres
1793 1471 1847 1502 per
1860 1462 1964 1494 sacras
1973 1462 2089 1496 viduas

1196 1511 1394 1554 quandoque
1428 1509 1623 1554 intelligunt
1655 1518 1723 1543 tam
1755 1510 1963 1544 Diaconiffas
1988 1522 2088 1555 quam

1196 1560 1403 1604 Presbyteras
1425 1585 1436 1601 ,
1463 1559 1519 1594 hic
1541 1571 1649 1594 tamen
1681 1559 1788 1594 noster
1810 1561 1988 1604 Septimius
2006 1562 2090 1595 solas

1197 1611 1253 1650 has
1276 1610 1434 1654 intelligit
1448 1635 1455 1646 ,
1483 1610 1526 1644 Et
1543 1610 1584 1646 de
1596 1610 1667 1653 ipfis
1679 1612 1725 1645 est
1738 1610 1841 1645 multa
1855 1611 1982 1645 mentio
2001 1611 2091 1655 apud.

1196 1662 1345 1696 Sanctum
1371 1662 1531 1704 Joannem
1554 1658 1828 1703 Chrysostomum
1852 1685 1860 1693 .
1887 1659 1925 1695 In
1948 1660 2090 1697 homilia

1197 1713 1288 1755 super
1298 1711 1451 1755 Apostoli
1465 1710 1566 1745 verbo
1576 1735 1586 1751 ,
1615 1711 1714 1745 Vidua
1726 1712 1854 1754 eligatur
1871 1722 1927 1743 non
1940 1716 2033 1744 minor
2039 1711 2090 1755 se-

1196 1767 1324 1805 xaginta
1333 1772 1499 1801 annorum,
1526 1760 1593 1794 haec
1606 1759 1725 1795 habes:
1751 1765 1858 1803 operae
1874 1768 2006 1803 pretium
2014 1761 2089 1803 fue-

1194 1818 1234 1844 rit
1246 1822 1279 1846 ut
1292 1814 1408 1845 attente
1418 1810 1622 1854 confideremus
1637 1835 1647 1851 ,
1674 1813 1711 1845 de
1722 1822 1780 1853 qua
1793 1812 1916 1844 tandem
1926 1813 2020 1845 vidua
2034 1811 2088 1845 boc

1195 1864 1252 1895 loco
1275 1861 1422 1903 Apostolus
1446 1862 1540 1894 verba
1547 1860 1647 1902 faciat
1661 1885 1668 1892 .
1699 1865 1785 1894 Nam
1798 1863 1832 1897 ᾧ·
1842 1862 1903 1894 illae
1925 1863 2030 1896 viduae
2041 1862 2091 1894 di-

1195 1921 1302 1945 cuntur
1316 1936 1328 1952 ,
1353 1924 1421 1956 quae
1446 1913 1511 1945 cum
1530 1917 1562 1944 in
1586 1909 1735 1954 summam
1745 1912 1903 1944 inciderint
1914 1912 2089 1955 egestatem,

1196 1964 1229 1995 ἐν
1247 1967 1280 1995 in
1287 1963 1475 1999 matriculam
1485 1962 1590 1997 telam
1596 1960 1717 2003 fuerint
1729 1985 1739 2000 ,
1767 1973 1806 1995 ex
1817 1964 1846 1994 E
1849 1959 2017 2002 cclefiasticis
2030 1970 2090 2004 pe·-

1196 2018 1291 2046 cuniis
1314 2014 1455 2051 aluntur,
1476 2020 1565 2054 prout
1596 2013 1759 2054 apostolicis
1782 2011 1957 2053 temporibus
1972 2011 2089 2054 fiebat.
2114 2007 2116 2009 ’

1196 2067 1305 2105 Neque
1324 2066 1395 2097 ‘vero
1403 2061 1497 2106 solum
1511 2064 1572 2096 illae
1583 2063 1721 2096 dicuntur
1733 2064 1835 2095 viduae
1846 2086 1857 2102 ,
1879 2060 1936 2104 sed
1955 2064 1989 2096 (τ
2003 2063 2066 2096 tllae
2074 2072 2096 2104 ‚‘

1197 2124 1263 2156 quae
1266 2113 1470 2155 facultatibus
1494 2112 1684 2146 abundantes
1697 2137 1709 2153 ,
1734 2124 1799 2146 cum
1820 2113 1919 2144 domui
1925 2110 2065 2156 praesunt
2075 2135 2091 2154 ,

1197 2169 1342 2197 maritum
1368 2165 1531 2197 dumtaxat
1547 2162 1707 2206 amiserunt
1719 2186 1729 2203 ,
1756 2162 1918 2195 Videamus
1937 2173 2024 2206 ergo,
2049 2162 2088 2196 do

1197 2226 1329 2256 quanam
1338 2215 1433 2248 vidua
1443 2212 1492 2247 boc
1505 2214 1562 2247 loco
1584 2213 1679 2247 verba
1682 2211 1787 2256 faciat
1800 2236 1811 2252 ,
1838 2214 1912 2245 dum
1934 2218 2000 2245 ait:
2026 2209 2094 2245 Vi«

1198 2262 1261 2297 dua
1281 2263 1421 2306 eligatur
1445 2273 1513 2296 non
1525 2263 1637 2296 minor
1661 2262 1757 2307 annis
1770 2262 1936 2306 sexaginta
1949 2286 1957 2294 .
1984 2266 2032 2295 An
2049 2262 2089 2295 de

1198 2321 1242 2342 ea
1255 2321 1323 2349 qua
1344 2312 1456 2343 auxilia
1478 2313 1630 2352 indigeat,
1655 2312 1793 2353 &quam
1802 2318 1874 2352 opus
1879 2310 1920 2351 fit
1940 2322 1978 2344 ex
1991 2311 2090 2345 Eccle-

1192 2355 1312 2399 siasticis
1324 2362 1458 2398 pecuniis
1467 2358 1514 2397 ‘ali
1529 2379 1538 2393 ‚
1564 2368 1605 2388 an
1618 2360 1656 2389 de
1666 2368 1702 2389 ea
1714 2381 1724 2395 ,
1750 2371 1818 2397 quae
1826 2361 1949 2391 minime*
1959 2360 2000 2398 fit
2012 2362 2090 2394 indl-

1194 2419 1237 2450 ga
1250 2431 1260 2448 ,
1285 2407 1318 2439 (7
1339 2405 1440 2448 opibus
1461 2405 1638 2446 circumfluat
1650 2430 1658 2439 .
1686 2407 1778 2438 Haud
1794 2406 1939 2447 dubium,
1964 2413 2038 2449 quin
2048 2409 2098 2442 de,

1199 2456 1271 2497 ista.
1299 2460 1385 2489 Nam
1406 2457 1442 2488 de
1459 2457 1510 2488 illa
1534 2457 1653 2497 quidem
1676 2465 1741 2488 cum
1763 2455 1894 2497 loquitur
1914 2466 1981 2497 quae
1996 2456 2088 2497 famo

1198 2506 1346 2548 conficitur
1357 2531 1367 2547 ,
1394 2517 1452 2539 non
1465 2513 1581 2547 tempus
1591 2506 1711 2549 affgnat
1722 2529 1732 2544 ,
1758 2516 1816 2539 non
1832 2505 2013 2547 probitatem
2029 2519 2089 2541 mo·

1199 2569 1264 2590 rum
1285 2562 1411 2598 requirit
1424 2579 1435 2596 ,
1456 2555 1513 2598 sed
1531 2553 1662 2599 absolute
1674 2560 1773 2597 inquit
1784 2569 1795 2588 .·
1822 2557 1855 2590 Si
1868 2555 1940 2597 quis
1954 2555 2061 2592 fidelis
2073 2581 2096 2602 „

1198 2617 1252 2640 aut
1265 2618 1328 2650 qua
1342 2606 1448 2640 fidelis
1470 2604 1582 2640 viduas
1604 2604 1720 2645 habet,
1751 2604 1972 2640 subministret
1999 2605 2096 2652 mis,

1198 2658 1230 2692 &
1243 2667 1310 2690 non
1323 2667 1475 2701 gravetur
1487 2656 1626 2690 Ecclesia
1639 2680 1646 2690 .
1674 2659 1746 2688 Non
1758 2656 1839 2688 dixit
1855 2678 1866 2694 ,
1891 2655 1979 2690 Cum
2000 2656 2096 2693 sexa·.

1198 2708 1291 2752 ginta
1313 2717 1474 2741 annorum
1498 2703 1614 2747 fuerit3
1643 2717 1701 2739 nott
1710 2706 1815 2746 dixit,
1840 2705 1874 2740 Si
1885 2704 2030 2750 hospitio
2040 2717 2086 2742 re·

1199 2757 1307 2800 cepit,
1335 2757 1356 2789 fi
1379 2756 1570 2790 Sand’torum
1581 2755 1675 2799 pedes
1688 2755 1784 2790 lavit.
1812 2759 1853 2789 Ac
1876 2757 1978 2790 merito
1984 2754 2092 2800 sane,¹

1198 2807 1255 2841 Ubi
1274 2811 1353 2841 enim
1365 2811 1471 2848 inopia·
1478 2805 1576 2847 fuerit
1600 2805 1800 2839 adhibendum
1810 2808 1955 2840 auxilium
1967 2831 1978 2847 ,
2003 2816 2094 2843 tem-,

1195 2865 1254 2899 pus
1267 2868 1323 2890 non
1334 2855 1471 2898 expellat
1484 2880 1491 2890 .
1519 2857 1609 2899 ‚Quid
1617 2861 1694 2889 enim
1702 2853 1728 2896 fi
1731 2866 1797 2888 cum
1807 2867 1948 2889 annorum
1955 2855 1993 2897 sit
2000 2860 2096 2900 quim,

1197 2914 1343 2951 quaginta
1355 2930 1366 2946 ,
1385 2906 1475 2949 fame
1487 2906 1676 2948 conficiatur?
1701 2905 2083 2950 ‚Quidfiinjuveniliaeta-

1197 2966 1226 2991 te
1233 2956 1270 2998 fit
1281 2957 1416 2990 mutilato
1427 2964 1541 2998 corpore
1553 2958 1565 2990 ?
1592 2960 1679 2989 Num
1690 2957 1814 2989 dormiet
1824 2955 1984 2998 expediam
1994 2979 2005 2995 ,
2031 2956 2083 2988 do·

1197 3019 1250 3041 nec
1269 3005 1463 3051 sexagesimus
1483 3017 1582 3040 annus
1596 3014 1722 3048 appetat
1732 3006 1749 3038 ,2
1776 3005 1822 3045 Ast
1834 3005 1885 3039 hoc
1893 3003 1976 3045 fhret
1986 3013 2094 3053 eutre·¹

1197 3069 1256 3091 mae
1271 3061 1472 3091 immanitatis
1488 3080 1496 3090 .
1523 3058 1628 3101 ,Quam
1640 3055 1674 3089 ob
1687 3054 1806 3099 causam
1813 3065 1880 3089 cum
1886 3052 2024 3099 sedanda
2027 3054 2091 3096 fag

1181 3131 1182 3135 ,
1196 3119 1256 3142 mes
1274 3106 1376 3149 fuerit
1385 3129 1395 3146 ‚
1421 3114 1478 3140 non
1492 3107 1586 3140 anxie
1597 3112 1628 3139 in
1640 3115 1773 3148 tempora
1784 3108 1816 3140 θ
1826 3109 1939 3138 animae
1948 3109 2082 3138 virtutes

1181 3151 1324 3200 ¹inquirit
1336 3171 1350 3200 ,-
1375 3168 1440 3192 cum
1460 3160 1531 3191 vero
1555 3169 1612 3191 non
1638 3153 2003 3199 inopiae‘succurrendum,
2023 3152 2083 3196 sed

1196 3207 1284 3241 bonor
1304 3207 1341 3248 est
1361 3215 1418 3250 pro
1437 3208 1583 3252 dignitate
1601 3205 1777 3248 deferendus
1789 3227 1799 3243 ,
1826 3205 1930 3236 merito
1953 3202 2032 3236 bant
2041 3203 2092 3244 de,

1178 3256 1182 3292 l
1195 3258 1323 3291 moribus
1338 3255 1545 3301 inquisitionem
1554 3256 1678 3297 instituit
1691 3278 1698 3286 .
1735 3257 1823 3285 Nam
1835 3253 2082 3294 quemadmodum

1194 3306 1272 3341 cbori
1289 3305 1361 3351 sunt
1383 3313 1554 3351 virginum,
1573 3305 1614 3347 fic
1635 3306 1703 3337 olim
1722 3311 1810 3338 erant
1837 3303 1872 3336 ὀ·
1897 3302 2079 3336 viduarum.

1197 3363 1304 3401 Neque
1313 3357 1412 3399 paffim
1427 3357 1487 3390 illis
1498 3355 1604 3393 licebat
1613 3360 1646 3387 in
1655 3354 1816 3387 viduarum
1828 3363 1981 3385 numerum
1992 3350 2083 3393 refer·

1194 3413 1241 3443 ri.
1269 3408 1369 3446 Hanc
1392 3406 1621 3452 Apostolicam
1658 3403 1831 3441 viduarum
1850 3401 2079 3484 discretiosnem

1961 3463 1994 3486 in
2008 3463 2031 3487 ι-
