<?xml version="1.0" encoding="UTF-8"?>
<!DOCTYPE html PUBLIC "-//W3C//DTD XHTML 1.0 Transitional//EN"
    "http://www.w3.org/TR/xhtml1/DTD/xhtml1-transitional.dtd">
<html xmlns="http://www.w3.org/1999/xhtml" xml:lang="en" lang="en">
 <head>
  <title>
</title>
<meta http-equiv="Content-Type" content="text/html;charset=utf-8" />
  <meta name='ocr-system' content='tesseract 3.04.00' />
  <meta name='ocr-capabilities' content='ocr_page ocr_carea ocr_par ocr_line ocrx_word'/>
</head>
<body>
  <div class='ocr_page' id='page_1' title='image "./operaomniastudio09lupuuoft/operaomniastudio09lupuuoft_0091.png"; bbox 0 0 2346 3724; ppageno 0'>
   <div class='ocr_carea' id='block_1_1' title="bbox 120 1975 222 2056">
    <p class='ocr_par' dir='ltr' id='par_1_1' title="bbox 120 1975 222 2056">
     <span class='ocr_line' id='line_1_1' title="bbox 124 1975 218 2024; baseline -0.043 -14"><span class='ocrx_word' id='word_1_1' title='bbox 124 1975 185 2024; x_wconf 84' lang='lat' dir='ltr'>Lib.</span> <span class='ocrx_word' id='word_1_2' title='bbox 195 1986 218 2013; x_wconf 84' lang='lat'>3.</span> 
     </span>
     <span class='ocr_line' id='line_1_2' title="bbox 120 2025 222 2056; baseline -0.02 -6"><span class='ocrx_word' id='word_1_3' title='bbox 120 2025 185 2056; x_wconf 78' lang='lat' dir='ltr'>cap.</span> <span class='ocrx_word' id='word_1_4' title='bbox 195 2026 222 2054; x_wconf 80' lang='lat'>3.</span> 
     </span>
    </p>
   </div>
   <div class='ocr_carea' id='block_1_2' title="bbox 86 2400 227 2442">
    <p class='ocr_par' dir='ltr' id='par_1_2' title="bbox 86 2400 227 2442">
     <span class='ocr_line' id='line_1_3' title="bbox 86 2400 227 2442; baseline -0.021 -9"><span class='ocrx_word' id='word_1_5' title='bbox 86 2400 159 2442; x_wconf 76' lang='lat' dir='ltr'>Cap.</span> <span class='ocrx_word' id='word_1_6' title='bbox 177 2404 227 2439; x_wconf 85' lang='lat'>36.</span> 
     </span>
    </p>
   </div>
   <div class='ocr_carea' id='block_1_3' title="bbox 133 3008 232 3043">
    <p class='ocr_par' dir='ltr' id='par_1_3' title="bbox 133 3008 232 3043">
     <span class='ocr_line' id='line_1_4' title="bbox 133 3008 232 3043; baseline 0 -4"><span class='ocrx_word' id='word_1_7' title='bbox 133 3008 194 3043; x_wconf 73' lang='lat' dir='ltr'>Lib.</span> <span class='ocrx_word' id='word_1_8' title='bbox 206 3021 232 3042; x_wconf 75' lang='lat' dir='ltr'>a..</span> 
     </span>
    </p>
   </div>
   <div class='ocr_carea' id='block_1_4' title="bbox 766 155 1998 211">
    <p class='ocr_par' dir='ltr' id='par_1_4' title="bbox 766 155 1998 211">
     <span class='ocr_line' id='line_1_5' title="bbox 766 155 1998 211; baseline -0.003 -9"><span class='ocrx_word' id='word_1_9' title='bbox 766 163 1357 207; x_wconf 68' lang='lat' dir='ltr'>CA,1·&gt;11·13</span> <span class='ocrx_word' id='word_1_10' title='bbox 1474 155 1530 199; x_wconf 91' lang='lat' dir='ltr'>V.</span> <span class='ocrx_word' id='word_1_11' title='bbox 1930 159 1998 211; x_wconf 83' lang='lat'>89</span> 
     </span>
    </p>
   </div>
   <div class='ocr_carea' id='block_1_5' title="bbox 227 237 2069 593">
    <p class='ocr_par' dir='ltr' id='par_1_5' title="bbox 227 237 2069 593">
     <span class='ocr_line' id='line_1_6' title="bbox 228 237 2065 290; baseline -0.004 -5"><span class='ocrx_word' id='word_1_12' title='bbox 228 249 402 285; x_wconf 73' lang='lat' dir='ltr'>dumtaxat</span> <span class='ocrx_word' id='word_1_13' title='bbox 411 245 582 289; x_wconf 69' lang='lat' dir='ltr'>,pmillis&#39;,</span> <span class='ocrx_word' id='word_1_14' title='bbox 604 256 679 289; x_wconf 72' lang='lat' dir='ltr'>quae</span> <span class='ocrx_word' id='word_1_15' title='bbox 694 242 816 281; x_wconf 83' lang='lat' dir='ltr'>habent</span> <span class='ocrx_word' id='word_1_16' title='bbox 829 243 1038 290; x_wconf 81' lang='lat' dir='ltr'>Apostolicas</span> <span class='ocrx_word' id='word_1_17' title='bbox 1052 243 1112 277; x_wconf 86' lang='lat' dir='ltr'>Ca·</span> <span class='ocrx_word' id='word_1_18' title='bbox 1157 244 1162 275; x_wconf 71' lang='lat' dir='ltr'>l</span> <span class='ocrx_word' id='word_1_19' title='bbox 1171 253 1248 289; x_wconf 75' lang='lat' dir='ltr'>gare</span> <span class='ocrx_word' id='word_1_20' title='bbox 1259 251 1318 273; x_wconf 88' lang='lat' dir='ltr'>non</span> <span class='ocrx_word' id='word_1_21' title='bbox 1324 247 1412 283; x_wconf 85' lang='lat' dir='ltr'>potes</span> <span class='ocrx_word' id='word_1_22' title='bbox 1418 237 1494 283; x_wconf 79' lang='lat' dir='ltr'>scire</span> <span class='ocrx_word' id='word_1_23' title='bbox 1504 248 1535 274; x_wconf 78' lang='lat' dir='ltr'>te</span> <span class='ocrx_word' id='word_1_24' title='bbox 1544 253 1557 274; x_wconf 89' lang='lat'>.·</span> <span class='ocrx_word' id='word_1_25' title='bbox 1581 240 1663 275; x_wconf 88' lang='lat' dir='ltr'>Hoc</span> <span class='ocrx_word' id='word_1_26' title='bbox 1678 241 1765 277; x_wconf 82' lang='lat' dir='ltr'>enim</span> <span class='ocrx_word' id='word_1_27' title='bbox 1778 244 1962 281; x_wconf 66' lang='lat' dir='ltr'>Donatista</span> <span class='ocrx_word' id='word_1_28' title='bbox 1980 242 2065 280; x_wconf 70' lang='lat' dir='ltr'>adeo</span> 
     </span>
     <span class='ocr_line' id='line_1_7' title="bbox 231 290 2065 340; baseline -0.003 -7"><span class='ocrx_word' id='word_1_29' title='bbox 231 299 362 333; x_wconf 74' lang='lat' dir='ltr'>thedras</span> <span class='ocrx_word' id='word_1_30' title='bbox 371 296 677 340; x_wconf 48' lang='lat' dir='ltr'>,2sed2pweunctis2</span> <span class='ocrx_word' id='word_1_31' title='bbox 691 304 746 339; x_wconf 84' lang='lat' dir='ltr'>per</span> <span class='ocrx_word' id='word_1_32' title='bbox 757 295 938 339; x_wconf 87' lang='lat' dir='ltr'>Apostolos</span> <span class='ocrx_word' id='word_1_33' title='bbox 949 293 1095 328; x_wconf 90' lang='lat' dir='ltr'>fundatis</span> <span class='ocrx_word' id='word_1_34' title='bbox 1107 319 1113 325; x_wconf 92' lang='lat'><strong><em>.</em></strong></span> <span class='ocrx_word' id='word_1_35' title='bbox 1160 305 1164 336; x_wconf 82' lang='grc' dir='ltr'>ιΙ</span> <span class='ocrx_word' id='word_1_36' title='bbox 1171 302 1333 335; x_wconf 74' lang='lat' dir='ltr'>noverant</span> <span class='ocrx_word' id='word_1_37' title='bbox 1346 313 1358 331; x_wconf 89' lang='lat'><strong>,</strong></span> <span class='ocrx_word' id='word_1_38' title='bbox 1384 300 1421 325; x_wconf 88' lang='lat' dir='ltr'>ut</span> <span class='ocrx_word' id='word_1_39' title='bbox 1433 293 1545 334; x_wconf 83' lang='lat' dir='ltr'>paucis</span> <span class='ocrx_word' id='word_1_40' title='bbox 1555 290 1619 324; x_wconf 87' lang='lat' dir='ltr'>suis</span> <span class='ocrx_word' id='word_1_41' title='bbox 1631 291 1750 326; x_wconf 82' lang='lat' dir='ltr'>Romae</span> <span class='ocrx_word' id='word_1_42' title='bbox 1761 294 1807 327; x_wconf 91' lang='lat' dir='ltr'>ob</span> <span class='ocrx_word' id='word_1_43' title='bbox 1832 297 1965 339; x_wconf 79' lang='lat' dir='ltr'>negotia</span> <span class='ocrx_word' id='word_1_44' title='bbox 1986 306 2065 330; x_wconf 86' lang='lat' dir='ltr'>mo·-</span> 
     </span>
     <span class='ocr_line' id='line_1_8' title="bbox 230 337 2067 391; baseline -0.001 -9"><span class='ocrx_word' id='word_1_45' title='bbox 230 348 395 388; x_wconf 73' lang='lat' dir='ltr'>Priores‚a</span> <span class='ocrx_word' id='word_1_46' title='bbox 408 345 496 391; x_wconf 65' lang='lat' dir='ltr'>quod</span> <span class='ocrx_word' id='word_1_47' title='bbox 521 344 757 391; x_wconf 70' lang='lat' dir='ltr'>patriarchales</span> <span class='ocrx_word' id='word_1_48' title='bbox 776 346 862 385; x_wconf 84' lang='lat' dir='ltr'>fint&#39;,</span> <span class='ocrx_word' id='word_1_49' title='bbox 886 343 1039 388; x_wconf 81' lang='lat' dir='ltr'>fingulari</span> <span class='ocrx_word' id='word_1_50' title='bbox 1060 355 1115 377; x_wconf 85' lang='lat' dir='ltr'>au·</span> <span class='ocrx_word' id='word_1_51' title='bbox 1159 337 1323 390; x_wconf 58' lang='lat' dir='ltr'>lrantibus</span> <span class='ocrx_word' id='word_1_52' title='bbox 1336 342 1428 375; x_wconf 79' lang='lat' dir='ltr'>Afris</span> <span class='ocrx_word' id='word_1_53' title='bbox 1438 341 1579 377; x_wconf 85' lang='lat' dir='ltr'>crearint</span> <span class='ocrx_word' id='word_1_54' title='bbox 1590 340 1792 385; x_wconf 83' lang='lat' dir='ltr'>Episcopum</span> <span class='ocrx_word' id='word_1_55' title='bbox 1805 365 1816 381; x_wconf 92' lang='lat'>,</span> <span class='ocrx_word' id='word_1_56' title='bbox 1841 346 2008 388; x_wconf 84' lang='lat' dir='ltr'>ipsumque</span> <span class='ocrx_word' id='word_1_57' title='bbox 2020 345 2067 380; x_wconf 88' lang='lat' dir='ltr'>il·-</span> 
     </span>
     <span class='ocr_line' id='line_1_9' title="bbox 232 392 2069 440; baseline -0.002 -8"><span class='ocrx_word' id='word_1_58' title='bbox 232 397 377 433; x_wconf 60' lang='lat' dir='ltr'>ctoritate</span> <span class='ocrx_word' id='word_1_59' title='bbox 390 395 590 433; x_wconf 64' lang='lat' dir='ltr'>sunt-nostra</span> <span class='ocrx_word' id='word_1_60' title='bbox 601 395 858 432; x_wconf 84' lang='lat' dir='ltr'>Communionis</span> <span class='ocrx_word' id='word_1_61' title='bbox 867 395 991 430; x_wconf 85' lang='lat' dir='ltr'>radices</span> <span class='ocrx_word' id='word_1_62' title='bbox 1002 419 1009 426; x_wconf 91' lang='lat'><strong>.</strong></span> <span class='ocrx_word' id='word_1_63' title='bbox 1021 394 1115 430; x_wconf 87' lang='lat' dir='ltr'>Hinc</span> <span class='ocrx_word' id='word_1_64' title='bbox 1156 398 1164 421; x_wconf 54' lang='grc' dir='ltr'>’ἓ</span> <span class='ocrx_word' id='word_1_65' title='bbox 1176 393 1221 426; x_wconf 92' lang='lat' dir='ltr'>lic</span> <span class='ocrx_word' id='word_1_66' title='bbox 1233 392 1267 426; x_wconf 88' lang='lat' dir='ltr'>in</span> <span class='ocrx_word' id='word_1_67' title='bbox 1287 393 1400 426; x_wconf 85' lang='lat' dir='ltr'>nescio</span> <span class='ocrx_word' id='word_1_68' title='bbox 1420 402 1488 435; x_wconf 90' lang='lat' dir='ltr'>quo</span> <span class='ocrx_word' id='word_1_69' title='bbox 1500 402 1617 427; x_wconf 87' lang='lat' dir='ltr'>monte</span> <span class='ocrx_word' id='word_1_70' title='bbox 1639 404 1698 427; x_wconf 87' lang='lat' dir='ltr'>aut</span> <span class='ocrx_word' id='word_1_71' title='bbox 1710 401 1789 436; x_wconf 87' lang='lat' dir='ltr'>rupe</span> <span class='ocrx_word' id='word_1_72' title='bbox 1810 395 1993 428; x_wconf 77' lang='lat' dir='ltr'>latitantem</span> <span class='ocrx_word' id='word_1_73' title='bbox 2014 407 2069 440; x_wconf 71' lang='lat' dir='ltr'>ap-</span> 
     </span>
     <span class='ocr_line' id='line_1_10' title="bbox 227 428 2068 495; baseline -0.003 -13"><span class='ocrx_word' id='word_1_74' title='bbox 227 447 333 483; x_wconf 78' lang='lat' dir='ltr'>etiam</span> <span class='ocrx_word' id='word_1_75' title='bbox 356 445 563 483; x_wconf 72' lang='lat' dir='ltr'>Venerabilis</span> <span class='ocrx_word' id='word_1_76' title='bbox 573 444 761 482; x_wconf 84' lang='lat' dir='ltr'>Patriarcha</span> <span class='ocrx_word' id='word_1_77' title='bbox 772 446 861 482; x_wconf 76' lang='lat' dir='ltr'>Isaac</span> <span class='ocrx_word' id='word_1_78' title='bbox 886 447 921 479; x_wconf 89' lang='lat' dir='ltr'>in</span> <span class='ocrx_word' id='word_1_79' title='bbox 935 447 988 478; x_wconf 89' lang='lat' dir='ltr'>sua</span> <span class='ocrx_word' id='word_1_80' title='bbox 1004 446 1117 478; x_wconf 84' lang='lat' dir='ltr'>secun·</span> <span class='ocrx_word' id='word_1_81' title='bbox 1161 428 1327 495; x_wconf 49' lang='lat' dir='ltr'>{pellarint</span> <span class='ocrx_word' id='word_1_82' title='bbox 1348 441 1548 477; x_wconf 86' lang='lat' dir='ltr'>Pontificem</span> <span class='ocrx_word' id='word_1_83' title='bbox 1569 442 1765 478; x_wconf 83' lang='lat' dir='ltr'>Romanum</span> <span class='ocrx_word' id='word_1_84' title='bbox 1783 465 1792 474; x_wconf 94' lang='lat'>.</span> <span class='ocrx_word' id='word_1_85' title='bbox 1812 442 1977 476; x_wconf 64' lang='lat' dir='ltr'>⁴Sciebant</span> <span class='ocrx_word' id='word_1_86' title='bbox 2002 445 2068 479; x_wconf 67' lang='lat' dir='ltr'>»Gne</span> 
     </span>
     <span class='ocr_line' id='line_1_11' title="bbox 229 491 2069 541; baseline -0.003 -9"><span class='ocrx_word' id='word_1_87' title='bbox 229 497 272 532; x_wconf 86' lang='lat' dir='ltr'>da</span> <span class='ocrx_word' id='word_1_88' title='bbox 282 497 448 536; x_wconf 72' lang='lat' dir='ltr'>Investiva</span> <span class='ocrx_word' id='word_1_89' title='bbox 469 495 585 541; x_wconf 82' lang='lat' dir='ltr'>probat</span> <span class='ocrx_word' id='word_1_90' title='bbox 595 496 856 533; x_wconf 80' lang='lat' dir='ltr'>suosArmenios</span> <span class='ocrx_word' id='word_1_91' title='bbox 869 496 931 530; x_wconf 70' lang='lat' dir='ltr'>esre</span> <span class='ocrx_word' id='word_1_92' title='bbox 942 494 1119 530; x_wconf 89' lang='lat' dir='ltr'>schismati·</span> <span class='ocrx_word' id='word_1_93' title='bbox 1179 492 1326 527; x_wconf 84' lang='lat' dir='ltr'>Romani</span> <span class='ocrx_word' id='word_1_94' title='bbox 1347 491 1524 527; x_wconf 83' lang='lat' dir='ltr'>Pontificis</span> <span class='ocrx_word' id='word_1_95' title='bbox 1542 493 1785 527; x_wconf 85' lang='lat' dir='ltr'>communione</span> <span class='ocrx_word' id='word_1_96' title='bbox 1806 493 1871 526; x_wconf 78' lang='lat' dir='ltr'>effe</span> <span class='ocrx_word' id='word_1_97' title='bbox 1889 503 1957 525; x_wconf 88' lang='lat' dir='ltr'>non</span> <span class='ocrx_word' id='word_1_98' title='bbox 1983 496 2069 535; x_wconf 76' lang='lat' dir='ltr'>poffe</span> 
     </span>
     <span class='ocr_line' id='line_1_12' title="bbox 232 542 2069 593; baseline -0.005 -11"><span class='ocrx_word' id='word_1_99' title='bbox 232 559 309 588; x_wconf 91' lang='lat' dir='ltr'>cos,</span> <span class='ocrx_word' id='word_1_100' title='bbox 336 546 880 593; x_wconf 47' lang='lat' dir='ltr'>quoniamaisanfflsaefifapostolicis</span> <span class='ocrx_word' id='word_1_101' title='bbox 895 544 1024 583; x_wconf 68' lang='lat' dir='ltr'>:thronis</span> <span class='ocrx_word' id='word_1_102' title='bbox 1035 551 1118 587; x_wconf 77' lang='lat' dir='ltr'>part·</span> <span class='ocrx_word' id='word_1_103' title='bbox 1178 553 1284 576; x_wconf 87' lang='lat' dir='ltr'>veram</span> <span class='ocrx_word' id='word_1_104' title='bbox 1309 542 1484 576; x_wconf 74' lang='lat' dir='ltr'>Ecclesiam</span> <span class='ocrx_word' id='word_1_105' title='bbox 1498 567 1505 574; x_wconf 94' lang='lat'><strong>.</strong></span> <span class='ocrx_word' id='word_1_106' title='bbox 1534 543 1583 579; x_wconf 83' lang='lat' dir='ltr'>At</span> <span class='ocrx_word' id='word_1_107' title='bbox 1603 543 1689 578; x_wconf 74' lang='lat' dir='ltr'>istud</span> <span class='ocrx_word' id='word_1_108' title='bbox 1711 543 1887 577; x_wconf 76' lang='lat' dir='ltr'>Pontificis</span> <span class='ocrx_word' id='word_1_109' title='bbox 1912 542 2069 585; x_wconf 66' lang='lat' dir='ltr'>spectrum</span> 
     </span>
    </p>
   </div>
   <div class='ocr_carea' id='block_1_6' title="bbox 1126 458 1140 517">
    <p class='ocr_par' dir='ltr' id='par_1_6' title="bbox 1126 458 1140 517">
     <span class='ocr_line' id='line_1_13' title="bbox 1126 458 1140 517; baseline 0 3207"><span class='ocrx_word' id='word_1_110' title='bbox 1126 458 1140 517; x_wconf 95' lang='lat' dir='ltr'> </span> 
     </span>
    </p>
   </div>
   <div class='ocr_carea' id='block_1_7' title="bbox 230 594 1125 1142">
    <p class='ocr_par' dir='ltr' id='par_1_7' title="bbox 230 594 1125 1142">
     <span class='ocr_line' id='line_1_14' title="bbox 231 594 1119 644; baseline -0.002 -14"><span class='ocrx_word' id='word_1_111' title='bbox 231 605 277 630; x_wconf 83' lang='lat' dir='ltr'>ter</span> <span class='ocrx_word' id='word_1_112' title='bbox 295 597 468 640; x_wconf 74' lang='lat' dir='ltr'>desectffem</span> <span class='ocrx_word' id='word_1_113' title='bbox 489 605 496 632; x_wconf 69' lang='lat' dir='ltr'>i</span> <span class='ocrx_word' id='word_1_114' title='bbox 512 596 931 644; x_wconf 72' lang='lat' dir='ltr'>&#39;QinquePan-iarchales</span> <span class='ocrx_word' id='word_1_115' title='bbox 957 594 1119 629; x_wconf 81' lang='lat' dir='ltr'>Thronos</span> 
     </span>
     <span class='ocr_line' id='line_1_15' title="bbox 233 644 1121 692; baseline -0.005 -10"><span class='ocrx_word' id='word_1_116' title='bbox 233 648 339 683; x_wconf 81' lang='lat' dir='ltr'>Graeci</span> <span class='ocrx_word' id='word_1_117' title='bbox 353 647 464 691; x_wconf 82' lang='lat' dir='ltr'>paffim</span> <span class='ocrx_word' id='word_1_118' title='bbox 479 647 594 682; x_wconf 87' lang='lat' dir='ltr'>dicunt</span> <span class='ocrx_word' id='word_1_119' title='bbox 605 649 668 682; x_wconf 77' lang='lat' dir='ltr'>esse</span> <span class='ocrx_word' id='word_1_120' title='bbox 686 648 833 692; x_wconf 86' lang='lat' dir='ltr'>quinque</span> <span class='ocrx_word' id='word_1_121' title='bbox 845 648 953 682; x_wconf 88' lang='lat' dir='ltr'>sensus</span> <span class='ocrx_word' id='word_1_122' title='bbox 965 644 1121 681; x_wconf 85' lang='lat' dir='ltr'>Catholi-</span> 
     </span>
     <span class='ocr_line' id='line_1_16' title="bbox 234 694 1122 742; baseline -0.005 -10"><span class='ocrx_word' id='word_1_123' title='bbox 234 697 267 732; x_wconf 88' lang='lat' dir='ltr'>ci</span> <span class='ocrx_word' id='word_1_124' title='bbox 278 698 424 741; x_wconf 85' lang='lat' dir='ltr'>corporis</span> <span class='ocrx_word' id='word_1_125' title='bbox 433 722 441 729; x_wconf 93' lang='lat'>.</span> <span class='ocrx_word' id='word_1_126' title='bbox 464 697 598 734; x_wconf 69' lang='lat' dir='ltr'>sanetus</span> <span class='ocrx_word' id='word_1_127' title='bbox 607 695 807 742; x_wconf 84' lang='lat' dir='ltr'>Agobardus</span> <span class='ocrx_word' id='word_1_128' title='bbox 819 696 1047 742; x_wconf 76' lang='lat' dir='ltr'>Lugdunensis</span> <span class='ocrx_word' id='word_1_129' title='bbox 1060 694 1122 729; x_wconf 85' lang='lat' dir='ltr'>Ar-</span> 
     </span>
     <span class='ocr_line' id='line_1_17' title="bbox 230 745 1122 793; baseline -0.003 -12"><span class='ocrx_word' id='word_1_130' title='bbox 230 746 480 791; x_wconf 76' lang='lat' dir='ltr'>chi-Episcopus</span> <span class='ocrx_word' id='word_1_131' title='bbox 503 747 540 783; x_wconf 81' lang='lat' dir='ltr'>in</span> <span class='ocrx_word' id='word_1_132' title='bbox 554 748 712 793; x_wconf 89' lang='lat' dir='ltr'>opusculo</span> <span class='ocrx_word' id='word_1_133' title='bbox 733 748 775 783; x_wconf 86' lang='lat' dir='ltr'>de</span> <span class='ocrx_word' id='word_1_134' title='bbox 785 746 996 782; x_wconf 82' lang='lat' dir='ltr'>Ecclefiastici</span> <span class='ocrx_word' id='word_1_135' title='bbox 1008 759 1047 782; x_wconf 86' lang='lat' dir='ltr'>ac</span> <span class='ocrx_word' id='word_1_136' title='bbox 1058 745 1122 779; x_wconf 87' lang='lat' dir='ltr'>Po-</span> 
     </span>
     <span class='ocr_line' id='line_1_18' title="bbox 232 796 1122 844; baseline -0.007 -9"><span class='ocrx_word' id='word_1_137' title='bbox 232 797 317 835; x_wconf 82' lang='lat' dir='ltr'>litici</span> <span class='ocrx_word' id='word_1_138' title='bbox 330 797 520 844; x_wconf 83' lang='lat' dir='ltr'>Regiminis</span> <span class='ocrx_word' id='word_1_139' title='bbox 531 799 776 843; x_wconf 80' lang='lat' dir='ltr'>comparatione</span> <span class='ocrx_word' id='word_1_140' title='bbox 790 798 907 842; x_wconf 87' lang='lat' dir='ltr'>probat</span> <span class='ocrx_word' id='word_1_141' title='bbox 926 796 994 832; x_wconf 84' lang='lat' dir='ltr'>haec</span> <span class='ocrx_word' id='word_1_142' title='bbox 1005 796 1122 831; x_wconf 84' lang='lat' dir='ltr'>omnia</span> 
     </span>
     <span class='ocr_line' id='line_1_19' title="bbox 231 846 1122 892; baseline -0.001 -10"><span class='ocrx_word' id='word_1_143' title='bbox 231 846 268 882; x_wconf 89' lang='lat'>&amp;</span> <span class='ocrx_word' id='word_1_144' title='bbox 280 847 388 885; x_wconf 85' lang='lat' dir='ltr'>firmat</span> <span class='ocrx_word' id='word_1_145' title='bbox 407 847 611 886; x_wconf 68' lang='lat' dir='ltr'>exra‘rldudo</span> <span class='ocrx_word' id='word_1_146' title='bbox 630 847 758 892; x_wconf 77' lang='lat' dir='ltr'>Pelagii</span> <span class='ocrx_word' id='word_1_147' title='bbox 783 847 956 883; x_wconf 73' lang='lat' dir='ltr'>pontificis</span> <span class='ocrx_word' id='word_1_148' title='bbox 979 847 1122 882; x_wconf 86' lang='lat' dir='ltr'>testimo-</span> 
     </span>
     <span class='ocr_line' id='line_1_20' title="bbox 236 895 1123 942; baseline -0.001 -11"><span class='ocrx_word' id='word_1_149' title='bbox 236 898 296 932; x_wconf 89' lang='lat' dir='ltr'>nio</span> <span class='ocrx_word' id='word_1_150' title='bbox 304 922 312 933; x_wconf 93' lang='lat'><em>.</em></span> <span class='ocrx_word' id='word_1_151' title='bbox 340 897 464 941; x_wconf 78' lang='lat' dir='ltr'>Etejus</span> <span class='ocrx_word' id='word_1_152' title='bbox 476 906 604 931; x_wconf 83' lang='lat' dir='ltr'>textum</span> <span class='ocrx_word' id='word_1_153' title='bbox 613 896 781 942; x_wconf 80' lang='lat' dir='ltr'>inligniter</span> <span class='ocrx_word' id='word_1_154' title='bbox 791 898 928 942; x_wconf 87' lang='lat' dir='ltr'>corrigit</span> <span class='ocrx_word' id='word_1_155' title='bbox 939 922 951 939; x_wconf 83' lang='lat'>‚</span> <span class='ocrx_word' id='word_1_156' title='bbox 978 895 1043 932; x_wconf 84' lang='lat' dir='ltr'>hoc</span> <span class='ocrx_word' id='word_1_157' title='bbox 1053 906 1123 930; x_wconf 91' lang='lat' dir='ltr'>mo-</span> 
     </span>
     <span class='ocr_line' id='line_1_21' title="bbox 233 945 1121 992; baseline 0.002 -14"><span class='ocrx_word' id='word_1_158' title='bbox 233 946 280 981; x_wconf 81' lang='lat' dir='ltr'>do</span> <span class='ocrx_word' id='word_1_159' title='bbox 304 946 416 991; x_wconf 79' lang='lat' dir='ltr'>legens</span> <span class='ocrx_word' id='word_1_160' title='bbox 433 950 535 982; x_wconf 52' lang='lat' dir='ltr'>:wNff</span> <span class='ocrx_word' id='word_1_161' title='bbox 552 946 656 982; x_wconf 40' lang='lat' dir='ltr'>&#39;aliam</span> <span class='ocrx_word' id='word_1_162' title='bbox 670 946 843 989; x_wconf 62' lang='lat' dir='ltr'>manifistaet</span> <span class='ocrx_word' id='word_1_163' title='bbox 866 949 921 992; x_wconf 73' lang='lat' dir='ltr'>effe</span> <span class='ocrx_word' id='word_1_164' title='bbox 943 945 1121 989; x_wconf 77' lang='lat' dir='ltr'>Ecclefiam,</span> 
     </span>
     <span class='ocr_line' id='line_1_22' title="bbox 235 994 1123 1042; baseline -0.001 -12"><span class='ocrx_word' id='word_1_165' title='bbox 235 994 293 1038; x_wconf 74' lang='lat' dir='ltr'>nisi</span> <span class='ocrx_word' id='word_1_166' title='bbox 311 1007 379 1041; x_wconf 85' lang='lat' dir='ltr'>quae</span> <span class='ocrx_word' id='word_1_167' title='bbox 400 1002 435 1032; x_wconf 79' lang='lat' dir='ltr'>in</span> <span class='ocrx_word' id='word_1_168' title='bbox 459 995 683 1038; x_wconf 64' lang='lat' dir='ltr'>pontificalibus</span> <span class='ocrx_word' id='word_1_169' title='bbox 707 997 933 1042; x_wconf 62' lang='lat' dir='ltr'>apostolicarum</span> <span class='ocrx_word' id='word_1_170' title='bbox 953 998 1076 1031; x_wconf 75' lang='lat' dir='ltr'>sedium</span> <span class='ocrx_word' id='word_1_171' title='bbox 1084 995 1123 1037; x_wconf 78' lang='lat' dir='ltr'>est</span> 
     </span>
     <span class='ocr_line' id='line_1_23' title="bbox 231 1043 1125 1093; baseline 0 -12"><span class='ocrx_word' id='word_1_172' title='bbox 231 1043 364 1093; x_wconf 67' lang='lat' dir='ltr'>solidata</span> <span class='ocrx_word' id='word_1_173' title='bbox 386 1046 560 1085; x_wconf 55' lang='lat' dir='ltr'>radicibus,</span> <span class='ocrx_word' id='word_1_174' title='bbox 585 1047 668 1092; x_wconf 75' lang='lat' dir='ltr'>-lstas</span> <span class='ocrx_word' id='word_1_175' title='bbox 687 1046 908 1083; x_wconf 64' lang='lat' dir='ltr'>Ecclefiasxac</span> <span class='ocrx_word' id='word_1_176' title='bbox 929 1048 1071 1092; x_wconf 82' lang='lat' dir='ltr'>ipsarum</span> <span class='ocrx_word' id='word_1_177' title='bbox 1083 1048 1125 1082; x_wconf 88' lang='lat' dir='ltr'>se·</span> 
     </span>
     <span class='ocr_line' id='line_1_24' title="bbox 234 1093 1124 1142; baseline 0.001 -12"><span class='ocrx_word' id='word_1_178' title='bbox 234 1096 294 1130; x_wconf 84' lang='lat' dir='ltr'>des</span> <span class='ocrx_word' id='word_1_179' title='bbox 315 1097 379 1131; x_wconf 80' lang='lat' dir='ltr'>esse</span> <span class='ocrx_word' id='word_1_180' title='bbox 389 1093 524 1133; x_wconf 64' lang='lat' dir='ltr'>Christo</span> <span class='ocrx_word' id='word_1_181' title='bbox 545 1097 646 1140; x_wconf 74' lang='lat' dir='ltr'>capiti</span> <span class='ocrx_word' id='word_1_182' title='bbox 673 1095 876 1138; x_wconf 64' lang='lat' dir='ltr'>viciniores,</span> <span class='ocrx_word' id='word_1_183' title='bbox 897 1097 1040 1142; x_wconf 86' lang='lat' dir='ltr'>ideoque</span> <span class='ocrx_word' id='word_1_184' title='bbox 1054 1098 1124 1132; x_wconf 88' lang='lat' dir='ltr'>nul·</span> 
     </span>
    </p>
   </div>
   <div class='ocr_carea' id='block_1_8' title="bbox 230 1145 1154 1236">
    <p class='ocr_par' dir='ltr' id='par_1_8' title="bbox 230 1145 1154 1236">
     <span class='ocr_line' id='line_1_25' title="bbox 233 1145 1154 1232; baseline -0.001 -50"><span class='ocrx_word' id='word_1_185' title='bbox 233 1145 314 1179; x_wconf 81' lang='lat' dir='ltr'>lum</span> <span class='ocrx_word' id='word_1_186' title='bbox 327 1145 562 1182; x_wconf 36' lang='lat' dir='ltr'>Christianum*</span> <span class='ocrx_word' id='word_1_187' title='bbox 579 1146 669 1190; x_wconf 76' lang='lat' dir='ltr'>posse</span> <span class='ocrx_word' id='word_1_188' title='bbox 691 1146 819 1232; x_wconf 57' lang='grc' dir='ltr'>αῑῖῐίρίῑε</span> <span class='ocrx_word' id='word_1_189' title='bbox 839 1148 998 1193; x_wconf 80' lang='lat' dir='ltr'>separari,</span> <span class='ocrx_word' id='word_1_190' title='bbox 1023 1149 1154 1190; x_wconf 67' lang='lat' dir='ltr'>etiamg</span> 
     </span>
     <span class='ocr_line' id='line_1_26' title="bbox 230 1194 1154 1236; baseline 0.004 -6"><span class='ocrx_word' id='word_1_191' title='bbox 230 1195 371 1231; x_wconf 77' lang='lat' dir='ltr'>affirmat</span> <span class='ocrx_word' id='word_1_192' title='bbox 394 1206 431 1231; x_wconf 85' lang='lat' dir='ltr'>ac</span> <span class='ocrx_word' id='word_1_193' title='bbox 454 1195 656 1236; x_wconf 66' lang='lat' dir='ltr'>demqnstrat</span> <span class='ocrx_word' id='word_1_194' title='bbox 678 1197 714 1235; x_wconf 85' lang='lat' dir='ltr'>in</span> <span class='ocrx_word' id='word_1_195' title='bbox 741 1198 904 1234; x_wconf 77' lang='lat' dir='ltr'>itteris-ad</span> <span class='ocrx_word' id='word_1_196' title='bbox 919 1194 1154 1235; x_wconf 72' lang='lat' dir='ltr'>Francorum-3</span> 
     </span>
    </p>
   </div>
   <div class='ocr_carea' id='block_1_9' title="bbox 232 1241 875 1293">
    <p class='ocr_par' dir='ltr' id='par_1_9' title="bbox 232 1241 875 1293">
     <span class='ocr_line' id='line_1_27' title="bbox 232 1241 875 1293; baseline 0.002 -11"><span class='ocrx_word' id='word_1_197' title='bbox 232 1245 418 1290; x_wconf 70' lang='lat' dir='ltr'>Episcopos</span> <span class='ocrx_word' id='word_1_198' title='bbox 432 1241 614 1293; x_wconf 74' lang='lat' dir='ltr'>Gregorius</span> <span class='ocrx_word' id='word_1_199' title='bbox 625 1246 713 1291; x_wconf 88' lang='lat' dir='ltr'>Papa</span> <span class='ocrx_word' id='word_1_200' title='bbox 725 1257 856 1292; x_wconf 77' lang='lat' dir='ltr'>quartus</span> <span class='ocrx_word' id='word_1_201' title='bbox 866 1273 875 1283; x_wconf 93' lang='lat'>.</span> 
     </span>
    </p>
   </div>
   <div class='ocr_carea' id='block_1_10' title="bbox 286 1293 1155 1342">
    <p class='ocr_par' dir='ltr' id='par_1_10' title="bbox 286 1293 1155 1342">
     <span class='ocr_line' id='line_1_28' title="bbox 286 1293 1155 1342; baseline 0.001 -11"><span class='ocrx_word' id='word_1_202' title='bbox 286 1296 415 1331; x_wconf 87' lang='lat' dir='ltr'>Omnes</span> <span class='ocrx_word' id='word_1_203' title='bbox 432 1296 506 1331; x_wconf 86' lang='lat' dir='ltr'>sunt</span> <span class='ocrx_word' id='word_1_204' title='bbox 519 1298 770 1336; x_wconf 78' lang='lat' dir='ltr'>communionis</span> <span class='ocrx_word' id='word_1_205' title='bbox 781 1297 925 1334; x_wconf 81' lang='lat' dir='ltr'>radices:</span> <span class='ocrx_word' id='word_1_206' title='bbox 941 1299 1084 1342; x_wconf 74' lang='lat' dir='ltr'>Nempe</span> <span class='ocrx_word' id='word_1_207' title='bbox 1094 1299 1134 1332; x_wconf 69' lang='lat' dir='ltr'>fi:</span> <span class='ocrx_word' id='word_1_208' title='bbox 1150 1293 1155 1322; x_wconf 73' lang='grc' dir='ltr'>ἶ</span> 
     </span>
    </p>
   </div>
   <div class='ocr_carea' id='block_1_11' title="bbox 236 1345 1143 3388">
    <p class='ocr_par' dir='ltr' id='par_1_11' title="bbox 236 1345 1143 3388">
     <span class='ocr_line' id='line_1_29' title="bbox 236 1345 1129 1393; baseline 0.001 -11"><span class='ocrx_word' id='word_1_209' title='bbox 236 1347 274 1382; x_wconf 81' lang='lat' dir='ltr'>bi</span> <span class='ocrx_word' id='word_1_210' title='bbox 294 1345 433 1382; x_wconf 80' lang='lat' dir='ltr'>subditis</span> <span class='ocrx_word' id='word_1_211' title='bbox 455 1346 605 1384; x_wconf 76' lang='lat' dir='ltr'>Ecclefiis</span> <span class='ocrx_word' id='word_1_212' title='bbox 630 1358 669 1383; x_wconf 91' lang='lat' dir='ltr'>ac</span> <span class='ocrx_word' id='word_1_213' title='bbox 688 1348 818 1392; x_wconf 81' lang='lat' dir='ltr'>populis</span> <span class='ocrx_word' id='word_1_214' title='bbox 841 1349 971 1384; x_wconf 53' lang='lat' dir='ltr'>„Hinc</span> <span class='ocrx_word' id='word_1_215' title='bbox 996 1350 1032 1384; x_wconf 74' lang='grc' dir='ltr'>ἀ</span> <span class='ocrx_word' id='word_1_216' title='bbox 1047 1350 1129 1393; x_wconf 82' lang='lat' dir='ltr'>ipsae</span> 
     </span>
     <span class='ocr_line' id='line_1_30' title="bbox 238 1395 1130 1440; baseline 0.001 -9"><span class='ocrx_word' id='word_1_217' title='bbox 238 1395 363 1432; x_wconf 84' lang='lat' dir='ltr'>habent</span> <span class='ocrx_word' id='word_1_218' title='bbox 383 1395 544 1437; x_wconf 44' lang='lat' dir='ltr'>altiorem,</span> <span class='ocrx_word' id='word_1_219' title='bbox 554 1397 721 1433; x_wconf 79' lang='lat' dir='ltr'>radicem;</span> <span class='ocrx_word' id='word_1_220' title='bbox 749 1397 977 1440; x_wconf 76' lang='lat' dir='ltr'>A-postolicam</span> <span class='ocrx_word' id='word_1_221' title='bbox 991 1398 1106 1434; x_wconf 81' lang='lat' dir='ltr'>Scdem</span> <span class='ocrx_word' id='word_1_222' title='bbox 1119 1422 1130 1438; x_wconf 94' lang='lat'>,</span> 
     </span>
     <span class='ocr_line' id='line_1_31' title="bbox 238 1445 1130 1483; baseline 0 -2"><span class='ocrx_word' id='word_1_223' title='bbox 238 1446 428 1481; x_wconf 76' lang='lat' dir='ltr'>Romanam</span> <span class='ocrx_word' id='word_1_224' title='bbox 443 1445 619 1481; x_wconf 75' lang='lat' dir='ltr'>Ecclesiam</span> <span class='ocrx_word' id='word_1_225' title='bbox 632 1470 639 1477; x_wconf 91' lang='lat'><strong>.</strong></span> <span class='ocrx_word' id='word_1_226' title='bbox 667 1447 749 1480; x_wconf 77' lang='lat' dir='ltr'>Haec</span> <span class='ocrx_word' id='word_1_227' title='bbox 768 1446 814 1481; x_wconf 85' lang='lat' dir='ltr'>est</span> <span class='ocrx_word' id='word_1_228' title='bbox 823 1449 978 1482; x_wconf 90' lang='lat' dir='ltr'>omnium</span> <span class='ocrx_word' id='word_1_229' title='bbox 1004 1449 1038 1483; x_wconf 77' lang='grc' dir='ltr'>ἀ</span> <span class='ocrx_word' id='word_1_230' title='bbox 1052 1446 1130 1482; x_wconf 62' lang='lat' dir='ltr'>radi,</span> 
     </span>
     <span class='ocr_line' id='line_1_32' title="bbox 237 1493 729 1530; baseline -0.004 -1"><span class='ocrx_word' id='word_1_231' title='bbox 237 1503 388 1530; x_wconf 84' lang='lat' dir='ltr'>catorum</span> <span class='ocrx_word' id='word_1_232' title='bbox 414 1494 448 1530; x_wconf 69' lang='grc' dir='ltr'>ὅσ</span> <span class='ocrx_word' id='word_1_233' title='bbox 459 1493 605 1529; x_wconf 76' lang='lat' dir='ltr'>radicum</span> <span class='ocrx_word' id='word_1_234' title='bbox 617 1494 710 1528; x_wconf 86' lang='lat' dir='ltr'>radix</span> <span class='ocrx_word' id='word_1_235' title='bbox 721 1519 729 1527; x_wconf 90' lang='lat'><em>.</em></span> 
     </span>
     <span class='ocr_line' id='line_1_33' title="bbox 236 1543 1132 1587; baseline 0.003 -9"><span class='ocrx_word' id='word_1_236' title='bbox 236 1554 301 1578; x_wconf 82' lang='lat' dir='ltr'>nus</span> <span class='ocrx_word' id='word_1_237' title='bbox 312 1545 404 1586; x_wconf 90' lang='lat' dir='ltr'>super</span> <span class='ocrx_word' id='word_1_238' title='bbox 417 1552 520 1578; x_wconf 87' lang='lat' dir='ltr'>unum</span> <span class='ocrx_word' id='word_1_239' title='bbox 532 1543 686 1580; x_wconf 69' lang='lat' dir='ltr'>,Sanctum</span> <span class='ocrx_word' id='word_1_240' title='bbox 699 1543 834 1579; x_wconf 86' lang='lat' dir='ltr'>Petrum</span> <span class='ocrx_word' id='word_1_241' title='bbox 851 1545 1039 1582; x_wconf 78' lang='lat' dir='ltr'>fundaverit</span> <span class='ocrx_word' id='word_1_242' title='bbox 1048 1567 1062 1587; x_wconf 62' lang='lat'>&gt;</span> <span class='ocrx_word' id='word_1_243' title='bbox 1087 1557 1132 1581; x_wconf 85' lang='lat' dir='ltr'>at·</span> 
     </span>
     <span class='ocr_line' id='line_1_34' title="bbox 237 1591 1129 1641; baseline 0.004 -14"><span class='ocrx_word' id='word_1_244' title='bbox 237 1603 303 1638; x_wconf 70' lang='lat' dir='ltr'>qne</span> <span class='ocrx_word' id='word_1_245' title='bbox 315 1593 361 1629; x_wconf 86' lang='lat' dir='ltr'>ita</span> <span class='ocrx_word' id='word_1_246' title='bbox 373 1593 409 1628; x_wconf 85' lang='lat' dir='ltr'>in</span> <span class='ocrx_word' id='word_1_247' title='bbox 420 1593 486 1636; x_wconf 89' lang='lat' dir='ltr'>ipsa</span> <span class='ocrx_word' id='word_1_248' title='bbox 499 1591 683 1630; x_wconf 72' lang='lat' dir='ltr'>Catholicae</span> <span class='ocrx_word' id='word_1_249' title='bbox 694 1594 830 1630; x_wconf 89' lang='lat' dir='ltr'>unitatis</span> <span class='ocrx_word' id='word_1_250' title='bbox 845 1596 1011 1641; x_wconf 84' lang='lat' dir='ltr'>originem</span> <span class='ocrx_word' id='word_1_251' title='bbox 1039 1597 1072 1631; x_wconf 77' lang='grc' dir='ltr'>δε</span> <span class='ocrx_word' id='word_1_252' title='bbox 1086 1608 1129 1631; x_wconf 87' lang='lat' dir='ltr'>ra·</span> 
     </span>
     <span class='ocr_line' id='line_1_35' title="bbox 237 1642 1134 1690; baseline 0.002 -11"><span class='ocrx_word' id='word_1_253' title='bbox 237 1644 367 1680; x_wconf 83' lang='lat' dir='ltr'>tionem</span> <span class='ocrx_word' id='word_1_254' title='bbox 385 1643 528 1688; x_wconf 85' lang='lat' dir='ltr'>posuerit</span> <span class='ocrx_word' id='word_1_255' title='bbox 538 1664 557 1686; x_wconf 85' lang='lat'>‚-</span> <span class='ocrx_word' id='word_1_256' title='bbox 575 1642 706 1688; x_wconf 84' lang='lat' dir='ltr'>ejusque</span> <span class='ocrx_word' id='word_1_257' title='bbox 731 1644 965 1690; x_wconf 85' lang='lat' dir='ltr'>Episcopatum</span> <span class='ocrx_word' id='word_1_258' title='bbox 977 1646 1134 1681; x_wconf 88' lang='lat' dir='ltr'>omnibus</span> 
     </span>
     <span class='ocr_line' id='line_1_36' title="bbox 238 1692 1133 1738; baseline 0.001 -9"><span class='ocrx_word' id='word_1_259' title='bbox 238 1692 494 1738; x_wconf 85' lang='lat' dir='ltr'>Episcopatibus</span> <span class='ocrx_word' id='word_1_260' title='bbox 519 1703 618 1738; x_wconf 88' lang='lat' dir='ltr'>atque</span> <span class='ocrx_word' id='word_1_261' title='bbox 641 1695 923 1733; x_wconf 71' lang='lat' dir='ltr'>Ecclefiisseeerit</span> <span class='ocrx_word' id='word_1_262' title='bbox 945 1698 1008 1732; x_wconf 79' lang='lat' dir='ltr'>esse</span> <span class='ocrx_word' id='word_1_263' title='bbox 1032 1697 1133 1736; x_wconf 70' lang='lat' dir='ltr'>uteso·</span> 
     </span>
     <span class='ocr_line' id='line_1_37' title="bbox 239 1743 1136 1788; baseline 0.003 -10"><span class='ocrx_word' id='word_1_264' title='bbox 239 1744 308 1779; x_wconf 83' lang='lat' dir='ltr'>lem</span> <span class='ocrx_word' id='word_1_265' title='bbox 330 1743 429 1780; x_wconf 85' lang='lat' dir='ltr'>radiis</span> <span class='ocrx_word' id='word_1_266' title='bbox 441 1767 452 1784; x_wconf 91' lang='lat'><strong>,</strong></span> <span class='ocrx_word' id='word_1_267' title='bbox 478 1744 607 1779; x_wconf 85' lang='lat' dir='ltr'>utrivis</span> <span class='ocrx_word' id='word_1_268' title='bbox 628 1745 779 1785; x_wconf 85' lang='lat' dir='ltr'>fontem,</span> <span class='ocrx_word' id='word_1_269' title='bbox 807 1756 843 1781; x_wconf 89' lang='lat' dir='ltr'>ut</span> <span class='ocrx_word' id='word_1_270' title='bbox 861 1746 1000 1782; x_wconf 88' lang='lat' dir='ltr'>radicem</span> <span class='ocrx_word' id='word_1_271' title='bbox 1014 1748 1112 1781; x_wconf 83' lang='lat' dir='ltr'>ramis</span> <span class='ocrx_word' id='word_1_272' title='bbox 1126 1771 1136 1788; x_wconf 94' lang='lat'><strong><em>,</em></strong></span> 
     </span>
     <span class='ocr_line' id='line_1_38' title="bbox 239 1793 1137 1841; baseline 0.003 -13"><span class='ocrx_word' id='word_1_273' title='bbox 239 1794 335 1838; x_wconf 79' lang='lat' dir='ltr'>supra</span> <span class='ocrx_word' id='word_1_274' title='bbox 346 1793 444 1830; x_wconf 75' lang='lat' dir='ltr'>nobIs</span> <span class='ocrx_word' id='word_1_275' title='bbox 457 1793 543 1829; x_wconf 84' lang='lat' dir='ltr'>dixit</span> <span class='ocrx_word' id='word_1_276' title='bbox 556 1794 692 1830; x_wconf 67' lang='lat' dir='ltr'>Sanetus</span> <span class='ocrx_word' id='word_1_277' title='bbox 704 1795 910 1839; x_wconf 78' lang='lat' dir='ltr'>Cyprianus.</span> <span class='ocrx_word' id='word_1_278' title='bbox 937 1797 1029 1831; x_wconf 90' lang='lat' dir='ltr'>Hinc</span> <span class='ocrx_word' id='word_1_279' title='bbox 1049 1797 1137 1841; x_wconf 88' lang='lat' dir='ltr'>quis-</span> 
     </span>
     <span class='ocr_line' id='line_1_39' title="bbox 239 1844 1137 1891; baseline 0.003 -13"><span class='ocrx_word' id='word_1_280' title='bbox 239 1844 315 1888; x_wconf 86' lang='lat' dir='ltr'>quis</span> <span class='ocrx_word' id='word_1_281' title='bbox 335 1844 388 1878; x_wconf 82' lang='lat' dir='ltr'>isti</span> <span class='ocrx_word' id='word_1_282' title='bbox 412 1844 562 1881; x_wconf 80' lang='lat' dir='ltr'>Ecclefiae</span> <span class='ocrx_word' id='word_1_283' title='bbox 586 1855 625 1880; x_wconf 85' lang='lat' dir='ltr'>ac</span> <span class='ocrx_word' id='word_1_284' title='bbox 648 1845 718 1889; x_wconf 76' lang='lat' dir='ltr'>ejus</span> <span class='ocrx_word' id='word_1_285' title='bbox 746 1845 934 1891; x_wconf 88' lang='lat' dir='ltr'>Episcopali</span> <span class='ocrx_word' id='word_1_286' title='bbox 964 1845 1137 1882; x_wconf 82' lang='lat' dir='ltr'>Cathedrae</span> 
     </span>
     <span class='ocr_line' id='line_1_40' title="bbox 241 1894 1138 1943; baseline 0.003 -14"><span class='ocrx_word' id='word_1_287' title='bbox 241 1905 312 1929; x_wconf 81' lang='lat' dir='ltr'>non</span> <span class='ocrx_word' id='word_1_288' title='bbox 337 1894 597 1943; x_wconf 44' lang='lat' dir='ltr'>communicat,</span> <span class='ocrx_word' id='word_1_289' title='bbox 614 1894 661 1928; x_wconf 87' lang='lat' dir='ltr'>est</span> <span class='ocrx_word' id='word_1_290' title='bbox 684 1897 850 1939; x_wconf 85' lang='lat' dir='ltr'>praecisum</span> <span class='ocrx_word' id='word_1_291' title='bbox 877 1897 1049 1933; x_wconf 87' lang='lat' dir='ltr'>&amp;aridum</span> <span class='ocrx_word' id='word_1_292' title='bbox 1074 1899 1138 1932; x_wconf 84' lang='lat' dir='ltr'>sar-</span> 
     </span>
     <span class='ocr_line' id='line_1_41' title="bbox 241 1941 1137 1987; baseline 0.002 -6"><span class='ocrx_word' id='word_1_293' title='bbox 241 1953 393 1981; x_wconf 82' lang='lat' dir='ltr'>mentum</span> <span class='ocrx_word' id='word_1_294' title='bbox 410 1969 432 1986; x_wconf 75' lang='grc'>,,</span> <span class='ocrx_word' id='word_1_295' title='bbox 448 1943 564 1987; x_wconf 86' lang='lat' dir='ltr'>plenus</span> <span class='ocrx_word' id='word_1_296' title='bbox 584 1941 811 1981; x_wconf 84' lang='lat' dir='ltr'>schismaticus</span> <span class='ocrx_word' id='word_1_297' title='bbox 833 1972 840 1979; x_wconf 93' lang='lat'><em>.</em></span> <span class='ocrx_word' id='word_1_298' title='bbox 858 1947 917 1984; x_wconf 85' lang='lat' dir='ltr'>.lta</span> <span class='ocrx_word' id='word_1_299' title='bbox 940 1948 1040 1983; x_wconf 83' lang='lat' dir='ltr'>tradit</span> <span class='ocrx_word' id='word_1_300' title='bbox 1058 1948 1137 1983; x_wconf 84' lang='lat' dir='ltr'>San·</span> 
     </span>
     <span class='ocr_line' id='line_1_42' title="bbox 240 1993 1137 2041; baseline 0.004 -13"><span class='ocrx_word' id='word_1_301' title='bbox 240 1995 311 2028; x_wconf 70' lang='lat' dir='ltr'>stus</span> <span class='ocrx_word' id='word_1_302' title='bbox 320 1993 477 2029; x_wconf 80' lang='lat' dir='ltr'>Irenaeus:</span> <span class='ocrx_word' id='word_1_303' title='bbox 505 1995 556 2027; x_wconf 80' lang='lat' dir='ltr'>Ad</span> <span class='ocrx_word' id='word_1_304' title='bbox 564 1998 734 2029; x_wconf 82' lang='lat' dir='ltr'><em>Romanam</em></span> <span class='ocrx_word' id='word_1_305' title='bbox 747 1997 904 2038; x_wconf 85' lang='lat' dir='ltr'>Ecclefiam</span> <span class='ocrx_word' id='word_1_306' title='bbox 916 2022 927 2038; x_wconf 90' lang='lat'><strong>,</strong></span> <span class='ocrx_word' id='word_1_307' title='bbox 950 2006 1074 2041; x_wconf 82' lang='lat' dir='ltr'>propter</span> <span class='ocrx_word' id='word_1_308' title='bbox 1081 2007 1137 2041; x_wconf 86' lang='lat' dir='ltr'>po-</span> 
     </span>
     <span class='ocr_line' id='line_1_43' title="bbox 241 2032 1139 2089; baseline 0.004 -11"><span class='ocrx_word' id='word_1_309' title='bbox 241 2050 400 2079; x_wconf 78' lang='lat' dir='ltr'>tentiorem</span> <span class='ocrx_word' id='word_1_310' title='bbox 423 2032 685 2087; x_wconf 62' lang='lat' dir='ltr'>Phncipalztaeem</span> <span class='ocrx_word' id='word_1_311' title='bbox 706 2069 719 2086; x_wconf 89' lang='lat'>,</span> <span class='ocrx_word' id='word_1_312' title='bbox 756 2047 859 2089; x_wconf 82' lang='lat' dir='ltr'>neceffe</span> <span class='ocrx_word' id='word_1_313' title='bbox 879 2045 918 2086; x_wconf 73' lang='lat' dir='ltr'>est</span> <span class='ocrx_word' id='word_1_314' title='bbox 937 2060 1051 2083; x_wconf 81' lang='lat' dir='ltr'>omnem</span> <span class='ocrx_word' id='word_1_315' title='bbox 1072 2060 1139 2083; x_wconf 81' lang='lat' dir='ltr'>con-</span> 
     </span>
     <span class='ocr_line' id='line_1_44' title="bbox 243 2093 1138 2143; baseline 0.006 -15"><span class='ocrx_word' id='word_1_316' title='bbox 243 2100 348 2128; x_wconf 76' lang='lat' dir='ltr'>venire</span> <span class='ocrx_word' id='word_1_317' title='bbox 362 2093 520 2136; x_wconf 78' lang='lat' dir='ltr'>Ecclefiam</span> <span class='ocrx_word' id='word_1_318' title='bbox 531 2118 543 2135; x_wconf 92' lang='lat'>,</span> <span class='ocrx_word' id='word_1_319' title='bbox 568 2094 619 2129; x_wconf 86' lang='lat' dir='ltr'>boc</span> <span class='ocrx_word' id='word_1_320' title='bbox 633 2094 671 2135; x_wconf 84' lang='lat' dir='ltr'>est</span> <span class='ocrx_word' id='word_1_321' title='bbox 681 2120 693 2137; x_wconf 90' lang='lat'>,</span> <span class='ocrx_word' id='word_1_322' title='bbox 707 2108 754 2143; x_wconf 62' lang='lat' dir='ltr'>eos</span> <span class='ocrx_word' id='word_1_323' title='bbox 766 2095 894 2140; x_wconf 72' lang='lat' dir='ltr'>quisunt</span> <span class='ocrx_word' id='word_1_324' title='bbox 907 2098 1012 2141; x_wconf 74' lang='lat' dir='ltr'>ubique</span> <span class='ocrx_word' id='word_1_325' title='bbox 1018 2099 1138 2141; x_wconf 79' lang='lat' dir='ltr'>fideles,</span> 
     </span>
     <span class='ocr_line' id='line_1_45' title="bbox 244 2141 1139 2192; baseline 0.004 -14"><span class='ocrx_word' id='word_1_326' title='bbox 244 2149 278 2178; x_wconf 76' lang='lat' dir='ltr'>in</span> <span class='ocrx_word' id='word_1_327' title='bbox 292 2155 354 2187; x_wconf 87' lang='lat' dir='ltr'>qua</span> <span class='ocrx_word' id='word_1_328' title='bbox 372 2141 489 2187; x_wconf 78' lang='lat' dir='ltr'>semper</span> <span class='ocrx_word' id='word_1_329' title='bbox 509 2144 548 2178; x_wconf 84' lang='lat' dir='ltr'>ab</span> <span class='ocrx_word' id='word_1_330' title='bbox 559 2144 607 2179; x_wconf 72' lang='lat' dir='ltr'>bis</span> <span class='ocrx_word' id='word_1_331' title='bbox 621 2152 673 2188; x_wconf 75' lang='lat' dir='ltr'>qui</span> <span class='ocrx_word' id='word_1_332' title='bbox 688 2144 760 2188; x_wconf 84' lang='lat' dir='ltr'>sunt</span> <span class='ocrx_word' id='word_1_333' title='bbox 783 2148 934 2191; x_wconf 81' lang='lat' dir='ltr'>undique,</span> <span class='ocrx_word' id='word_1_334' title='bbox 960 2148 1139 2192; x_wconf 77' lang='lat' dir='ltr'>conservata</span> 
     </span>
     <span class='ocr_line' id='line_1_46' title="bbox 245 2193 1139 2242; baseline 0.004 -14"><span class='ocrx_word' id='word_1_335' title='bbox 245 2193 284 2234; x_wconf 82' lang='lat' dir='ltr'>est</span> <span class='ocrx_word' id='word_1_336' title='bbox 296 2205 332 2227; x_wconf 82' lang='lat' dir='ltr'>ea</span> <span class='ocrx_word' id='word_1_337' title='bbox 342 2218 354 2234; x_wconf 88' lang='lat'>‚</span> <span class='ocrx_word' id='word_1_338' title='bbox 380 2205 448 2237; x_wconf 80' lang='lat' dir='ltr'>quae</span> <span class='ocrx_word' id='word_1_339' title='bbox 459 2194 497 2234; x_wconf 78' lang='lat' dir='ltr'>est</span> <span class='ocrx_word' id='word_1_340' title='bbox 506 2195 547 2242; x_wconf 76' lang='lat' dir='ltr'>-al3</span> <span class='ocrx_word' id='word_1_341' title='bbox 558 2195 697 2237; x_wconf 64' lang='lat' dir='ltr'>apostolis</span> <span class='ocrx_word' id='word_1_342' title='bbox 710 2199 837 2231; x_wconf 73' lang='lat' dir='ltr'>traditio</span> <span class='ocrx_word' id='word_1_343' title='bbox 850 2223 857 2230; x_wconf 89' lang='lat'><strong>.</strong></span> <span class='ocrx_word' id='word_1_344' title='bbox 887 2198 943 2232; x_wconf 87' lang='lat' dir='ltr'>Ad</span> <span class='ocrx_word' id='word_1_345' title='bbox 961 2199 1058 2233; x_wconf 85' lang='lat' dir='ltr'>istam</span> <span class='ocrx_word' id='word_1_346' title='bbox 1076 2199 1139 2232; x_wconf 91' lang='lat' dir='ltr'>Ec-</span> 
     </span>
     <span class='ocr_line' id='line_1_47' title="bbox 243 2244 1139 2289; baseline 0.001 -11"><span class='ocrx_word' id='word_1_347' title='bbox 243 2244 374 2280; x_wconf 85' lang='lat' dir='ltr'>clefiatn</span> <span class='ocrx_word' id='word_1_348' title='bbox 386 2245 564 2280; x_wconf 82' lang='lat' dir='ltr'>convenire</span> <span class='ocrx_word' id='word_1_349' title='bbox 575 2245 621 2278; x_wconf 86' lang='lat' dir='ltr'>est</span> <span class='ocrx_word' id='word_1_350' title='bbox 639 2246 695 2289; x_wconf 83' lang='lat' dir='ltr'>ipfi</span> <span class='ocrx_word' id='word_1_351' title='bbox 709 2249 954 2280; x_wconf 85' lang='lat' dir='ltr'>communicare</span> <span class='ocrx_word' id='word_1_352' title='bbox 966 2271 973 2278; x_wconf 95' lang='lat'>.</span> <span class='ocrx_word' id='word_1_353' title='bbox 1003 2247 1139 2281; x_wconf 83' lang='lat' dir='ltr'>Gnosti-</span> 
     </span>
     <span class='ocr_line' id='line_1_48' title="bbox 243 2294 1140 2341; baseline 0 -13"><span class='ocrx_word' id='word_1_354' title='bbox 243 2305 302 2328; x_wconf 90' lang='lat' dir='ltr'>cos</span> <span class='ocrx_word' id='word_1_355' title='bbox 325 2317 337 2334; x_wconf 95' lang='lat'>,</span> <span class='ocrx_word' id='word_1_356' title='bbox 370 2294 459 2338; x_wconf 79' lang='lat' dir='ltr'>quod</span> <span class='ocrx_word' id='word_1_357' title='bbox 486 2294 536 2328; x_wconf 91' lang='lat' dir='ltr'>illi</span> <span class='ocrx_word' id='word_1_358' title='bbox 558 2305 626 2341; x_wconf 88' lang='lat' dir='ltr'>non</span> <span class='ocrx_word' id='word_1_359' title='bbox 658 2297 908 2329; x_wconf 87' lang='lat' dir='ltr'>communicent</span> <span class='ocrx_word' id='word_1_360' title='bbox 932 2319 944 2335; x_wconf 91' lang='lat'>,</span> <span class='ocrx_word' id='word_1_361' title='bbox 968 2296 1140 2330; x_wconf 79' lang='lat' dir='ltr'>concludit</span> 
     </span>
     <span class='ocr_line' id='line_1_49' title="bbox 244 2341 1142 2386; baseline 0 -8"><span class='ocrx_word' id='word_1_362' title='bbox 244 2343 471 2378; x_wconf 86' lang='lat' dir='ltr'>schismaticos</span> <span class='ocrx_word' id='word_1_363' title='bbox 483 2367 490 2376; x_wconf 87' lang='lat'><em>.</em></span> <span class='ocrx_word' id='word_1_364' title='bbox 519 2342 564 2377; x_wconf 86' lang='lat' dir='ltr'>Et</span> <span class='ocrx_word' id='word_1_365' title='bbox 575 2343 659 2378; x_wconf 70' lang='lat' dir='ltr'>infra</span> <span class='ocrx_word' id='word_1_366' title='bbox 673 2344 706 2376; x_wconf 89' lang='lat' dir='ltr'>in</span> <span class='ocrx_word' id='word_1_367' title='bbox 719 2342 785 2378; x_wconf 90' lang='lat' dir='ltr'>hoc</span> <span class='ocrx_word' id='word_1_368' title='bbox 796 2345 866 2386; x_wconf 88' lang='lat' dir='ltr'>ipso</span> <span class='ocrx_word' id='word_1_369' title='bbox 880 2341 964 2377; x_wconf 87' lang='lat' dir='ltr'>libro</span> <span class='ocrx_word' id='word_1_370' title='bbox 977 2344 1061 2377; x_wconf 88' lang='lat' dir='ltr'>dicit</span> <span class='ocrx_word' id='word_1_371' title='bbox 1080 2352 1142 2378; x_wconf 65' lang='lat' dir='ltr'>no»</span> 
     </span>
     <span class='ocr_line' id='line_1_50' title="bbox 245 2392 1140 2436; baseline -0.001 -10"><span class='ocrx_word' id='word_1_372' title='bbox 245 2393 306 2427; x_wconf 84' lang='lat' dir='ltr'>ster</span> <span class='ocrx_word' id='word_1_373' title='bbox 318 2392 445 2426; x_wconf 71' lang='lat' dir='ltr'>Docior</span> <span class='ocrx_word' id='word_1_374' title='bbox 458 2405 466 2424; x_wconf 73' lang='grc' dir='ltr'><em>τ</em></span> <span class='ocrx_word' id='word_1_375' title='bbox 491 2392 592 2425; x_wconf 81' lang='lat' dir='ltr'>Habes</span> <span class='ocrx_word' id='word_1_376' title='bbox 601 2396 728 2425; x_wconf 82' lang='lat' dir='ltr'><em>Romam</em></span> <span class='ocrx_word' id='word_1_377' title='bbox 739 2415 750 2432; x_wconf 92' lang='lat'>,</span> <span class='ocrx_word' id='word_1_378' title='bbox 775 2394 857 2426; x_wconf 66' lang='lat' dir='ltr'>unde</span> <span class='ocrx_word' id='word_1_379' title='bbox 869 2392 952 2424; x_wconf 77' lang='lat' dir='ltr'>nobis</span> <span class='ocrx_word' id='word_1_380' title='bbox 963 2403 1077 2436; x_wconf 80' lang='lat' dir='ltr'>quoque</span> <span class='ocrx_word' id='word_1_381' title='bbox 1088 2403 1140 2434; x_wconf 69' lang='lat' dir='ltr'>qu-</span> 
     </span>
     <span class='ocr_line' id='line_1_51' title="bbox 244 2439 1140 2488; baseline 0.001 -13"><span class='ocrx_word' id='word_1_382' title='bbox 244 2439 479 2483; x_wconf 66' lang='lat' dir='ltr'>aomaspraesto</span> <span class='ocrx_word' id='word_1_383' title='bbox 490 2439 529 2479; x_wconf 72' lang='lat' dir='ltr'>est</span> <span class='ocrx_word' id='word_1_384' title='bbox 543 2464 551 2472; x_wconf 93' lang='lat'><strong>.</strong></span> <span class='ocrx_word' id='word_1_385' title='bbox 578 2439 642 2475; x_wconf 88' lang='lat' dir='ltr'>Per</span> <span class='ocrx_word' id='word_1_386' title='bbox 653 2439 890 2477; x_wconf 82' lang='lat' dir='ltr'>authoritatem</span> <span class='ocrx_word' id='word_1_387' title='bbox 900 2441 1063 2488; x_wconf 84' lang='lat' dir='ltr'>intelligit</span> <span class='ocrx_word' id='word_1_388' title='bbox 1074 2442 1140 2477; x_wconf 84' lang='lat' dir='ltr'>oti-</span> 
     </span>
     <span class='ocr_line' id='line_1_52' title="bbox 244 2490 1139 2537; baseline 0.002 -13"><span class='ocrx_word' id='word_1_389' title='bbox 244 2490 358 2537; x_wconf 87' lang='lat' dir='ltr'>ginem</span> <span class='ocrx_word' id='word_1_390' title='bbox 383 2500 482 2533; x_wconf 82' lang='lat' dir='ltr'>atque</span> <span class='ocrx_word' id='word_1_391' title='bbox 503 2492 778 2526; x_wconf 87' lang='lat' dir='ltr'>communionem</span> <span class='ocrx_word' id='word_1_392' title='bbox 798 2515 806 2525; x_wconf 84' lang='lat'><strong>.</strong></span> <span class='ocrx_word' id='word_1_393' title='bbox 853 2492 907 2527; x_wconf 84' lang='lat' dir='ltr'>Ex</span> <span class='ocrx_word' id='word_1_394' title='bbox 927 2492 994 2536; x_wconf 85' lang='lat' dir='ltr'>ipsa</span> <span class='ocrx_word' id='word_1_395' title='bbox 1021 2492 1139 2536; x_wconf 89' lang='lat' dir='ltr'>probat</span> 
     </span>
     <span class='ocr_line' id='line_1_53' title="bbox 245 2539 1142 2586; baseline 0.002 -12"><span class='ocrx_word' id='word_1_396' title='bbox 245 2540 439 2575; x_wconf 82' lang='lat' dir='ltr'>Africanam</span> <span class='ocrx_word' id='word_1_397' title='bbox 452 2539 627 2576; x_wconf 73' lang='lat' dir='ltr'>Ecclesiam</span> <span class='ocrx_word' id='word_1_398' title='bbox 638 2543 735 2577; x_wconf 78' lang='lat' dir='ltr'>essem</span> <span class='ocrx_word' id='word_1_399' title='bbox 746 2553 853 2577; x_wconf 84' lang='lat' dir='ltr'>veram</span> <span class='ocrx_word' id='word_1_400' title='bbox 880 2552 980 2586; x_wconf 88' lang='lat' dir='ltr'>atque</span> <span class='ocrx_word' id='word_1_401' title='bbox 992 2542 1142 2578; x_wconf 86' lang='lat' dir='ltr'>Catholi-</span> 
     </span>
     <span class='ocr_line' id='line_1_54' title="bbox 244 2589 1138 2637; baseline 0.003 -11"><span class='ocrx_word' id='word_1_402' title='bbox 244 2602 337 2626; x_wconf 87' lang='lat' dir='ltr'>cam.</span> <span class='ocrx_word' id='word_1_403' title='bbox 364 2589 491 2625; x_wconf 87' lang='lat' dir='ltr'>Ibidem</span> <span class='ocrx_word' id='word_1_404' title='bbox 503 2590 655 2635; x_wconf 78' lang='lat' dir='ltr'>praedicat</span> <span class='ocrx_word' id='word_1_405' title='bbox 677 2590 911 2628; x_wconf 84' lang='lat' dir='ltr'>authoritatem</span> <span class='ocrx_word' id='word_1_406' title='bbox 929 2593 1138 2637; x_wconf 79' lang='lat' dir='ltr'>Apostolica-</span> 
     </span>
     <span class='ocr_line' id='line_1_55' title="bbox 246 2640 1139 2689; baseline 0.004 -14"><span class='ocrx_word' id='word_1_407' title='bbox 246 2651 320 2675; x_wconf 89' lang='lat' dir='ltr'>rum</span> <span class='ocrx_word' id='word_1_408' title='bbox 333 2640 545 2676; x_wconf 86' lang='lat' dir='ltr'>Eccleliarum</span> <span class='ocrx_word' id='word_1_409' title='bbox 573 2652 673 2687; x_wconf 90' lang='lat' dir='ltr'>atque</span> <span class='ocrx_word' id='word_1_410' title='bbox 685 2642 817 2678; x_wconf 85' lang='lat' dir='ltr'>Sedium</span> <span class='ocrx_word' id='word_1_411' title='bbox 829 2667 838 2676; x_wconf 92' lang='lat'>.</span> <span class='ocrx_word' id='word_1_412' title='bbox 865 2644 909 2679; x_wconf 88' lang='lat' dir='ltr'>Et</span> <span class='ocrx_word' id='word_1_413' title='bbox 922 2655 978 2688; x_wconf 86' lang='lat' dir='ltr'>per</span> <span class='ocrx_word' id='word_1_414' title='bbox 996 2644 1139 2689; x_wconf 82' lang='lat' dir='ltr'>Aposto-</span> 
     </span>
     <span class='ocr_line' id='line_1_56' title="bbox 248 2690 1140 2739; baseline 0.004 -15"><span class='ocrx_word' id='word_1_415' title='bbox 248 2690 326 2724; x_wconf 90' lang='lat' dir='ltr'>licas</span> <span class='ocrx_word' id='word_1_416' title='bbox 337 2690 495 2725; x_wconf 82' lang='lat' dir='ltr'>Ecclefias</span> <span class='ocrx_word' id='word_1_417' title='bbox 509 2692 665 2738; x_wconf 87' lang='lat' dir='ltr'>intelligit</span> <span class='ocrx_word' id='word_1_418' title='bbox 675 2703 728 2728; x_wconf 85' lang='lat' dir='ltr'>eas</span> <span class='ocrx_word' id='word_1_419' title='bbox 738 2703 854 2728; x_wconf 87' lang='lat' dir='ltr'>omnes</span> <span class='ocrx_word' id='word_1_420' title='bbox 864 2718 877 2735; x_wconf 91' lang='lat'>,</span> <span class='ocrx_word' id='word_1_421' title='bbox 901 2705 974 2739; x_wconf 84' lang='lat' dir='ltr'>quae</span> <span class='ocrx_word' id='word_1_422' title='bbox 998 2695 1052 2729; x_wconf 86' lang='lat' dir='ltr'>vel</span> <span class='ocrx_word' id='word_1_423' title='bbox 1064 2695 1140 2738; x_wconf 83' lang='lat' dir='ltr'>Epi-</span> 
     </span>
     <span class='ocr_line' id='line_1_57' title="bbox 249 2739 1136 2789; baseline 0.006 -14"><span class='ocrx_word' id='word_1_424' title='bbox 249 2739 393 2784; x_wconf 87' lang='lat' dir='ltr'>scopales</span> <span class='ocrx_word' id='word_1_425' title='bbox 414 2740 534 2783; x_wconf 88' lang='lat' dir='ltr'>Sedes,</span> <span class='ocrx_word' id='word_1_426' title='bbox 561 2741 613 2777; x_wconf 90' lang='lat' dir='ltr'>vel</span> <span class='ocrx_word' id='word_1_427' title='bbox 633 2742 717 2778; x_wconf 86' lang='lat' dir='ltr'>solas</span> <span class='ocrx_word' id='word_1_428' title='bbox 737 2743 890 2788; x_wconf 88' lang='lat' dir='ltr'>epistolas</span> <span class='ocrx_word' id='word_1_429' title='bbox 909 2743 951 2779; x_wconf 84' lang='lat' dir='ltr'>ab</span> <span class='ocrx_word' id='word_1_430' title='bbox 964 2744 1136 2789; x_wconf 80' lang='lat' dir='ltr'>Apostolis</span> 
     </span>
     <span class='ocr_line' id='line_1_58' title="bbox 250 2790 1140 2839; baseline 0.007 -15"><span class='ocrx_word' id='word_1_431' title='bbox 250 2790 396 2833; x_wconf 87' lang='lat' dir='ltr'>accipere</span> <span class='ocrx_word' id='word_1_432' title='bbox 406 2802 593 2828; x_wconf 88' lang='lat' dir='ltr'>meruerunt</span> <span class='ocrx_word' id='word_1_433' title='bbox 604 2817 612 2825; x_wconf 85' lang='lat'><strong>.</strong></span> <span class='ocrx_word' id='word_1_434' title='bbox 640 2793 742 2828; x_wconf 86' lang='lat' dir='ltr'>Hanc</span> <span class='ocrx_word' id='word_1_435' title='bbox 751 2794 933 2829; x_wconf 87' lang='lat' dir='ltr'>locutionis</span> <span class='ocrx_word' id='word_1_436' title='bbox 945 2795 1086 2839; x_wconf 75' lang='lat' dir='ltr'>speciem</span> <span class='ocrx_word' id='word_1_437' title='bbox 1097 2794 1140 2830; x_wconf 86' lang='lat' dir='ltr'>ab</span> 
     </span>
     <span class='ocr_line' id='line_1_59' title="bbox 250 2839 1137 2889; baseline 0.003 -13"><span class='ocrx_word' id='word_1_438' title='bbox 250 2839 323 2884; x_wconf 81' lang='lat' dir='ltr'>ipso</span> <span class='ocrx_word' id='word_1_439' title='bbox 334 2840 449 2876; x_wconf 86' lang='lat' dir='ltr'>didicit</span> <span class='ocrx_word' id='word_1_440' title='bbox 462 2842 596 2877; x_wconf 68' lang='lat' dir='ltr'>Sanetus</span> <span class='ocrx_word' id='word_1_441' title='bbox 609 2841 815 2889; x_wconf 78' lang='lat' dir='ltr'>Augustinus</span> <span class='ocrx_word' id='word_1_442' title='bbox 825 2868 837 2877; x_wconf 43' lang='lat'>.=</span> <span class='ocrx_word' id='word_1_443' title='bbox 858 2845 903 2880; x_wconf 84' lang='lat' dir='ltr'>Et</span> <span class='ocrx_word' id='word_1_444' title='bbox 915 2845 950 2879; x_wconf 85' lang='lat' dir='ltr'>in</span> <span class='ocrx_word' id='word_1_445' title='bbox 962 2844 1054 2880; x_wconf 86' lang='lat' dir='ltr'>libris</span> <span class='ocrx_word' id='word_1_446' title='bbox 1076 2844 1137 2879; x_wconf 87' lang='lat' dir='ltr'>ad·-</span> 
     </span>
     <span class='ocr_line' id='line_1_60' title="bbox 252 2889 1139 2939; baseline 0.007 -16"><span class='ocrx_word' id='word_1_447' title='bbox 252 2889 362 2924; x_wconf 71' lang='lat' dir='ltr'>versus</span> <span class='ocrx_word' id='word_1_448' title='bbox 388 2889 643 2927; x_wconf 70' lang='lat' dir='ltr'>parmenianum</span> <span class='ocrx_word' id='word_1_449' title='bbox 676 2895 810 2930; x_wconf 69' lang='lat' dir='ltr'>Sanetus</span> <span class='ocrx_word' id='word_1_450' title='bbox 834 2895 978 2939; x_wconf 82' lang='lat' dir='ltr'>Optatus</span> <span class='ocrx_word' id='word_1_451' title='bbox 1003 2896 1139 2939; x_wconf 79' lang='lat' dir='ltr'>primam</span> 
     </span>
     <span class='ocr_line' id='line_1_61' title="bbox 251 2940 1140 2990; baseline 0.004 -14"><span class='ocrx_word' id='word_1_452' title='bbox 251 2940 405 2976; x_wconf 83' lang='lat' dir='ltr'>Ecclefiae</span> <span class='ocrx_word' id='word_1_453' title='bbox 417 2940 530 2976; x_wconf 83' lang='lat' dir='ltr'>dotem</span> <span class='ocrx_word' id='word_1_454' title='bbox 542 2943 680 2978; x_wconf 86' lang='lat' dir='ltr'>affirmat</span> <span class='ocrx_word' id='word_1_455' title='bbox 699 2946 762 2979; x_wconf 80' lang='lat' dir='ltr'>effe</span> <span class='ocrx_word' id='word_1_456' title='bbox 773 2945 1001 2990; x_wconf 86' lang='lat' dir='ltr'>Episcopaleru</span> <span class='ocrx_word' id='word_1_457' title='bbox 1025 2943 1140 2980; x_wconf 61' lang='lat' dir='ltr'>Cathe</span> 
     </span>
     <span class='ocr_line' id='line_1_62' title="bbox 251 2989 1141 3040; baseline 0.006 -15"><span class='ocrx_word' id='word_1_458' title='bbox 251 2989 346 3025; x_wconf 86' lang='lat' dir='ltr'>dram</span> <span class='ocrx_word' id='word_1_459' title='bbox 361 3014 372 3030; x_wconf 91' lang='lat'><strong>,</strong></span> <span class='ocrx_word' id='word_1_460' title='bbox 396 3001 495 3034; x_wconf 88' lang='lat' dir='ltr'>atque</span> <span class='ocrx_word' id='word_1_461' title='bbox 505 2991 656 3038; x_wconf 69' lang='lat' dir='ltr'>adiungit</span> <span class='ocrx_word' id='word_1_462' title='bbox 667 3007 679 3030; x_wconf 80' lang='lat'>.-</span> <span class='ocrx_word' id='word_1_463' title='bbox 703 2999 828 3039; x_wconf 78' lang='lat' dir='ltr'>Negare</span> <span class='ocrx_word' id='word_1_464' title='bbox 840 3006 897 3030; x_wconf 85' lang='lat' dir='ltr'>non</span> <span class='ocrx_word' id='word_1_465' title='bbox 911 3004 1003 3038; x_wconf 70' lang='lat' dir='ltr'>poten</span> <span class='ocrx_word' id='word_1_466' title='bbox 1015 2994 1091 3040; x_wconf 70' lang='lat' dir='ltr'>sitire</span> <span class='ocrx_word' id='word_1_467' title='bbox 1111 3005 1141 3030; x_wconf 77' lang='lat' dir='ltr'>te</span> 
     </span>
     <span class='ocr_line' id='line_1_63' title="bbox 252 3040 1141 3089; baseline 0.006 -14"><span class='ocrx_word' id='word_1_468' title='bbox 252 3047 287 3075; x_wconf 71' lang='lat' dir='ltr'>in</span> <span class='ocrx_word' id='word_1_469' title='bbox 298 3040 371 3074; x_wconf 82' lang='lat' dir='ltr'>urbe</span> <span class='ocrx_word' id='word_1_470' title='bbox 393 3044 490 3074; x_wconf 79' lang='lat' dir='ltr'>Roma</span> <span class='ocrx_word' id='word_1_471' title='bbox 514 3043 603 3075; x_wconf 79' lang='lat' dir='ltr'>Petro</span> <span class='ocrx_word' id='word_1_472' title='bbox 615 3048 715 3085; x_wconf 71' lang='lat' dir='ltr'>primo</span> <span class='ocrx_word' id='word_1_473' title='bbox 731 3044 918 3080; x_wconf 70' lang='lat' dir='ltr'>cathedram</span> <span class='ocrx_word' id='word_1_474' title='bbox 936 3044 1141 3089; x_wconf 66' lang='lat' dir='ltr'>Eplfiopaelem</span> 
     </span>
     <span class='ocr_line' id='line_1_64' title="bbox 252 3090 1140 3139; baseline 0.007 -14"><span class='ocrx_word' id='word_1_475' title='bbox 252 3090 308 3133; x_wconf 81' lang='lat' dir='ltr'>effe</span> <span class='ocrx_word' id='word_1_476' title='bbox 317 3090 477 3131; x_wconf 76' lang='lat' dir='ltr'>collatam,</span> <span class='ocrx_word' id='word_1_477' title='bbox 503 3096 604 3135; x_wconf 79' lang='lat' dir='ltr'>inqua</span> <span class='ocrx_word' id='word_1_478' title='bbox 622 3090 734 3136; x_wconf 71' lang='lat' dir='ltr'>sederit</span> <span class='ocrx_word' id='word_1_479' title='bbox 744 3100 873 3130; x_wconf 71' lang='lat' dir='ltr'>omnium</span> <span class='ocrx_word' id='word_1_480' title='bbox 888 3095 1083 3139; x_wconf 58' lang='lat' dir='ltr'>apestolorum</span> <span class='ocrx_word' id='word_1_481' title='bbox 1090 3106 1140 3130; x_wconf 80' lang='lat' dir='ltr'>ca·</span> 
     </span>
     <span class='ocr_line' id='line_1_65' title="bbox 251 3142 1142 3190; baseline 0.008 -16"><span class='ocrx_word' id='word_1_482' title='bbox 251 3149 310 3183; x_wconf 85' lang='lat' dir='ltr'>put</span> <span class='ocrx_word' id='word_1_483' title='bbox 321 3142 429 3175; x_wconf 68' lang='lat' dir='ltr'>Petrus</span> <span class='ocrx_word' id='word_1_484' title='bbox 442 3164 453 3181; x_wconf 93' lang='lat'>,</span> <span class='ocrx_word' id='word_1_485' title='bbox 478 3142 555 3175; x_wconf 79' lang='lat' dir='ltr'>unde</span> <span class='ocrx_word' id='word_1_486' title='bbox 582 3142 747 3184; x_wconf 67' lang='lat' dir='ltr'>&amp;cephae</span> <span class='ocrx_word' id='word_1_487' title='bbox 758 3145 974 3188; x_wconf 74' lang='lat' dir='ltr'>appellmsest</span> <span class='ocrx_word' id='word_1_488' title='bbox 988 3170 1000 3187; x_wconf 88' lang='lat'>,</span> <span class='ocrx_word' id='word_1_489' title='bbox 1025 3151 1059 3180; x_wconf 72' lang='lat' dir='ltr'>tn</span> <span class='ocrx_word' id='word_1_490' title='bbox 1080 3158 1142 3190; x_wconf 80' lang='lat' dir='ltr'>qua</span> 
     </span>
     <span class='ocr_line' id='line_1_66' title="bbox 255 3189 1143 3240; baseline 0.008 -16"><span class='ocrx_word' id='word_1_491' title='bbox 255 3201 317 3225; x_wconf 77' lang='lat' dir='ltr'>una</span> <span class='ocrx_word' id='word_1_492' title='bbox 329 3189 486 3225; x_wconf 80' lang='lat' dir='ltr'>cathedra</span> <span class='ocrx_word' id='word_1_493' title='bbox 498 3197 598 3226; x_wconf 70' lang='lat' dir='ltr'>unitas</span> <span class='ocrx_word' id='word_1_494' title='bbox 609 3191 648 3227; x_wconf 79' lang='lat' dir='ltr'>ab</span> <span class='ocrx_word' id='word_1_495' title='bbox 659 3193 791 3228; x_wconf 71' lang='lat' dir='ltr'>omnibus</span> <span class='ocrx_word' id='word_1_496' title='bbox 809 3193 984 3240; x_wconf 78' lang='lat' dir='ltr'>servaretur</span> <span class='ocrx_word' id='word_1_497' title='bbox 994 3220 1006 3237; x_wconf 85' lang='lat'><em>,</em></span> <span class='ocrx_word' id='word_1_498' title='bbox 1033 3207 1070 3230; x_wconf 85' lang='lat' dir='ltr'>ne</span> <span class='ocrx_word' id='word_1_499' title='bbox 1088 3208 1143 3232; x_wconf 66' lang='grc' dir='ltr'>εα-</span> 
     </span>
     <span class='ocr_line' id='line_1_67' title="bbox 257 3239 1143 3289; baseline 0.008 -15"><span class='ocrx_word' id='word_1_500' title='bbox 257 3245 314 3274; x_wconf 74' lang='lat' dir='ltr'>teri</span> <span class='ocrx_word' id='word_1_501' title='bbox 326 3239 448 3283; x_wconf 70' lang='lat' dir='ltr'>Apostoll</span> <span class='ocrx_word' id='word_1_502' title='bbox 455 3240 583 3287; x_wconf 75' lang='lat' dir='ltr'>lingulas</span> <span class='ocrx_word' id='word_1_503' title='bbox 589 3241 646 3283; x_wconf 72' lang='lat' dir='ltr'>fibi</span> <span class='ocrx_word' id='word_1_504' title='bbox 654 3242 777 3287; x_wconf 71' lang='lat' dir='ltr'>quisque</span> <span class='ocrx_word' id='word_1_505' title='bbox 787 3244 978 3286; x_wconf 82' lang='lat' dir='ltr'>defenderent</span> <span class='ocrx_word' id='word_1_506' title='bbox 990 3270 1001 3286; x_wconf 93' lang='lat'>‚</span> <span class='ocrx_word' id='word_1_507' title='bbox 1025 3254 1060 3280; x_wconf 75' lang='lat' dir='ltr'>ut</span> <span class='ocrx_word' id='word_1_508' title='bbox 1073 3248 1143 3289; x_wconf 77' lang='lat' dir='ltr'>jam</span> 
     </span>
     <span class='ocr_line' id='line_1_68' title="bbox 254 3289 1140 3341; baseline 0.014 -20"><span class='ocrx_word' id='word_1_509' title='bbox 254 3289 458 3335; x_wconf 66' lang='lat' dir='ltr'>schismaticus</span> <span class='ocrx_word' id='word_1_510' title='bbox 483 3293 518 3327; x_wconf 66' lang='lat' dir='ltr'>et</span> <span class='ocrx_word' id='word_1_511' title='bbox 534 3300 667 3336; x_wconf 81' lang='lat' dir='ltr'>peccator</span> <span class='ocrx_word' id='word_1_512' title='bbox 676 3294 762 3337; x_wconf 70' lang='lat' dir='ltr'>effer,</span> <span class='ocrx_word' id='word_1_513' title='bbox 787 3300 839 3338; x_wconf 68' lang='lat' dir='ltr'>qut</span> <span class='ocrx_word' id='word_1_514' title='bbox 857 3294 1140 3341; x_wconf 74' lang='lat' dir='ltr'>contrassngularem</span> 
     </span>
     <span class='ocr_line' id='line_1_69' title="bbox 259 3340 1141 3388; baseline 0.009 -13"><span class='ocrx_word' id='word_1_515' title='bbox 259 3340 468 3385; x_wconf 69' lang='lat' dir='ltr'>eutherium,</span> <span class='ocrx_word' id='word_1_516' title='bbox 492 3343 623 3388; x_wconf 57' lang='lat' dir='ltr'>alteram</span> <span class='ocrx_word' id='word_1_517' title='bbox 634 3344 804 3381; x_wconf 71' lang='lat' dir='ltr'>collocaret.</span> <span class='ocrx_word' id='word_1_518' title='bbox 829 3344 931 3382; x_wconf 63' lang='lat' dir='ltr'>Recte</span> <span class='ocrx_word' id='word_1_519' title='bbox 953 3344 1053 3384; x_wconf 86' lang='lat' dir='ltr'>dicit:</span> <span class='ocrx_word' id='word_1_520' title='bbox 1079 3351 1141 3383; x_wconf 69' lang='lat' dir='ltr'>Ne·</span> 
     </span>
    </p>
   </div>
   <div class='ocr_carea' id='block_1_12' title="bbox 1130 670 1151 1180">
    <p class='ocr_par' dir='ltr' id='par_1_12' title="bbox 1130 670 1151 1180">
     <span class='ocr_line' id='line_1_70' title="bbox 1130 670 1151 1180; baseline 0 -251"><span class='ocrx_word' id='word_1_521' title='bbox 1130 670 1151 1180; x_wconf 95' lang='lat' dir='ltr'>   </span> 
     </span>
    </p>
   </div>
   <div class='ocr_carea' id='block_1_13' title="bbox 1163 655 1170 821">
    <p class='ocr_par' dir='ltr' id='par_1_13' title="bbox 1163 655 1170 821">
     <span class='ocr_line' id='line_1_71' title="bbox 1163 655 1170 821; baseline 0 2903"><span class='ocrx_word' id='word_1_522' title='bbox 1163 655 1170 821; x_wconf 95' lang='lat' dir='ltr'> </span> 
     </span>
    </p>
   </div>
   <div class='ocr_carea' id='block_1_14' title="bbox 1168 897 1174 1018">
    <p class='ocr_par' dir='ltr' id='par_1_14' title="bbox 1168 897 1174 1018">
     <span class='ocr_line' id='line_1_72' title="bbox 1168 897 1174 1018; baseline 0 2706"><span class='ocrx_word' id='word_1_523' title='bbox 1168 897 1174 1018; x_wconf 95' lang='lat' dir='ltr'> </span> 
     </span>
    </p>
   </div>
   <div class='ocr_carea' id='block_1_15' title="bbox 1135 1253 1151 1419">
    <p class='ocr_par' dir='ltr' id='par_1_15' title="bbox 1135 1253 1151 1419">
     <span class='ocr_line' id='line_1_73' title="bbox 1135 1253 1151 1419; baseline 0 2305"><span class='ocrx_word' id='word_1_524' title='bbox 1135 1253 1151 1419; x_wconf 95' lang='lat' dir='ltr'> </span> 
     </span>
    </p>
   </div>
   <div class='ocr_carea' id='block_1_16' title="bbox 1180 591 2078 837">
    <p class='ocr_par' dir='ltr' id='par_1_16' title="bbox 1180 591 2078 837">
     <span class='ocr_line' id='line_1_74' title="bbox 1182 591 2072 638; baseline -0.004 -10"><span class='ocrx_word' id='word_1_525' title='bbox 1182 592 1296 628; x_wconf 84' lang='lat' dir='ltr'>fideles</span> <span class='ocrx_word' id='word_1_526' title='bbox 1320 591 1468 628; x_wconf 83' lang='lat' dir='ltr'>Romani</span> <span class='ocrx_word' id='word_1_527' title='bbox 1489 603 1547 637; x_wconf 90' lang='lat' dir='ltr'>per</span> <span class='ocrx_word' id='word_1_528' title='bbox 1565 593 1676 635; x_wconf 79' lang='lat' dir='ltr'>jocum</span> <span class='ocrx_word' id='word_1_529' title='bbox 1696 592 1907 638; x_wconf 80' lang='lat' dir='ltr'>appellabant</span> <span class='ocrx_word' id='word_1_530' title='bbox 1932 593 2072 634; x_wconf 74' lang='lat' dir='ltr'>Episco-</span> 
     </span>
     <span class='ocr_line' id='line_1_75' title="bbox 1180 642 2075 689; baseline -0.002 -12"><span class='ocrx_word' id='word_1_531' title='bbox 1180 654 1259 689; x_wconf 86' lang='lat' dir='ltr'>pum</span> <span class='ocrx_word' id='word_1_532' title='bbox 1273 643 1485 678; x_wconf 81' lang='lat' dir='ltr'>Montensem</span> <span class='ocrx_word' id='word_1_533' title='bbox 1510 654 1566 678; x_wconf 89' lang='lat' dir='ltr'>aut</span> <span class='ocrx_word' id='word_1_534' title='bbox 1581 643 1806 688; x_wconf 77' lang='lat' dir='ltr'>Rupitanum.</span> <span class='ocrx_word' id='word_1_535' title='bbox 1833 643 1928 676; x_wconf 88' lang='lat' dir='ltr'>Hinc</span> <span class='ocrx_word' id='word_1_536' title='bbox 1950 642 1986 676; x_wconf 76' lang='grc' dir='ltr'>δε</span> <span class='ocrx_word' id='word_1_537' title='bbox 2005 652 2075 676; x_wconf 89' lang='lat' dir='ltr'>om-</span> 
     </span>
     <span class='ocr_line' id='line_1_76' title="bbox 1182 692 2075 738; baseline -0.002 -10"><span class='ocrx_word' id='word_1_538' title='bbox 1182 692 1433 728; x_wconf 78' lang='lat' dir='ltr'>nesDonatistae</span> <span class='ocrx_word' id='word_1_539' title='bbox 1444 693 1485 727; x_wconf 86' lang='lat' dir='ltr'>ab</span> <span class='ocrx_word' id='word_1_540' title='bbox 1496 694 1612 729; x_wconf 88' lang='lat' dir='ltr'>eadem</span> <span class='ocrx_word' id='word_1_541' title='bbox 1625 695 1712 731; x_wconf 79' lang='lat' dir='ltr'>fideli</span> <span class='ocrx_word' id='word_1_542' title='bbox 1725 694 1805 729; x_wconf 87' lang='lat' dir='ltr'>urbe</span> <span class='ocrx_word' id='word_1_543' title='bbox 1825 692 1983 738; x_wconf 85' lang='lat' dir='ltr'>appellati</span> <span class='ocrx_word' id='word_1_544' title='bbox 2003 694 2075 727; x_wconf 87' lang='lat' dir='ltr'>fue-</span> 
     </span>
     <span class='ocr_line' id='line_1_77' title="bbox 1180 742 2078 787; baseline -0.002 -9"><span class='ocrx_word' id='word_1_545' title='bbox 1180 753 1258 779; x_wconf 88' lang='lat' dir='ltr'>runt</span> <span class='ocrx_word' id='word_1_546' title='bbox 1269 742 1463 782; x_wconf 77' lang='lat' dir='ltr'>Montenses</span> <span class='ocrx_word' id='word_1_547' title='bbox 1471 754 1509 778; x_wconf 88' lang='lat' dir='ltr'>ac</span> <span class='ocrx_word' id='word_1_548' title='bbox 1521 743 1685 787; x_wconf 85' lang='lat' dir='ltr'>Rupitani</span> <span class='ocrx_word' id='word_1_549' title='bbox 1695 771 1702 779; x_wconf 95' lang='lat'><strong>.</strong></span> <span class='ocrx_word' id='word_1_550' title='bbox 1732 744 1884 780; x_wconf 80' lang='lat' dir='ltr'>Eandem</span> <span class='ocrx_word' id='word_1_551' title='bbox 1895 753 1998 777; x_wconf 86' lang='lat' dir='ltr'>artem</span> <span class='ocrx_word' id='word_1_552' title='bbox 2010 742 2078 777; x_wconf 83' lang='lat' dir='ltr'>alia.</span> 
     </span>
     <span class='ocr_line' id='line_1_78' title="bbox 1184 793 2078 837; baseline -0.001 -10"><span class='ocrx_word' id='word_1_553' title='bbox 1184 795 1236 828; x_wconf 84' lang='lat' dir='ltr'>via</span> <span class='ocrx_word' id='word_1_554' title='bbox 1258 804 1424 830; x_wconf 85' lang='lat' dir='ltr'>tentarunt</span> <span class='ocrx_word' id='word_1_555' title='bbox 1446 793 1587 834; x_wconf 81' lang='lat' dir='ltr'>Ariani,</span> <span class='ocrx_word' id='word_1_556' title='bbox 1613 793 1657 828; x_wconf 86' lang='lat' dir='ltr'>de</span> <span class='ocrx_word' id='word_1_557' title='bbox 1678 794 1796 837; x_wconf 82' lang='lat' dir='ltr'>quibus</span> <span class='ocrx_word' id='word_1_558' title='bbox 1817 793 1928 829; x_wconf 86' lang='lat' dir='ltr'>scribit</span> <span class='ocrx_word' id='word_1_559' title='bbox 1940 794 2078 827; x_wconf 71' lang='lat' dir='ltr'>sanstus</span> 
     </span>
    </p>
   </div>
   <div class='ocr_carea' id='block_1_17' title="bbox 1150 823 2079 894">
    <p class='ocr_par' dir='ltr' id='par_1_17' title="bbox 1150 823 2079 894">
     <span class='ocr_line' id='line_1_79' title="bbox 1150 823 2079 894; baseline -0.001 -15"><span class='ocrx_word' id='word_1_560' title='bbox 1150 823 1381 894; x_wconf 59' lang='lat' dir='ltr'>³[Athanafius</span> <span class='ocrx_word' id='word_1_561' title='bbox 1405 843 1439 879; x_wconf 88' lang='lat' dir='ltr'>in</span> <span class='ocrx_word' id='word_1_562' title='bbox 1453 844 1570 879; x_wconf 84' lang='lat' dir='ltr'>litteris</span> <span class='ocrx_word' id='word_1_563' title='bbox 1590 844 1631 878; x_wconf 89' lang='lat' dir='ltr'>ad</span> <span class='ocrx_word' id='word_1_564' title='bbox 1642 844 1717 880; x_wconf 87' lang='lat' dir='ltr'>suos</span> <span class='ocrx_word' id='word_1_565' title='bbox 1730 843 1941 880; x_wconf 85' lang='lat' dir='ltr'>Monachos:</span> <span class='ocrx_word' id='word_1_566' title='bbox 1970 846 2079 877; x_wconf 71' lang='lat' dir='ltr'>Ariani</span> 
     </span>
    </p>
   </div>
   <div class='ocr_carea' id='block_1_18' title="bbox 1183 894 2096 1440">
    <p class='ocr_par' dir='ltr' id='par_1_18' title="bbox 1183 894 2096 1440">
     <span class='ocr_line' id='line_1_80' title="bbox 1183 894 2081 940; baseline -0.002 -12"><span class='ocrx_word' id='word_1_567' title='bbox 1183 904 1234 928; x_wconf 84' lang='lat' dir='ltr'>nec</span> <span class='ocrx_word' id='word_1_568' title='bbox 1256 894 1378 930; x_wconf 57' lang='lat' dir='ltr'>tabem</span> <span class='ocrx_word' id='word_1_569' title='bbox 1398 896 1523 939; x_wconf 74' lang='lat' dir='ltr'>quidem</span> <span class='ocrx_word' id='word_1_570' title='bbox 1536 898 1673 929; x_wconf 73' lang='lat' dir='ltr'>Romano</span> <span class='ocrx_word' id='word_1_571' title='bbox 1696 896 1842 940; x_wconf 58' lang='lat' dir='ltr'>Episcopo</span> <span class='ocrx_word' id='word_1_572' title='bbox 1858 902 2054 938; x_wconf 81' lang='lat' dir='ltr'>pepercerunt</span> <span class='ocrx_word' id='word_1_573' title='bbox 2068 917 2081 934; x_wconf 88' lang='lat'><strong>,</strong></span> 
     </span>
     <span class='ocr_line' id='line_1_81' title="bbox 1184 945 2081 988; baseline -0.003 -9"><span class='ocrx_word' id='word_1_574' title='bbox 1184 946 1270 980; x_wconf 73' lang='lat' dir='ltr'>nulla</span> <span class='ocrx_word' id='word_1_575' title='bbox 1280 951 1449 979; x_wconf 74' lang='lat' dir='ltr'>reverentia</span> <span class='ocrx_word' id='word_1_576' title='bbox 1460 945 1544 979; x_wconf 61' lang='lat' dir='ltr'>duat</span> <span class='ocrx_word' id='word_1_577' title='bbox 1554 970 1561 978; x_wconf 92' lang='lat'>.</span> <span class='ocrx_word' id='word_1_578' title='bbox 1587 950 1676 981; x_wconf 83' lang='lat' dir='ltr'>Nam</span> <span class='ocrx_word' id='word_1_579' title='bbox 1685 948 1753 980; x_wconf 61' lang='lat' dir='ltr'>nim</span> <span class='ocrx_word' id='word_1_580' title='bbox 1769 947 1918 982; x_wconf 67' lang='lat' dir='ltr'>Libertum</span> <span class='ocrx_word' id='word_1_581' title='bbox 1938 946 2081 988; x_wconf 69' lang='lat' dir='ltr'>vidiffent</span> 
     </span>
     <span class='ocr_line' id='line_1_82' title="bbox 1184 993 2084 1039; baseline 0 -11"><span class='ocrx_word' id='word_1_582' title='bbox 1184 994 1378 1029; x_wconf 78' lang='lat' dir='ltr'>orthodoxum</span> <span class='ocrx_word' id='word_1_583' title='bbox 1388 1020 1400 1037; x_wconf 94' lang='lat'>,</span> <span class='ocrx_word' id='word_1_584' title='bbox 1425 997 1462 1030; x_wconf 68' lang='grc'>6·</span> <span class='ocrx_word' id='word_1_585' title='bbox 1474 994 1582 1039; x_wconf 80' lang='lat' dir='ltr'>osorem</span> <span class='ocrx_word' id='word_1_586' title='bbox 1595 1001 1717 1031; x_wconf 72' lang='lat' dir='ltr'>Ariane</span> <span class='ocrx_word' id='word_1_587' title='bbox 1726 996 1820 1039; x_wconf 59' lang='lat' dir='ltr'>sedae</span> <span class='ocrx_word' id='word_1_588' title='bbox 1831 1022 1843 1038; x_wconf 90' lang='lat'>,</span> <span class='ocrx_word' id='word_1_589' title='bbox 1861 993 1976 1038; x_wconf 74' lang='lat' dir='ltr'>studms</span> <span class='ocrx_word' id='word_1_590' title='bbox 1973 1007 2021 1029; x_wconf 84' lang='lat' dir='ltr'>um</span> <span class='ocrx_word' id='word_1_591' title='bbox 2032 1005 2084 1028; x_wconf 84' lang='lat' dir='ltr'>ve·</span> 
     </span>
     <span class='ocr_line' id='line_1_83' title="bbox 1186 1044 2083 1088; baseline -0.003 -9"><span class='ocrx_word' id='word_1_592' title='bbox 1186 1047 1220 1082; x_wconf 68' lang='grc' dir='ltr'>τὸ</span> <span class='ocrx_word' id='word_1_593' title='bbox 1244 1044 1361 1084; x_wconf 70' lang='lat' dir='ltr'>mbae,</span> <span class='ocrx_word' id='word_1_594' title='bbox 1387 1056 1422 1078; x_wconf 80' lang='lat' dir='ltr'>ue</span> <span class='ocrx_word' id='word_1_595' title='bbox 1438 1046 1557 1080; x_wconf 67' lang='lat' dir='ltr'>cunHos</span> <span class='ocrx_word' id='word_1_596' title='bbox 1579 1046 1619 1080; x_wconf 80' lang='lat' dir='ltr'>ab</span> <span class='ocrx_word' id='word_1_597' title='bbox 1642 1059 1678 1082; x_wconf 84' lang='lat' dir='ltr'>ea</span> <span class='ocrx_word' id='word_1_598' title='bbox 1687 1046 1795 1088; x_wconf 74' lang='lat' dir='ltr'>baerefi</span> <span class='ocrx_word' id='word_1_599' title='bbox 1811 1044 1977 1081; x_wconf 72' lang='lat' dir='ltr'>retraheres</span> <span class='ocrx_word' id='word_1_600' title='bbox 1990 1070 1999 1085; x_wconf 90' lang='lat'><em>‚</em></span> <span class='ocrx_word' id='word_1_601' title='bbox 2026 1045 2083 1085; x_wconf 76' lang='lat' dir='ltr'>ista</span> 
     </span>
     <span class='ocr_line' id='line_1_84' title="bbox 1183 1094 2088 1143; baseline 0 -15"><span class='ocrx_word' id='word_1_602' title='bbox 1183 1094 1285 1143; x_wconf 64' lang='lat' dir='ltr'>secum</span> <span class='ocrx_word' id='word_1_603' title='bbox 1303 1100 1391 1137; x_wconf 69' lang='lat' dir='ltr'>impii</span> <span class='ocrx_word' id='word_1_604' title='bbox 1404 1100 1573 1141; x_wconf 73' lang='lat' dir='ltr'>cogitarunt</span> <span class='ocrx_word' id='word_1_605' title='bbox 1584 1109 1595 1129; x_wconf 89' lang='lat'><em>:</em></span> <span class='ocrx_word' id='word_1_606' title='bbox 1620 1099 1653 1130; x_wconf 76' lang='lat' dir='ltr'>S}</span> <span class='ocrx_word' id='word_1_607' title='bbox 1665 1097 1863 1131; x_wconf 67' lang='lat' dir='ltr'>Liber-lumin</span> <span class='ocrx_word' id='word_1_608' title='bbox 1881 1095 2088 1141; x_wconf 79' lang='lat' dir='ltr'>nostramsen-</span> 
     </span>
     <span class='ocr_line' id='line_1_85' title="bbox 1185 1144 2091 1191; baseline 0 -11"><span class='ocrx_word' id='word_1_609' title='bbox 1185 1149 1318 1191; x_wconf 61' lang='lat' dir='ltr'>petuam</span> <span class='ocrx_word' id='word_1_610' title='bbox 1335 1151 1520 1180; x_wconf 66' lang='lat' dir='ltr'>traxerimus</span> <span class='ocrx_word' id='word_1_611' title='bbox 1532 1170 1544 1186; x_wconf 89' lang='lat'><strong>‚</strong></span> <span class='ocrx_word' id='word_1_612' title='bbox 1568 1157 1669 1180; x_wconf 78' lang='lat' dir='ltr'>omnes</span> <span class='ocrx_word' id='word_1_613' title='bbox 1681 1148 1769 1181; x_wconf 69' lang='lat' dir='ltr'>brevi</span> <span class='ocrx_word' id='word_1_614' title='bbox 1782 1145 2008 1190; x_wconf 68' lang='lat' dir='ltr'>superabimus.</span> <span class='ocrx_word' id='word_1_615' title='bbox 2039 1144 2091 1180; x_wconf 79' lang='lat' dir='ltr'>Si·</span> 
     </span>
     <span class='ocr_line' id='line_1_86' title="bbox 1187 1194 2090 1236; baseline -0.003 -5"><span class='ocrx_word' id='word_1_616' title='bbox 1187 1206 1234 1230; x_wconf 79' lang='lat' dir='ltr'>·nc</span> <span class='ocrx_word' id='word_1_617' title='bbox 1245 1194 1406 1231; x_wconf 66' lang='lat' dir='ltr'>Romanae</span> <span class='ocrx_word' id='word_1_618' title='bbox 1419 1196 1571 1231; x_wconf 82' lang='lat' dir='ltr'>Ecclefiae</span> <span class='ocrx_word' id='word_1_619' title='bbox 1582 1196 1823 1231; x_wconf 87' lang='lat' dir='ltr'>communione</span> <span class='ocrx_word' id='word_1_620' title='bbox 1842 1194 2067 1230; x_wconf 86' lang='lat' dir='ltr'>schismaticos</span> <span class='ocrx_word' id='word_1_621' title='bbox 2075 1218 2090 1236; x_wconf 89' lang='lat'><strong>,</strong></span> 
     </span>
     <span class='ocr_line' id='line_1_87' title="bbox 1186 1242 2092 1288; baseline -0.007 -5"><span class='ocrx_word' id='word_1_622' title='bbox 1186 1242 1259 1283; x_wconf 70' lang='lat' dir='ltr'>&#39;fine</span> <span class='ocrx_word' id='word_1_623' title='bbox 1279 1245 1349 1288; x_wconf 87' lang='lat' dir='ltr'>ejus</span> <span class='ocrx_word' id='word_1_624' title='bbox 1362 1243 1509 1281; x_wconf 68' lang='lat' dir='ltr'>destrina</span> <span class='ocrx_word' id='word_1_625' title='bbox 1535 1257 1695 1281; x_wconf 87' lang='lat' dir='ltr'>noverant</span> <span class='ocrx_word' id='word_1_626' title='bbox 1707 1249 1738 1280; x_wconf 89' lang='lat' dir='ltr'>se</span> <span class='ocrx_word' id='word_1_627' title='bbox 1748 1248 1813 1281; x_wconf 79' lang='lat' dir='ltr'>effe</span> <span class='ocrx_word' id='word_1_628' title='bbox 1827 1245 2018 1280; x_wconf 70' lang='lat' dir='ltr'>haereticos:</span> <span class='ocrx_word' id='word_1_629' title='bbox 2046 1245 2092 1279; x_wconf 86' lang='lat' dir='ltr'>Et</span> 
     </span>
     <span class='ocr_line' id='line_1_88' title="bbox 1188 1295 2095 1341; baseline -0.004 -8"><span class='ocrx_word' id='word_1_630' title='bbox 1188 1296 1273 1334; x_wconf 77' lang='lat' dir='ltr'>:tales</span> <span class='ocrx_word' id='word_1_631' title='bbox 1298 1295 1341 1331; x_wconf 87' lang='lat' dir='ltr'>ab</span> <span class='ocrx_word' id='word_1_632' title='bbox 1363 1295 1520 1331; x_wconf 87' lang='lat' dir='ltr'>omnibus</span> <span class='ocrx_word' id='word_1_633' title='bbox 1544 1297 1626 1332; x_wconf 72' lang='lat' dir='ltr'>veris</span> <span class='ocrx_word' id='word_1_634' title='bbox 1647 1295 1844 1332; x_wconf 79' lang='lat' dir='ltr'>Christianis</span> <span class='ocrx_word' id='word_1_635' title='bbox 1865 1295 2064 1341; x_wconf 85' lang='lat' dir='ltr'>judicandos</span> <span class='ocrx_word' id='word_1_636' title='bbox 2081 1318 2095 1328; x_wconf 82' lang='grc'><strong>.</strong></span> 
     </span>
     <span class='ocr_line' id='line_1_89' title="bbox 1184 1343 2095 1391; baseline -0.003 -10"><span class='ocrx_word' id='word_1_637' title='bbox 1184 1343 1288 1381; x_wconf 67' lang='lat' dir='ltr'>&#39;Hinc</span> <span class='ocrx_word' id='word_1_638' title='bbox 1309 1346 1483 1382; x_wconf 84' lang='lat' dir='ltr'>Liberium</span> <span class='ocrx_word' id='word_1_639' title='bbox 1507 1346 1565 1382; x_wconf 84' lang='lat' dir='ltr'>fibi</span> <span class='ocrx_word' id='word_1_640' title='bbox 1588 1346 1782 1382; x_wconf 84' lang='lat' dir='ltr'>studuerunt</span> <span class='ocrx_word' id='word_1_641' title='bbox 1807 1346 1984 1391; x_wconf 85' lang='lat' dir='ltr'>adjungere</span> <span class='ocrx_word' id='word_1_642' title='bbox 2001 1368 2013 1385; x_wconf 92' lang='lat'>,</span> <span class='ocrx_word' id='word_1_643' title='bbox 2037 1354 2095 1390; x_wconf 84' lang='lat' dir='ltr'>per</span> 
     </span>
     <span class='ocr_line' id='line_1_90' title="bbox 1194 1395 2096 1440; baseline -0.002 -9"><span class='ocrx_word' id='word_1_644' title='bbox 1194 1397 1300 1438; x_wconf 86' lang='lat' dir='ltr'>ipsum</span> <span class='ocrx_word' id='word_1_645' title='bbox 1322 1407 1517 1440; x_wconf 77' lang='lat' dir='ltr'>extorquere</span> <span class='ocrx_word' id='word_1_646' title='bbox 1536 1397 1813 1432; x_wconf 84' lang='lat' dir='ltr'>communionem</span> <span class='ocrx_word' id='word_1_647' title='bbox 1831 1396 1925 1430; x_wconf 84' lang='lat' dir='ltr'>istius</span> <span class='ocrx_word' id='word_1_648' title='bbox 1935 1395 2096 1439; x_wconf 81' lang='lat' dir='ltr'>principa·</span> 
     </span>
    </p>
   </div>
   <div class='ocr_carea' id='block_1_19' title="bbox 757 1444 2098 1544">
    <p class='ocr_par' dir='ltr' id='par_1_19' title="bbox 757 1444 2098 1544">
     <span class='ocr_line' id='line_1_91' title="bbox 1133 1444 2098 1494; baseline -0.001 -14"><span class='ocrx_word' id='word_1_649' title='bbox 1133 1460 1158 1494; x_wconf 65' lang='lat'>⁴}</span> <span class='ocrx_word' id='word_1_650' title='bbox 1189 1445 1236 1482; x_wconf 64' lang='lat' dir='ltr'>:lis</span> <span class='ocrx_word' id='word_1_651' title='bbox 1260 1444 1408 1480; x_wconf 79' lang='lat' dir='ltr'>Ecclefiae</span> <span class='ocrx_word' id='word_1_652' title='bbox 1424 1468 1436 1486; x_wconf 94' lang='lat'>,</span> <span class='ocrx_word' id='word_1_653' title='bbox 1461 1456 1561 1490; x_wconf 85' lang='lat' dir='ltr'>atque</span> <span class='ocrx_word' id='word_1_654' title='bbox 1582 1447 1631 1482; x_wconf 90' lang='lat' dir='ltr'>ita</span> <span class='ocrx_word' id='word_1_655' title='bbox 1655 1447 1823 1481; x_wconf 82' lang='lat' dir='ltr'>Catholici</span> <span class='ocrx_word' id='word_1_656' title='bbox 1842 1455 1994 1490; x_wconf 84' lang='lat' dir='ltr'>apparere</span> <span class='ocrx_word' id='word_1_657' title='bbox 2014 1470 2022 1477; x_wconf 92' lang='lat'>.</span> <span class='ocrx_word' id='word_1_658' title='bbox 2049 1445 2098 1479; x_wconf 89' lang='lat' dir='ltr'>Et</span> 
     </span>
     <span class='ocr_line' id='line_1_92' title="bbox 757 1495 1158 1544; baseline 0 -14"><span class='ocrx_word' id='word_1_659' title='bbox 757 1495 861 1544; x_wconf 70' lang='lat' dir='ltr'>Q6d</span> <span class='ocrx_word' id='word_1_660' title='bbox 888 1498 990 1540; x_wconf 83' lang='lat' dir='ltr'>ipsam</span> <span class='ocrx_word' id='word_1_661' title='bbox 1014 1497 1130 1533; x_wconf 89' lang='lat' dir='ltr'>Domi·</span> <span class='ocrx_word' id='word_1_662' title='bbox 1156 1501 1158 1509; x_wconf 82' lang='lat'><em>&#39;</em></span> 
     </span>
    </p>
   </div>
   <div class='ocr_carea' id='block_1_20' title="bbox 1194 1494 2211 3435">
    <p class='ocr_par' dir='ltr' id='par_1_20' title="bbox 1194 1494 2211 3435">
     <span class='ocr_line' id='line_1_93' title="bbox 1194 1494 2095 1541; baseline -0.001 -11"><span class='ocrx_word' id='word_1_663' title='bbox 1194 1494 1282 1530; x_wconf 73' lang='lat' dir='ltr'>certe</span> <span class='ocrx_word' id='word_1_664' title='bbox 1304 1495 1446 1535; x_wconf 85' lang='lat' dir='ltr'>Ariani,</span> <span class='ocrx_word' id='word_1_665' title='bbox 1471 1495 1550 1530; x_wconf 76' lang='lat' dir='ltr'>licet</span> <span class='ocrx_word' id='word_1_666' title='bbox 1570 1496 1724 1530; x_wconf 66' lang='lat' dir='ltr'>Sanctum</span> <span class='ocrx_word' id='word_1_667' title='bbox 1746 1495 1870 1541; x_wconf 80' lang='lat' dir='ltr'>Julium</span> <span class='ocrx_word' id='word_1_668' title='bbox 1888 1494 2095 1530; x_wconf 73' lang='lat' dir='ltr'>Pontificem</span> 
     </span>
     <span class='ocr_line' id='line_1_94' title="bbox 1198 1543 2101 1590; baseline 0.001 -11"><span class='ocrx_word' id='word_1_669' title='bbox 1198 1545 1232 1579; x_wconf 85' lang='lat' dir='ltr'>in</span> <span class='ocrx_word' id='word_1_670' title='bbox 1255 1545 1316 1577; x_wconf 87' lang='lat' dir='ltr'>suo</span> <span class='ocrx_word' id='word_1_671' title='bbox 1338 1543 1669 1590; x_wconf 73' lang='lat' dir='ltr'>Philippo-politam</span> <span class='ocrx_word' id='word_1_672' title='bbox 1682 1545 1933 1580; x_wconf 83' lang='lat' dir='ltr'>conventiculo</span> <span class='ocrx_word' id='word_1_673' title='bbox 1945 1545 2101 1590; x_wconf 82' lang='lat' dir='ltr'>degrada·</span> 
     </span>
     <span class='ocr_line' id='line_1_95' title="bbox 1197 1594 2100 1638; baseline -0.001 -9"><span class='ocrx_word' id='word_1_674' title='bbox 1197 1594 1440 1629; x_wconf 73' lang='lat' dir='ltr'>retentaverint</span> <span class='ocrx_word' id='word_1_675' title='bbox 1454 1594 1654 1638; x_wconf 89' lang='lat' dir='ltr'>,tetigerunt</span> <span class='ocrx_word' id='word_1_676' title='bbox 1666 1603 1777 1630; x_wconf 86' lang='lat' dir='ltr'>tamen</span> <span class='ocrx_word' id='word_1_677' title='bbox 1790 1595 1893 1629; x_wconf 88' lang='lat' dir='ltr'>solam</span> <span class='ocrx_word' id='word_1_678' title='bbox 1906 1596 2075 1638; x_wconf 73' lang='lat' dir='ltr'>personam</span> <span class='ocrx_word' id='word_1_679' title='bbox 2086 1617 2100 1635; x_wconf 86' lang='lat'>,</span> 
     </span>
     <span class='ocr_line' id='line_1_96' title="bbox 1199 1641 2098 1688; baseline 0.002 -10"><span class='ocrx_word' id='word_1_680' title='bbox 1199 1655 1268 1678; x_wconf 90' lang='lat' dir='ltr'>non</span> <span class='ocrx_word' id='word_1_681' title='bbox 1279 1641 1478 1678; x_wconf 75' lang='lat' dir='ltr'>Gathedram</span> <span class='ocrx_word' id='word_1_682' title='bbox 1488 1667 1496 1677; x_wconf 93' lang='lat'>.</span> <span class='ocrx_word' id='word_1_683' title='bbox 1526 1643 1616 1679; x_wconf 84' lang='lat' dir='ltr'>Istud</span> <span class='ocrx_word' id='word_1_684' title='bbox 1628 1644 1732 1688; x_wconf 88' lang='lat' dir='ltr'>ipsum</span> <span class='ocrx_word' id='word_1_685' title='bbox 1743 1646 1832 1681; x_wconf 83' lang='lat' dir='ltr'>circa</span> <span class='ocrx_word' id='word_1_686' title='bbox 1843 1645 2000 1680; x_wconf 68' lang='lat' dir='ltr'>sanetum</span> <span class='ocrx_word' id='word_1_687' title='bbox 2013 1643 2098 1680; x_wconf 88' lang='lat' dir='ltr'>Leo·</span> 
     </span>
     <span class='ocr_line' id='line_1_97' title="bbox 1199 1691 2103 1731; baseline 0 -3"><span class='ocrx_word' id='word_1_688' title='bbox 1199 1703 1274 1728; x_wconf 85' lang='lat' dir='ltr'>nem</span> <span class='ocrx_word' id='word_1_689' title='bbox 1285 1691 1487 1729; x_wconf 86' lang='lat' dir='ltr'>Pontificem</span> <span class='ocrx_word' id='word_1_690' title='bbox 1500 1693 1534 1728; x_wconf 92' lang='lat' dir='ltr'>in</span> <span class='ocrx_word' id='word_1_691' title='bbox 1547 1695 1606 1731; x_wconf 89' lang='lat' dir='ltr'>suo</span> <span class='ocrx_word' id='word_1_692' title='bbox 1622 1694 1764 1731; x_wconf 80' lang='lat' dir='ltr'>Nicaeno</span> <span class='ocrx_word' id='word_1_693' title='bbox 1784 1694 2034 1731; x_wconf 85' lang='lat' dir='ltr'>Convcnticulo</span> <span class='ocrx_word' id='word_1_694' title='bbox 2056 1696 2103 1729; x_wconf 83' lang='lat' dir='ltr'>fe-</span> 
     </span>
     <span class='ocr_line' id='line_1_98' title="bbox 1199 1742 2101 1781; baseline 0 -2"><span class='ocrx_word' id='word_1_695' title='bbox 1199 1743 1249 1779; x_wconf 49' lang='lat' dir='ltr'>cit:¹</span> <span class='ocrx_word' id='word_1_696' title='bbox 1267 1742 1451 1779; x_wconf 70' lang='lat' dir='ltr'>Diostorus</span> <span class='ocrx_word' id='word_1_697' title='bbox 1474 1743 1666 1780; x_wconf 85' lang='lat' dir='ltr'>Patriarcha</span> <span class='ocrx_word' id='word_1_698' title='bbox 1692 1746 1958 1781; x_wconf 70' lang='lat' dir='ltr'>Alexandrinus.</span> <span class='ocrx_word' id='word_1_699' title='bbox 1987 1745 2101 1780; x_wconf 75' lang='lat' dir='ltr'>Etiam</span> 
     </span>
     <span class='ocr_line' id='line_1_99' title="bbox 1203 1794 2101 1839; baseline 0 -9"><span class='ocrx_word' id='word_1_700' title='bbox 1203 1795 1340 1830; x_wconf 64' lang='lat' dir='ltr'>Sanctus</span> <span class='ocrx_word' id='word_1_701' title='bbox 1364 1794 1552 1839; x_wconf 86' lang='lat' dir='ltr'>Cyprianus</span> <span class='ocrx_word' id='word_1_702' title='bbox 1576 1807 1616 1830; x_wconf 84' lang='lat' dir='ltr'>ac</span> <span class='ocrx_word' id='word_1_703' title='bbox 1637 1796 1774 1831; x_wconf 71' lang='lat' dir='ltr'>Sanstus</span> <span class='ocrx_word' id='word_1_704' title='bbox 1792 1796 2006 1832; x_wconf 86' lang='lat' dir='ltr'>Firmilianus</span> <span class='ocrx_word' id='word_1_705' title='bbox 2027 1821 2039 1838; x_wconf 94' lang='lat'>,</span> <span class='ocrx_word' id='word_1_706' title='bbox 2064 1797 2101 1830; x_wconf 78' lang='grc' dir='ltr'>δε</span> 
     </span>
     <span class='ocr_line' id='line_1_100' title="bbox 1199 1843 2102 1891; baseline 0.001 -12"><span class='ocrx_word' id='word_1_707' title='bbox 1199 1854 1364 1889; x_wconf 84' lang='lat' dir='ltr'>quotquot</span> <span class='ocrx_word' id='word_1_708' title='bbox 1385 1855 1462 1880; x_wconf 88' lang='lat' dir='ltr'>cum</span> <span class='ocrx_word' id='word_1_709' title='bbox 1489 1843 1563 1891; x_wconf 80' lang='lat' dir='ltr'>ipfis</span> <span class='ocrx_word' id='word_1_710' title='bbox 1587 1845 1685 1880; x_wconf 47' lang='lat' dir='ltr'>circa*</span> <span class='ocrx_word' id='word_1_711' title='bbox 1699 1844 1905 1891; x_wconf 86' lang='lat' dir='ltr'>Baptismum</span> <span class='ocrx_word' id='word_1_712' title='bbox 1930 1855 2102 1888; x_wconf 87' lang='lat' dir='ltr'>errarunt,</span> 
     </span>
     <span class='ocr_line' id='line_1_101' title="bbox 1199 1895 2103 1941; baseline 0.002 -11"><span class='ocrx_word' id='word_1_713' title='bbox 1199 1895 1376 1939; x_wconf 88' lang='lat' dir='ltr'>culparunt</span> <span class='ocrx_word' id='word_1_714' title='bbox 1396 1895 1500 1930; x_wconf 76' lang='lat' dir='ltr'>solam</span> <span class='ocrx_word' id='word_1_715' title='bbox 1522 1895 1679 1940; x_wconf 82' lang='lat' dir='ltr'>Stephani</span> <span class='ocrx_word' id='word_1_716' title='bbox 1703 1896 1881 1932; x_wconf 84' lang='lat' dir='ltr'>Pontificis</span> <span class='ocrx_word' id='word_1_717' title='bbox 1905 1899 2076 1941; x_wconf 86' lang='lat' dir='ltr'>personam</span> <span class='ocrx_word' id='word_1_718' title='bbox 2090 1921 2103 1938; x_wconf 88' lang='lat'>‚</span> 
     </span>
     <span class='ocr_line' id='line_1_102' title="bbox 1203 1943 2102 1994; baseline 0.001 -14"><span class='ocrx_word' id='word_1_719' title='bbox 1203 1945 1391 1980; x_wconf 88' lang='lat' dir='ltr'>Romanam</span> <span class='ocrx_word' id='word_1_720' title='bbox 1406 1943 1606 1980; x_wconf 79' lang='lat' dir='ltr'>Cathedram</span> <span class='ocrx_word' id='word_1_721' title='bbox 1619 1945 1803 1990; x_wconf 74' lang='lat' dir='ltr'>pleniffime</span> <span class='ocrx_word' id='word_1_722' title='bbox 1824 1948 1954 1983; x_wconf 86' lang='lat' dir='ltr'>reveriti</span> <span class='ocrx_word' id='word_1_723' title='bbox 1969 1973 1975 1980; x_wconf 93' lang='lat'>.</span> <span class='ocrx_word' id='word_1_724' title='bbox 2004 1949 2102 1994; x_wconf 87' lang='lat' dir='ltr'>Qin</span> 
     </span>
     <span class='ocr_line' id='line_1_103' title="bbox 1202 1995 2104 2032; baseline -0.001 0"><span class='ocrx_word' id='word_1_725' title='bbox 1202 1995 1240 2031; x_wconf 62' lang='grc' dir='ltr'>ὅτ,</span> <span class='ocrx_word' id='word_1_726' title='bbox 1250 1995 1359 2032; x_wconf 83' lang='lat' dir='ltr'>nost-er</span> <span class='ocrx_word' id='word_1_727' title='bbox 1369 1995 1405 2030; x_wconf 89' lang='lat' dir='ltr'>in</span> <span class='ocrx_word' id='word_1_728' title='bbox 1417 1995 1579 2030; x_wconf 85' lang='lat' dir='ltr'>Montani</span> <span class='ocrx_word' id='word_1_729' title='bbox 1589 1997 1999 2032; x_wconf 68' lang='lat' dir='ltr'>sestacontumaciffimus</span> <span class='ocrx_word' id='word_1_730' title='bbox 2017 1997 2104 2031; x_wconf 87' lang='lat' dir='ltr'>Ter-</span> 
     </span>
     <span class='ocr_line' id='line_1_104' title="bbox 1202 2045 2104 2090; baseline 0 -10"><span class='ocrx_word' id='word_1_731' title='bbox 1202 2046 1362 2083; x_wconf 78' lang='lat' dir='ltr'>tullianus</span> <span class='ocrx_word' id='word_1_732' title='bbox 1376 2070 1388 2087; x_wconf 90' lang='lat'><strong><em>,</em></strong></span> <span class='ocrx_word' id='word_1_733' title='bbox 1416 2056 1513 2090; x_wconf 87' lang='lat' dir='ltr'>quem</span> <span class='ocrx_word' id='word_1_734' title='bbox 1526 2046 1573 2081; x_wconf 90' lang='lat' dir='ltr'>ob</span> <span class='ocrx_word' id='word_1_735' title='bbox 1583 2048 1696 2081; x_wconf 89' lang='lat' dir='ltr'>nescio</span> <span class='ocrx_word' id='word_1_736' title='bbox 1709 2057 1790 2087; x_wconf 77' lang='lat' dir='ltr'>quas</span> <span class='ocrx_word' id='word_1_737' title='bbox 1813 2045 1856 2080; x_wconf 89' lang='lat' dir='ltr'>ab</span> <span class='ocrx_word' id='word_1_738' title='bbox 1880 2045 1969 2079; x_wconf 80' lang='lat' dir='ltr'>istius</span> <span class='ocrx_word' id='word_1_739' title='bbox 1980 2045 2104 2081; x_wconf 84' lang='lat' dir='ltr'>Cathe-</span> 
     </span>
     <span class='ocr_line' id='line_1_105' title="bbox 1201 2095 2103 2138; baseline 0 -8"><span class='ocrx_word' id='word_1_740' title='bbox 1201 2095 1264 2131; x_wconf 77' lang='lat' dir='ltr'>drae</span> <span class='ocrx_word' id='word_1_741' title='bbox 1290 2095 1429 2130; x_wconf 80' lang='lat' dir='ltr'>clericis</span> <span class='ocrx_word' id='word_1_742' title='bbox 1461 2096 1595 2138; x_wconf 85' lang='lat' dir='ltr'>injurias</span> <span class='ocrx_word' id='word_1_743' title='bbox 1612 2095 1805 2137; x_wconf 76' lang='lat' dir='ltr'>apostatasse</span> <span class='ocrx_word' id='word_1_744' title='bbox 1820 2096 1953 2130; x_wconf 75' lang='lat' dir='ltr'>testatur</span> <span class='ocrx_word' id='word_1_745' title='bbox 1966 2096 2103 2130; x_wconf 69' lang='lat' dir='ltr'>Sanctus</span> 
     </span>
     <span class='ocr_line' id='line_1_106' title="bbox 1205 2144 2102 2190; baseline 0 -10"><span class='ocrx_word' id='word_1_746' title='bbox 1205 2146 1461 2190; x_wconf 88' lang='lat' dir='ltr'>Hieronymus,</span> <span class='ocrx_word' id='word_1_747' title='bbox 1489 2155 1670 2186; x_wconf 89' lang='lat' dir='ltr'>numquam</span> <span class='ocrx_word' id='word_1_748' title='bbox 1696 2144 1738 2179; x_wconf 79' lang='lat' dir='ltr'>de</span> <span class='ocrx_word' id='word_1_749' title='bbox 1765 2146 1833 2190; x_wconf 80' lang='lat' dir='ltr'>ipsa</span> <span class='ocrx_word' id='word_1_750' title='bbox 1856 2145 1902 2179; x_wconf 87' lang='lat' dir='ltr'>est</span> <span class='ocrx_word' id='word_1_751' title='bbox 1917 2146 2102 2181; x_wconf 73' lang='lat' dir='ltr'>malelocu·</span> 
     </span>
     <span class='ocr_line' id='line_1_107' title="bbox 1203 2191 2106 2241; baseline 0.002 -13"><span class='ocrx_word' id='word_1_752' title='bbox 1203 2194 1493 2235; x_wconf 60' lang='lat' dir='ltr'>tusAntiquorum</span> <span class='ocrx_word' id='word_1_753' title='bbox 1503 2191 1728 2229; x_wconf 69' lang='lat' dir='ltr'>haereticorum</span> <span class='ocrx_word' id='word_1_754' title='bbox 1743 2206 1842 2231; x_wconf 88' lang='lat' dir='ltr'>nemo</span> <span class='ocrx_word' id='word_1_755' title='bbox 1852 2196 1886 2229; x_wconf 84' lang='lat' dir='ltr'>in</span> <span class='ocrx_word' id='word_1_756' title='bbox 1899 2197 2003 2240; x_wconf 87' lang='lat' dir='ltr'>ipsam</span> <span class='ocrx_word' id='word_1_757' title='bbox 2016 2199 2106 2241; x_wconf 88' lang='lat' dir='ltr'>spue-</span> 
     </span>
     <span class='ocr_line' id='line_1_108' title="bbox 1204 2242 2103 2288; baseline 0.007 -12"><span class='ocrx_word' id='word_1_758' title='bbox 1204 2254 1236 2276; x_wconf 89' lang='lat' dir='ltr'>re</span> <span class='ocrx_word' id='word_1_759' title='bbox 1259 2242 1322 2277; x_wconf 87' lang='lat' dir='ltr'>fuit</span> <span class='ocrx_word' id='word_1_760' title='bbox 1343 2243 1438 2277; x_wconf 84' lang='lat' dir='ltr'>ausus</span> <span class='ocrx_word' id='word_1_761' title='bbox 1450 2266 1461 2284; x_wconf 87' lang='lat'>,</span> <span class='ocrx_word' id='word_1_762' title='bbox 1489 2244 1548 2278; x_wconf 80' lang='lat' dir='ltr'>nisi</span> <span class='ocrx_word' id='word_1_763' title='bbox 1562 2255 1647 2278; x_wconf 86' lang='lat' dir='ltr'>unus</span> <span class='ocrx_word' id='word_1_764' title='bbox 1662 2244 1681 2279; x_wconf 81' lang='grc' dir='ltr'><em>ὲ</em></span> <span class='ocrx_word' id='word_1_765' title='bbox 1697 2245 1884 2281; x_wconf 84' lang='lat' dir='ltr'>Donatistis</span> <span class='ocrx_word' id='word_1_766' title='bbox 1895 2245 2079 2281; x_wconf 81' lang='lat' dir='ltr'>Petilianus</span> <span class='ocrx_word' id='word_1_767' title='bbox 2092 2272 2103 2288; x_wconf 87' lang='lat'><strong><em>‚</em></strong></span> 
     </span>
     <span class='ocr_line' id='line_1_109' title="bbox 1203 2292 2104 2340; baseline 0.007 -14"><span class='ocrx_word' id='word_1_768' title='bbox 1203 2293 1305 2335; x_wconf 82' lang='lat' dir='ltr'>ipsam</span> <span class='ocrx_word' id='word_1_769' title='bbox 1332 2292 1495 2331; x_wconf 73' lang='lat' dir='ltr'>blaterans</span> <span class='ocrx_word' id='word_1_770' title='bbox 1517 2296 1581 2328; x_wconf 79' lang='lat' dir='ltr'>esse</span> <span class='ocrx_word' id='word_1_771' title='bbox 1592 2293 1793 2330; x_wconf 87' lang='lat' dir='ltr'>Cathedram</span> <span class='ocrx_word' id='word_1_772' title='bbox 1818 2297 2025 2340; x_wconf 80' lang='lat' dir='ltr'>pestilentiae.</span> <span class='ocrx_word' id='word_1_773' title='bbox 2054 2298 2104 2332; x_wconf 85' lang='lat' dir='ltr'>At</span> 
     </span>
     <span class='ocr_line' id='line_1_110' title="bbox 1204 2339 2104 2395; baseline 0.009 -20"><span class='ocrx_word' id='word_1_774' title='bbox 1204 2341 1335 2375; x_wconf 87' lang='lat' dir='ltr'>nullum</span> <span class='ocrx_word' id='word_1_775' title='bbox 1347 2339 1461 2375; x_wconf 89' lang='lat' dir='ltr'>habuit</span> <span class='ocrx_word' id='word_1_776' title='bbox 1476 2342 1685 2386; x_wconf 72' lang='lat' dir='ltr'>blasphemiae</span> <span class='ocrx_word' id='word_1_777' title='bbox 1708 2356 1966 2391; x_wconf 76' lang='lat' dir='ltr'>congeri-onem.</span> <span class='ocrx_word' id='word_1_778' title='bbox 1999 2348 2104 2395; x_wconf 79' lang='lat' dir='ltr'>Qud</span> 
     </span>
     <span class='ocr_line' id='line_1_111' title="bbox 1203 2390 2104 2435; baseline 0.01 -11"><span class='ocrx_word' id='word_1_779' title='bbox 1203 2401 1321 2425; x_wconf 89' lang='lat' dir='ltr'>omnes</span> <span class='ocrx_word' id='word_1_780' title='bbox 1331 2391 1415 2425; x_wconf 87' lang='lat' dir='ltr'>olim</span> <span class='ocrx_word' id='word_1_781' title='bbox 1428 2390 1572 2427; x_wconf 70' lang='lat' dir='ltr'>haeretici</span> <span class='ocrx_word' id='word_1_782' title='bbox 1584 2392 1651 2435; x_wconf 83' lang='lat' dir='ltr'>ejus</span> <span class='ocrx_word' id='word_1_783' title='bbox 1664 2395 1950 2432; x_wconf 86' lang='lat' dir='ltr'>Communionem</span> <span class='ocrx_word' id='word_1_784' title='bbox 1973 2398 2104 2433; x_wconf 82' lang='lat' dir='ltr'>studio·-</span> 
     </span>
     <span class='ocr_line' id='line_1_112' title="bbox 1209 2439 2105 2487; baseline 0.008 -12"><span class='ocrx_word' id='word_1_785' title='bbox 1209 2439 1324 2476; x_wconf 72' lang='lat' dir='ltr'>fiffime</span> <span class='ocrx_word' id='word_1_786' title='bbox 1334 2452 1372 2476; x_wconf 86' lang='lat' dir='ltr'>ac</span> <span class='ocrx_word' id='word_1_787' title='bbox 1383 2441 1580 2478; x_wconf 73' lang='lat' dir='ltr'>dolosiffime</span> <span class='ocrx_word' id='word_1_788' title='bbox 1589 2444 1783 2480; x_wconf 85' lang='lat' dir='ltr'>ambiverint</span> <span class='ocrx_word' id='word_1_789' title='bbox 1798 2471 1810 2487; x_wconf 87' lang='lat'><strong>,</strong></span> <span class='ocrx_word' id='word_1_790' title='bbox 1838 2449 1897 2482; x_wconf 90' lang='lat' dir='ltr'>suo</span> <span class='ocrx_word' id='word_1_791' title='bbox 1911 2450 1986 2483; x_wconf 91' lang='lat' dir='ltr'>loco</span> <span class='ocrx_word' id='word_1_792' title='bbox 1998 2448 2105 2482; x_wconf 80' lang='lat' dir='ltr'>osten-</span> 
     </span>
     <span class='ocr_line' id='line_1_113' title="bbox 1206 2491 2104 2544; baseline 0.01 -20"><span class='ocrx_word' id='word_1_793' title='bbox 1206 2492 1277 2525; x_wconf 86' lang='lat' dir='ltr'>sum</span> <span class='ocrx_word' id='word_1_794' title='bbox 1300 2491 1346 2526; x_wconf 89' lang='lat' dir='ltr'>est</span> <span class='ocrx_word' id='word_1_795' title='bbox 1373 2492 1407 2527; x_wconf 89' lang='lat' dir='ltr'>in</span> <span class='ocrx_word' id='word_1_796' title='bbox 1422 2491 1586 2528; x_wconf 83' lang='lat' dir='ltr'>Scholiis.</span> <span class='ocrx_word' id='word_1_797' title='bbox 1614 2495 1725 2544; x_wconf 81' lang='lat' dir='ltr'>Qare</span> <span class='ocrx_word' id='word_1_798' title='bbox 1747 2494 1848 2532; x_wconf 86' lang='lat' dir='ltr'>hodie</span> <span class='ocrx_word' id='word_1_799' title='bbox 1860 2498 2043 2532; x_wconf 78' lang='lat' dir='ltr'>Lutherani</span> <span class='ocrx_word' id='word_1_800' title='bbox 2068 2499 2104 2533; x_wconf 74' lang='grc' dir='ltr'>ὅ(</span> 
     </span>
     <span class='ocr_line' id='line_1_114' title="bbox 1206 2540 2103 2589; baseline 0.007 -13"><span class='ocrx_word' id='word_1_801' title='bbox 1206 2540 1416 2584; x_wconf 76' lang='lat' dir='ltr'>calvinistae,</span> <span class='ocrx_word' id='word_1_802' title='bbox 1441 2542 1522 2577; x_wconf 90' lang='lat' dir='ltr'>dum</span> <span class='ocrx_word' id='word_1_803' title='bbox 1535 2542 1587 2578; x_wconf 81' lang='lat' dir='ltr'>isti</span> <span class='ocrx_word' id='word_1_804' title='bbox 1601 2545 1822 2582; x_wconf 72' lang='lat' dir='ltr'>Ecclefiaenon</span> <span class='ocrx_word' id='word_1_805' title='bbox 1835 2549 2103 2589; x_wconf 81' lang='lat' dir='ltr'>communicant,</span> 
     </span>
     <span class='ocr_line' id='line_1_115' title="bbox 1205 2591 2105 2643; baseline 0.009 -18"><span class='ocrx_word' id='word_1_806' title='bbox 1205 2591 1240 2626; x_wconf 79' lang='grc' dir='ltr'>δι</span> <span class='ocrx_word' id='word_1_807' title='bbox 1262 2602 1370 2626; x_wconf 87' lang='lat' dir='ltr'>veram</span> <span class='ocrx_word' id='word_1_808' title='bbox 1395 2594 1521 2636; x_wconf 89' lang='lat' dir='ltr'>sperant</span> <span class='ocrx_word' id='word_1_809' title='bbox 1535 2593 1655 2630; x_wconf 82' lang='lat' dir='ltr'>habere</span> <span class='ocrx_word' id='word_1_810' title='bbox 1680 2596 1858 2633; x_wconf 83' lang='lat' dir='ltr'>Ecclefiam</span> <span class='ocrx_word' id='word_1_811' title='bbox 1872 2623 1883 2639; x_wconf 90' lang='lat'><strong><em>,</em></strong></span> <span class='ocrx_word' id='word_1_812' title='bbox 1908 2600 2037 2643; x_wconf 81' lang='lat' dir='ltr'>sperant</span> <span class='ocrx_word' id='word_1_813' title='bbox 2050 2611 2105 2633; x_wconf 88' lang='lat' dir='ltr'>va·</span> 
     </span>
     <span class='ocr_line' id='line_1_116' title="bbox 1207 2642 2097 2695; baseline 0.006 -19"><span class='ocrx_word' id='word_1_814' title='bbox 1207 2652 1266 2676; x_wconf 85' lang='lat' dir='ltr'>na.</span> <span class='ocrx_word' id='word_1_815' title='bbox 1296 2643 1350 2677; x_wconf 87' lang='lat' dir='ltr'>De</span> <span class='ocrx_word' id='word_1_816' title='bbox 1371 2642 1444 2686; x_wconf 82' lang='lat' dir='ltr'>ipsis</span> <span class='ocrx_word' id='word_1_817' title='bbox 1464 2643 1531 2678; x_wconf 88' lang='lat' dir='ltr'>dici</span> <span class='ocrx_word' id='word_1_818' title='bbox 1557 2646 1662 2688; x_wconf 85' lang='lat' dir='ltr'>potest</span> <span class='ocrx_word' id='word_1_819' title='bbox 1688 2658 1727 2682; x_wconf 89' lang='lat' dir='ltr'>ac</span> <span class='ocrx_word' id='word_1_820' title='bbox 1748 2645 1844 2683; x_wconf 87' lang='lat' dir='ltr'>debet</span> <span class='ocrx_word' id='word_1_821' title='bbox 1860 2673 1871 2690; x_wconf 89' lang='lat'>,</span> <span class='ocrx_word' id='word_1_822' title='bbox 1898 2650 1987 2695; x_wconf 86' lang='lat' dir='ltr'>quod</span> <span class='ocrx_word' id='word_1_823' title='bbox 2012 2650 2097 2683; x_wconf 90' lang='lat' dir='ltr'>olim</span> 
     </span>
     <span class='ocr_line' id='line_1_117' title="bbox 1203 2692 2101 2739; baseline 0.004 -13"><span class='ocrx_word' id='word_1_824' title='bbox 1203 2692 1381 2735; x_wconf 85' lang='lat' dir='ltr'>Septimius</span> <span class='ocrx_word' id='word_1_825' title='bbox 1390 2693 1476 2728; x_wconf 86' lang='lat' dir='ltr'>dixit</span> <span class='ocrx_word' id='word_1_826' title='bbox 1486 2694 1528 2728; x_wconf 91' lang='lat' dir='ltr'>de</span> <span class='ocrx_word' id='word_1_827' title='bbox 1537 2694 1768 2732; x_wconf 87' lang='lat' dir='ltr'>Marcionitis:</span> <span class='ocrx_word' id='word_1_828' title='bbox 1780 2700 1858 2732; x_wconf 75' lang='lat' dir='ltr'>Sunt</span> <span class='ocrx_word' id='word_1_829' title='bbox 1867 2697 2002 2738; x_wconf 82' lang='lat' dir='ltr'>Ecclefiae</span> <span class='ocrx_word' id='word_1_830' title='bbox 2014 2698 2101 2739; x_wconf 80' lang='lat' dir='ltr'>apud</span> 
     </span>
     <span class='ocr_line' id='line_1_118' title="bbox 1209 2741 2065 2793; baseline 0.006 -16"><span class='ocrx_word' id='word_1_831' title='bbox 1209 2741 1397 2777; x_wconf 77' lang='lat' dir='ltr'>Lutheranos</span> <span class='ocrx_word' id='word_1_832' title='bbox 1422 2744 1456 2777; x_wconf 67' lang='lat' dir='ltr'>o·</span> <span class='ocrx_word' id='word_1_833' title='bbox 1466 2745 1651 2784; x_wconf 63' lang='lat' dir='ltr'>calvinista:</span> <span class='ocrx_word' id='word_1_834' title='bbox 1663 2771 1673 2786; x_wconf 89' lang='lat'>,</span> <span class='ocrx_word' id='word_1_835' title='bbox 1699 2746 1827 2787; x_wconf 67' lang='lat' dir='ltr'>utifavi</span> <span class='ocrx_word' id='word_1_836' title='bbox 1839 2750 1925 2788; x_wconf 82' lang='lat' dir='ltr'>apud</span> <span class='ocrx_word' id='word_1_837' title='bbox 1933 2744 1990 2793; x_wconf 82' lang='lat' dir='ltr'>Ves</span> <span class='ocrx_word' id='word_1_838' title='bbox 1986 2757 2046 2789; x_wconf 81' lang='lat' dir='ltr'>pas</span> <span class='ocrx_word' id='word_1_839' title='bbox 2056 2773 2065 2782; x_wconf 84' lang='lat'><strong>.</strong></span> 
     </span>
     <span class='ocr_line' id='line_1_119' title="bbox 1254 2791 2097 2839; baseline 0.006 -14"><span class='ocrx_word' id='word_1_840' title='bbox 1254 2791 1388 2827; x_wconf 71' lang='lat' dir='ltr'>sanctus</span> <span class='ocrx_word' id='word_1_841' title='bbox 1398 2796 1543 2837; x_wconf 84' lang='lat' dir='ltr'>Optatus</span> <span class='ocrx_word' id='word_1_842' title='bbox 1554 2797 1661 2839; x_wconf 87' lang='lat' dir='ltr'>pergit</span> <span class='ocrx_word' id='word_1_843' title='bbox 1690 2795 1730 2830; x_wconf 90' lang='lat' dir='ltr'>ad</span> <span class='ocrx_word' id='word_1_844' title='bbox 1746 2795 1955 2830; x_wconf 86' lang='lat' dir='ltr'>Donatistas:</span> <span class='ocrx_word' id='word_1_845' title='bbox 1982 2801 2097 2830; x_wconf 78' lang='lat' dir='ltr'>Unita-</span> 
     </span>
     <span class='ocr_line' id='line_1_120' title="bbox 1208 2843 2097 2890; baseline 0.006 -14"><span class='ocrx_word' id='word_1_846' title='bbox 1208 2850 1269 2877; x_wconf 75' lang='lat' dir='ltr'>tem</span> <span class='ocrx_word' id='word_1_847' title='bbox 1280 2853 1344 2876; x_wconf 84' lang='lat' dir='ltr'>cum</span> <span class='ocrx_word' id='word_1_848' title='bbox 1354 2852 1415 2877; x_wconf 82' lang='lat' dir='ltr'>toto</span> <span class='ocrx_word' id='word_1_849' title='bbox 1426 2843 1494 2878; x_wconf 80' lang='lat' dir='ltr'>orbe</span> <span class='ocrx_word' id='word_1_850' title='bbox 1513 2853 1661 2878; x_wconf 82' lang='lat' dir='ltr'>terrarum</span> <span class='ocrx_word' id='word_1_851' title='bbox 1674 2867 1684 2883; x_wconf 92' lang='lat'>,</span> <span class='ocrx_word' id='word_1_852' title='bbox 1709 2847 1743 2880; x_wconf 64' lang='lat' dir='ltr'>eb·</span> <span class='ocrx_word' id='word_1_853' title='bbox 1759 2856 1825 2878; x_wconf 88' lang='lat' dir='ltr'>cum</span> <span class='ocrx_word' id='word_1_854' title='bbox 1844 2852 1994 2880; x_wconf 74' lang='lat' dir='ltr'>memoriis</span> <span class='ocrx_word' id='word_1_855' title='bbox 2016 2852 2097 2890; x_wconf 77' lang='lat' dir='ltr'>Apo-</span> 
     </span>
     <span class='ocr_line' id='line_1_121' title="bbox 1198 2892 2096 2937; baseline 0.008 -12"><span class='ocrx_word' id='word_1_856' title='bbox 1198 2892 1335 2936; x_wconf 73' lang='lat' dir='ltr'>stolorum</span> <span class='ocrx_word' id='word_1_857' title='bbox 1347 2916 1360 2934; x_wconf 92' lang='lat'>‚</span> <span class='ocrx_word' id='word_1_858' title='bbox 1383 2903 1454 2935; x_wconf 81' lang='lat' dir='ltr'>quae</span> <span class='ocrx_word' id='word_1_859' title='bbox 1464 2896 1526 2927; x_wconf 86' lang='lat' dir='ltr'>Deo</span> <span class='ocrx_word' id='word_1_860' title='bbox 1532 2894 1650 2935; x_wconf 74' lang='lat' dir='ltr'>placita</span> <span class='ocrx_word' id='word_1_861' title='bbox 1660 2894 1714 2936; x_wconf 84' lang='lat' dir='ltr'>est,</span> <span class='ocrx_word' id='word_1_862' title='bbox 1741 2894 1850 2930; x_wconf 77' lang='lat' dir='ltr'>habere</span> <span class='ocrx_word' id='word_1_863' title='bbox 1870 2898 2018 2937; x_wconf 64' lang='lat' dir='ltr'>noluistis.</span> <span class='ocrx_word' id='word_1_864' title='bbox 2051 2899 2096 2934; x_wconf 83' lang='lat' dir='ltr'>Et</span> 
     </span>
     <span class='ocr_line' id='line_1_122' title="bbox 1204 2941 2211 2990; baseline 0.003 -14"><span class='ocrx_word' id='word_1_865' title='bbox 1204 2943 1342 2977; x_wconf 87' lang='lat' dir='ltr'>iterum:</span> <span class='ocrx_word' id='word_1_866' title='bbox 1369 2943 1555 2985; x_wconf 62' lang='lat' dir='ltr'>concordasti</span> <span class='ocrx_word' id='word_1_867' title='bbox 1573 2955 1639 2979; x_wconf 83' lang='lat' dir='ltr'>cum</span> <span class='ocrx_word' id='word_1_868' title='bbox 1660 2957 1721 2979; x_wconf 79' lang='lat' dir='ltr'>una</span> <span class='ocrx_word' id='word_1_869' title='bbox 1732 2945 1860 2988; x_wconf 81' lang='lat' dir='ltr'>Ecclefiae</span> <span class='ocrx_word' id='word_1_870' title='bbox 1876 2968 1887 2985; x_wconf 93' lang='lat'><strong>,</strong></span> <span class='ocrx_word' id='word_1_871' title='bbox 1912 2959 1982 2990; x_wconf 83' lang='lat' dir='ltr'>quae</span> <span class='ocrx_word' id='word_1_872' title='bbox 2002 2949 2041 2989; x_wconf 80' lang='lat' dir='ltr'>est</span> <span class='ocrx_word' id='word_1_873' title='bbox 2061 2955 2095 2982; x_wconf 70' lang='lat' dir='ltr'>in</span> <span class='ocrx_word' id='word_1_874' title='bbox 2111 2941 2211 2979; x_wconf 65' lang='lat' dir='ltr'>Lib-4·</span> 
     </span>
     <span class='ocr_line' id='line_1_123' title="bbox 1206 2992 2096 3041; baseline 0.003 -13"><span class='ocrx_word' id='word_1_875' title='bbox 1206 3002 1267 3028; x_wconf 73' lang='lat' dir='ltr'>toto</span> <span class='ocrx_word' id='word_1_876' title='bbox 1295 2992 1364 3028; x_wconf 81' lang='lat' dir='ltr'>orbe</span> <span class='ocrx_word' id='word_1_877' title='bbox 1375 3003 1524 3028; x_wconf 79' lang='lat' dir='ltr'>terrarum</span> <span class='ocrx_word' id='word_1_878' title='bbox 1535 3014 1556 3028; x_wconf 74' lang='lat'>„</span> <span class='ocrx_word' id='word_1_879' title='bbox 1570 2996 1799 3037; x_wconf 74' lang='lat' dir='ltr'>communicasti</span> <span class='ocrx_word' id='word_1_880' title='bbox 1812 2996 1926 3041; x_wconf 79' lang='lat' dir='ltr'>septem</span> <span class='ocrx_word' id='word_1_881' title='bbox 1937 2997 2071 3040; x_wconf 75' lang='lat' dir='ltr'>Ecclesm</span> <span class='ocrx_word' id='word_1_882' title='bbox 2082 3023 2096 3040; x_wconf 86' lang='lat'><strong>,</strong></span> 
     </span>
     <span class='ocr_line' id='line_1_124' title="bbox 1202 3043 2093 3092; baseline 0.002 -14"><span class='ocrx_word' id='word_1_883' title='bbox 1202 3043 1243 3078; x_wconf 84' lang='lat' dir='ltr'>ad</span> <span class='ocrx_word' id='word_1_884' title='bbox 1256 3055 1337 3088; x_wconf 86' lang='lat' dir='ltr'>quas</span> <span class='ocrx_word' id='word_1_885' title='bbox 1359 3043 1468 3078; x_wconf 80' lang='lat' dir='ltr'>scribit</span> <span class='ocrx_word' id='word_1_886' title='bbox 1481 3044 1696 3088; x_wconf 79' lang='lat' dir='ltr'>Apocalypfis</span> <span class='ocrx_word' id='word_1_887' title='bbox 1722 3046 1828 3082; x_wconf 67' lang='lat' dir='ltr'>Sansti</span> <span class='ocrx_word' id='word_1_888' title='bbox 1843 3048 1981 3091; x_wconf 88' lang='lat' dir='ltr'>Joannis</span> <span class='ocrx_word' id='word_1_889' title='bbox 1994 3048 2022 3082; x_wconf 85' lang='lat' dir='ltr'>A</span> <span class='ocrx_word' id='word_1_890' title='bbox 2027 3060 2093 3092; x_wconf 87' lang='lat' dir='ltr'>po-</span> 
     </span>
     <span class='ocr_line' id='line_1_125' title="bbox 1207 3094 2092 3140; baseline 0.003 -12"><span class='ocrx_word' id='word_1_891' title='bbox 1207 3094 1282 3129; x_wconf 79' lang='lat' dir='ltr'>stoli</span> <span class='ocrx_word' id='word_1_892' title='bbox 1292 3119 1303 3137; x_wconf 84' lang='lat'><em>‚</em></span> <span class='ocrx_word' id='word_1_893' title='bbox 1329 3095 1364 3130; x_wconf 63' lang='grc' dir='ltr'>ἐν</span> <span class='ocrx_word' id='word_1_894' title='bbox 1375 3099 1520 3128; x_wconf 73' lang='lat' dir='ltr'>memoriis</span> <span class='ocrx_word' id='word_1_895' title='bbox 1535 3094 1744 3137; x_wconf 73' lang='lat' dir='ltr'>qullolorum:</span> <span class='ocrx_word' id='word_1_896' title='bbox 1772 3100 1935 3140; x_wconf 72' lang='lat' dir='ltr'>Amplexus</span> <span class='ocrx_word' id='word_1_897' title='bbox 1952 3109 1983 3131; x_wconf 82' lang='lat' dir='ltr'>es</span> <span class='ocrx_word' id='word_1_898' title='bbox 1993 3106 2092 3131; x_wconf 77' lang='lat' dir='ltr'>umm-</span> 
     </span>
     <span class='ocr_line' id='line_1_126' title="bbox 1207 3144 2090 3190; baseline 0.003 -12"><span class='ocrx_word' id='word_1_899' title='bbox 1207 3154 1284 3180; x_wconf 81' lang='lat' dir='ltr'>tem.</span> <span class='ocrx_word' id='word_1_900' title='bbox 1315 3145 1359 3178; x_wconf 90' lang='lat' dir='ltr'>Et</span> <span class='ocrx_word' id='word_1_901' title='bbox 1370 3145 1404 3179; x_wconf 90' lang='lat' dir='ltr'>in</span> <span class='ocrx_word' id='word_1_902' title='bbox 1417 3144 1485 3179; x_wconf 86' lang='lat' dir='ltr'>alio</span> <span class='ocrx_word' id='word_1_903' title='bbox 1498 3144 1574 3179; x_wconf 90' lang='lat' dir='ltr'>loco</span> <span class='ocrx_word' id='word_1_904' title='bbox 1588 3158 1600 3180; x_wconf 89' lang='lat'><em>:</em></span> <span class='ocrx_word' id='word_1_905' title='bbox 1627 3148 1761 3190; x_wconf 75' lang='lat' dir='ltr'>Denique</span> <span class='ocrx_word' id='word_1_906' title='bbox 1763 3147 1796 3190; x_wconf 83' lang='lat' dir='ltr'><em>fi</em></span> <span class='ocrx_word' id='word_1_907' title='bbox 1800 3149 1950 3184; x_wconf 73' lang='lat' dir='ltr'>Macrobto</span> <span class='ocrx_word' id='word_1_908' title='bbox 1959 3150 2090 3190; x_wconf 62' lang='lat' dir='ltr'>dicatur,</span> 
     </span>
     <span class='ocr_line' id='line_1_127' title="bbox 1207 3192 2091 3240; baseline 0.002 -11"><span class='ocrx_word' id='word_1_909' title='bbox 1207 3196 1258 3230; x_wconf 70' lang='lat' dir='ltr'>ubi</span> <span class='ocrx_word' id='word_1_910' title='bbox 1269 3199 1372 3229; x_wconf 70' lang='lat' dir='ltr'>Roma</span> <span class='ocrx_word' id='word_1_911' title='bbox 1378 3192 1483 3238; x_wconf 60' lang='lat' dir='ltr'>sileat</span> <span class='ocrx_word' id='word_1_912' title='bbox 1493 3219 1504 3234; x_wconf 91' lang='lat'><strong>,</strong></span> <span class='ocrx_word' id='word_1_913' title='bbox 1530 3198 1678 3238; x_wconf 78' lang='lat' dir='ltr'>numquid</span> <span class='ocrx_word' id='word_1_914' title='bbox 1681 3198 1774 3240; x_wconf 79' lang='lat' dir='ltr'>potest</span> <span class='ocrx_word' id='word_1_915' title='bbox 1791 3200 1908 3239; x_wconf 76' lang='lat' dir='ltr'>dicere,</span> <span class='ocrx_word' id='word_1_916' title='bbox 1934 3204 1969 3232; x_wconf 76' lang='lat' dir='ltr'>in</span> <span class='ocrx_word' id='word_1_917' title='bbox 1979 3197 2091 3232; x_wconf 84' lang='lat' dir='ltr'>Cathe-</span> 
     </span>
     <span class='ocr_line' id='line_1_128' title="bbox 1206 3243 2090 3289; baseline 0 -9"><span class='ocrx_word' id='word_1_918' title='bbox 1206 3247 1263 3280; x_wconf 77' lang='lat' dir='ltr'>dra</span> <span class='ocrx_word' id='word_1_919' title='bbox 1286 3244 1394 3280; x_wconf 67' lang='lat' dir='ltr'>Petri?</span> <span class='ocrx_word' id='word_1_920' title='bbox 1420 3246 1520 3287; x_wconf 76' lang='lat' dir='ltr'>,Quam</span> <span class='ocrx_word' id='word_1_921' title='bbox 1531 3243 1621 3288; x_wconf 73' lang='lat' dir='ltr'>nescio</span> <span class='ocrx_word' id='word_1_922' title='bbox 1632 3245 1664 3288; x_wconf 82' lang='lat' dir='ltr'><em>fi</em></span> <span class='ocrx_word' id='word_1_923' title='bbox 1683 3249 1736 3283; x_wconf 80' lang='lat' dir='ltr'>vel</span> <span class='ocrx_word' id='word_1_924' title='bbox 1755 3251 1844 3282; x_wconf 78' lang='lat' dir='ltr'>oculis</span> <span class='ocrx_word' id='word_1_925' title='bbox 1866 3253 1972 3289; x_wconf 81' lang='lat' dir='ltr'>novit,</span> <span class='ocrx_word' id='word_1_926' title='bbox 1998 3250 2090 3282; x_wconf 69' lang='lat' dir='ltr'>&amp;aa</span> 
     </span>
     <span class='ocr_line' id='line_1_129' title="bbox 1204 3297 2090 3342; baseline 0.001 -12"><span class='ocrx_word' id='word_1_927' title='bbox 1204 3298 1291 3340; x_wconf 77' lang='lat' dir='ltr'>cujus</span> <span class='ocrx_word' id='word_1_928' title='bbox 1312 3302 1482 3330; x_wconf 76' lang='lat' dir='ltr'>memoriam</span> <span class='ocrx_word' id='word_1_929' title='bbox 1522 3306 1580 3329; x_wconf 81' lang='lat' dir='ltr'>non</span> <span class='ocrx_word' id='word_1_930' title='bbox 1600 3298 1713 3332; x_wconf 76' lang='lat' dir='ltr'>accedit</span> <span class='ocrx_word' id='word_1_931' title='bbox 1739 3322 1750 3339; x_wconf 92' lang='lat'><strong>,</strong></span> <span class='ocrx_word' id='word_1_932' title='bbox 1775 3297 1860 3341; x_wconf 85' lang='lat' dir='ltr'>quafi</span> <span class='ocrx_word' id='word_1_933' title='bbox 1881 3297 2090 3342; x_wconf 69' lang='lat' dir='ltr'>Schismatitus</span> 
     </span>
     <span class='ocr_line' id='line_1_130' title="bbox 1205 3344 2089 3391; baseline 0.002 -11"><span class='ocrx_word' id='word_1_934' title='bbox 1205 3355 1308 3382; x_wconf 73' lang='lat' dir='ltr'>contra</span> <span class='ocrx_word' id='word_1_935' title='bbox 1321 3344 1626 3390; x_wconf 75' lang='lat' dir='ltr'>Apostolumfaciens‚</span> <span class='ocrx_word' id='word_1_936' title='bbox 1649 3354 1703 3391; x_wconf 81' lang='lat' dir='ltr'>qm</span> <span class='ocrx_word' id='word_1_937' title='bbox 1724 3353 1789 3382; x_wconf 76' lang='lat' dir='ltr'>air:</span> <span class='ocrx_word' id='word_1_938' title='bbox 1817 3347 1991 3384; x_wconf 84' lang='lat' dir='ltr'>Memoriis</span> <span class='ocrx_word' id='word_1_939' title='bbox 2004 3351 2089 3382; x_wconf 86' lang='lat' dir='ltr'>San-</span> 
     </span>
     <span class='ocr_line' id='line_1_131' title="bbox 1913 3401 2038 3435; baseline -0.024 0"><span class='ocrx_word' id='word_1_940' title='bbox 1913 3401 2038 3435; x_wconf 66' lang='lat' dir='ltr'>crorum</span> 
     </span>
    </p>
   </div>
   <div class='ocr_carea' id='block_1_21' title="bbox 2114 2824 2212 2863">
    <p class='ocr_par' dir='ltr' id='par_1_21' title="bbox 2114 2824 2212 2863">
     <span class='ocr_line' id='line_1_132' title="bbox 2114 2824 2212 2863; baseline 0 -6"><span class='ocrx_word' id='word_1_941' title='bbox 2114 2824 2212 2863; x_wconf 81' lang='lat' dir='ltr'>Lib.3.</span> 
     </span>
    </p>
   </div>
  </div>
 </body>
</html>
