2346 3724
821 136 908 170 er
977 123 1502 171 venzonum.

230 511 374 554 Optatus
385 507 605 542 Milevitanus
626 506 754 543 videtur
774 507 921 543 docuisse
944 466 1112 541 haergticos
1150 547 1153 550 ,

961 1824 964 1826 ,
1018 1823 1037 1859 3

656 256 695 291 Ο

327 332 482 403 Lympias
503 353 613 400 Virgo
634 335 766 397 mente,
792 354 939 401 quamvis
961 365 1029 391 non
1041 366 1110 391 cor-

222 426 227 429 ,
348 417 445 452 pore,
470 405 489 440 ὲ
512 407 632 442 Sancto
643 405 885 451 Chrysostomo
905 407 988 441 inter
998 405 1122 451 Virgi-·

277 470 336 494 nes
349 459 566 492 consecratur.
1034 466 1066 492 ο.
1084 467 1112 492 1.

277 570 346 593 non
358 558 446 602 posse
461 557 639 602 bapt-ime.
666 567 789 607 335.1.
816 556 1006 603 Distinguit
1025 557 1109 591 inter

278 607 511 643 Schismaticos
531 609 565 642 ἀ
578 607 746 643 haereticos
757 634 765 642 .
1034 606 1107 640 ibid.

226 659 348 695 Oratio
367 657 550 693 Dominica
567 659 650 692 olim
673 658 858 693 tradebatur
880 658 957 692 solis
969 657 1112 701 Compe-

273 708 425 744 tentibus
450 732 462 750 ,
489 707 588 752 idque
615 707 686 752 post
710 708 868 743 traditum
893 707 1110 752 Symbolum.

275 771 355 808 232.
368 771 399 796 2.
429 759 508 794 Dici
521 769 589 793 non
602 768 732 803 poterat
741 759 800 793 nisi
811 759 830 793 a
843 757 1057 804 Regeneratis
1075 757 1110 791 &

275 808 458 853 justificatis
474 834 480 840 .
1035 807 1108 841 ibid.

222 860 348 895 Oratio
360 859 512 894 Ecclesiae
534 858 634 894 unitae
652 859 750 903 quam
769 860 805 893 fit
828 859 959 894 efficax.
986 869 1065 907 374.
1082 867 1112 893 1-

275 911 312 946 &
323 911 386 953 seq.
398 910 555 953 Impetrat
578 908 741 944 Romanis
760 910 905 953 pluviam
927 909 962 942 ὅτ.
973 918 1088 953 potum
1100 930 1111 946 ³

275 960 454 1005 &igneam
468 960 502 993 in
517 958 669 995 barbaros
689 971 765 995 cum
776 958 971 994 fulminibus
983 957 1112 1040 gratidi-

277 1019 372 1044 nem.
1038 1013 1049 1040 ὶ
1070 1009 1115 1041 id.

1119 643 1125 653 ι

222 1060 408 1096 Orationes
428 1059 578 1095 Ecclefiae
599 1070 667 1093 non
682 1058 803 1093 debent
824 1056 896 1091 fieri
916 1057 1030 1103 lingua
1056 1068 1112 1100 po·

250 1109 253 1112 ’
278 1109 402 1152 pulari.
988 1105 1066 1154 187·
1083 1119 1110 1143 1-

224 1157 402 1193 Orationis
422 1155 613 1198 charisma,
640 1169 708 1201 quo
732 1158 807 1202 q‘uis
829 1167 964 1192 noverat
988 1180 1001 1197 ,
1027 1157 1107 1202 quid

277 1207 404 1242 Divina
422 1206 562 1242 Ecclesia
588 1207 745 1250 postulari
767 1208 866 1242 vellet
890 1207 931 1242 ab
954 1208 1111 1242 Ecclefia.

278 1267 360 1305 374.
385 1267 418 1293 2.
439 1257 474 1291 &
497 1258 560 1301 seq.
582 1257 622 1291 In
641 1258 756 1293 multis
778 1258 931 1292 Ecclefiis
955 1260 1113 1302 supererat

274 1317 424 1351 tempore
444 1307 557 1341 Irenaei
578 1333 586 1340 .
616 1318 692 1355 375.
715 1320 737 1342 ι.
765 1309 948 1342 Ceffaverat
970 1319 1115 1352 tempore

275 1357 457 1401 Cypriani.
482 1358 555 1391 ibid.
570 1369 600 1394 2.
615 1357 853 1393 posterioribus
868 1368 976 1393 tamen
989 1369 1113 1402 ternpo-

218 1450 225 1455 „
275 1407 365 1442 ribus
377 1408 763 1443 nonnullisconceffum.
1033 1409 1107 1442 ibid.

222 1456 344 1492 Oratio
368 1458 529 1502 praesentis
554 1458 589 1492 &
613 1468 821 1504 congregatae
843 1458 990 1494 Ecclefiae
1015 1458 1116 1505 longe

277 1507 449 1551 potentior
457 1532 467 1540 .
1005 1510 1082 1558 376.
1096 1506 1115 1542 ιζ

223 1555 415 1592 ordinant-n
439 1569 508 1593 non
529 1560 607 1593 sunt
627 1559 797 1594 Curiales.
825 1571 866 1608 35
873 1572 903 1609 3.
925 1572 946 1595 1.
974 1560 1115 1595 Ecclefia

273 1617 318 1642 ex
328 1608 542 1643 Constantini
563 1609 635 1653 lege
649 1609 816 1644 ordinavit
838 1613 926 1645 solos
939 1621 1092 1655 pauperes
1106 1635 1116 1650 ,

273 1656 396 1701 quibus
403 1658 444 1693 ad
456 1658 565 1693 Curiae
580 1660 748 1694 servitium
760 1661 869 1696 deerat
885 1662 1004 1696 idonea
1018 1661 1103 1695 facul

271 1716 324 1742 tas
339 1732 349 1740 .
1039 1711 1105 1744 ibid

221 1757 431 1794 ordinandis
441 1759 640 1804 dispensatio
650 1761 760 1805 quoad
771 1770 897 1795 aetatem
912 1761 1047 1797 concedi
1061 1773 1104 1804 po

274 1803 336 1838 test
356 1808 398 1840 ab
413 1810 557 1843 Ecclesia
575 1835 583 1842 .
1042 1823 1070 1858 7.
1086 1823 1106 1846 2

221 1854 543 1890 Ordinatiabsolute
565 1859 693 1890 nullam
717 1860 751 1890 in
766 1859 986 1894 Eeerefiastica
1006 1863 1106 1902 Appa'

274 1905 374 1939 ritura
385 1903 500 1938 Sedem
515 1902 678 1933 habebant
688 1926 696 1931 .
998 1911 1080 1952 363.
1096 1915 1116 1941 Ι.

222 1953 381 1990 ordinati
392 1948 480 1993 apud
492 1946 661 1982 haereticos
673 1947 837 1992 Apostatae
858 1948 876 1982 ὲ.
888 1950 952 1984 fide
965 1952 1116 1985 Catholi-

273 2011 312 2033 ca
325 2023 333 2030 .
948 2009 970 2045 3
1023 2025 1029 2032 ·
1046 2012 1071 2036 1·
1083 2014 1114 2039 2·

220 2047 406 2084 Ordinatio
430 2047 500 2082 fieri
522 2058 590 2081 non
614 2047 718 2092 potest
739 2047 808 2084 fine
833 2050 950 2084 titulo.
974 2011 1059 2097 {1350
1086 2064 1112 2087 1.

274 2097 616 2142 Ischyraspropterea
636 2098 808 2134 ordinatus
829 2101 870 2135 ad
882 2101 929 2135 sui
942 2099 1024 2145 Pagi
1039 2102 1114 2136 titu-

275 2149 345 2183 lum
357 2174 366 2181 .
510 2160 517 2186 i
721 2160 724 2163 ’
1039 2152 1112 2186 ibid.

225 2198 487 2234 ordinationem
500 2198 745 2243 presbyteratus
764 2201 830 2235 fine
844 2201 945 2236 titulo
957 2213 1025 2235 non
1038 2214 1116 2236 con-

276 2249 352 2283 ferri
375 2249 517 2284 Carolus
538 2250 597 2284 lX.
621 2250 737 2284 Galliae
759 2251 835 2286 Rex
855 2252 1115 2296 petitaSynodo

277 2298 499 2334 Tridentina.
525 2300 605 2345 362.
623 2310 654 2335 1.
682 2301 773 2347 Qnid
785 2302 870 2336 circa
882 2301 947 2336 hoc
959 2303 1114 2345 Synodus

278 2350 484 2393 prestiterit?
901 2354 976 2386 ibid.
1000 2351 1112 2400 3³8·¹-

225 2398 629 2435 Ordinationesabsolutae
639 2399 866 2446 heteroclytae.
898 2403 974 2449 364.
990 2411 1021 2437 2..
1045 2403 1115 2437 Du-

266 2450 367 2490 biae,
389 2451 649 2496 atqueincertae.
700 2464 702 2467 ⁴
989 2453 1067 2501 365.
1086 2466 1113 2490 1.

228 2497 468 2533 Ordinationes
480 2500 684 2535 Clericorum
708 2502 790 2536 olim
810 2503 895 2547 apud
908 2504 1047 2537 Latinos
1059 2504 1114 2538 fie-

280 2548 362 2582 bant
385 2550 419 2581 in
432 2550 546 2592 quavis
566 2549 767 2586 Dominica.
793 2563 849 2599 44.
866 2565 898 2590 1.
919 2553 1111 2588 Etiamnum

278 2596 382 2631 hodie
393 2598 767 2636 GraeciOrdinationum
780 2604 870 2637 nulla
891 2601 1015 2638 habent
1034 2613 1115 2638 tem-

280 2659 378 2691 pora.
1040 2652 1110 2687 ibid.

227 2695 468 2734 Ordinationes
503 2697 729 2735 haereticorum
757 2701 931 2736 temerariae
951 2728 959 2736 .
990 2713 1068 2751 349.
1080 2716 1109 2742 2·

280 2748 403 2782 Leves.
431 2757 509 2795 350.
523 2762 554 2786 2.
585 2750 813 2786 Inconstantes
826 2777 834 2784 .
998 2763 1067 2800 35¹·
1083 2766 1110 2790 1.

229 2795 508 2834 ordinationibus
530 2800 680 2842 probatio
691 2803 914 2844 praemittenda
931 2827 937 2834 .
987 2813 1067 2849 350.
1084 2815 1114 2841 1.

227 2846 410 2884 Ordinatio
422 2849 487 2884 sine
500 2850 600 2884 titulo
611 2852 785 2895 proscripta
797 2864 852 2896 per
864 2852 1114 2888 Chalcedonen-

226 2919 238 2926 —-
276 2900 343 2932 sem
363 2899 558 2943 'Synodum.
590 2901 667 2948 360.
689 2910 721 2935 2.
749 2901 851 2950 Qod
872 2902 913 2937 de
934 2902 1113 2938 minoribus

275 2948 459 2985 Ordinibus
469 2952 570 2984 etiam
584 2952 841 2996 intelligendum
856 2979 864 2986 .
1039 2954 1112 2988 ibid.

227 2997 408 3034 Ordinatio
428 3001 493 3035 sine
516 2999 618 3035 titulo
632 3003 804 3046 quomodo
817 3004 852 3037 in
876 3003 1051 3038 Ecclesiam
1066 3005 1113 3038 in-

276 3050 445 3085 trodusta?
847 3054 925 3101 361.
949 3066 978 3090 1.
1005 3055 1112 3097 &seq.

226 3097 407 3135 Ordinatio
419 3101 519 3136 titulo
535 3102 733 3139 Monasterii
755 3099 900 3147 permissa
912 3128 919 3136 .
975 3103 1052 3152 363-
1082 3116 1111 3141 2.

229 3145 406 3186 Ordinatio
417 3151 517 3187 titulo
530 3153 721 3197 patrimonii
734 3155 880 3196 permissa
892 3179 900 3186 .
1003 3154 1113 3200 3612.

231 3195 407 3235 Ordinatio
421 3213 456 3236 ut
469 3204 525 3238 fiat
537 3213 612 3238 cum
623 3203 772 3248 legitima
794 3203 995 3239 authoritate
1005 3228 1017 3244 ‚
1043 3217 1113 3248 quae

283 3251 506 3301 requirantur?
975 3263 1051 3301 350.
1078 3266 1110 3292 2-

231 3294 414 3330 Ordmatus
436 3303 583 3337 absolute
597 3316 664 3339 non
678 3305 794 3347 speuat
806 3305 846 3340 ad
860 3304 1104 3341 Hierarchiam.

297 3379 300 3381 -
330 3346 441 3387 Chrlst·
453 3355 531 3394 Lupa·
541 3358 640 3396 Opera
651 3358 685 3388 T.
697 3358 756 3388 1X.

1891 132 1995 190 '397

1225 203 1305 251 366.
1330 213 1358 239 1.

1175 254 1337 290 Ordinem
1346 251 1459 287 datum
1469 250 1511 286 ab
1522 247 1673 286 haeretico
1680 251 1837 291 Ministro
1848 259 1910 294 esse
1922 259 2057 298 nullum

1178 302 1194 319 ³
1221 304 1337 338 docuit
1360 302 1608 337 Tertullianus.
1915 321 1993 357 351,
2024 322 2053 347 1.

1172 353 1317 390 Ordines
1336 353 1484 388 minores
1512 352 1546 386 δε
1568 351 1736 386 tonsuram
1755 355 1863 392 noluit
1885 357 2049 395 Urbanus

1223 405 1337 439 tertius
1347 402 1523 438 finetitulo
1536 401 1714 437 Canonico
1724 403 1883 445 conserti.
1910 408 1996 454 361..
2020 421 2054 445 2.

1222 453 1405 498 Stephanus
1415 453 1638 487 Tornacensis
1652 452 1684 486 se
1694 454 1845 495 opponit.
1857 453 1929 488 ibid.
1954 457 2057 495 Vide.

1221 514 1274 539 tur
1286 515 1396 539 tamen
1405 503 1566 538 Pontifex
1575 505 1608 536 in
1621 503 1764 537 Decreto
1773 503 1952 546 perstitisse.
1955 506 2056 551 362.1.

1174 555 1318 590 Ordines
1331 555 1395 588 fine
1406 554 1506 590 titulo
1518 552 1681 593 conferri,
1705 553 1847 596 queritur
1861 553 2056 590 Conventus

1223 603 1515 649 Nurembergenfis
1525 602 1611 648 apud
1623 602 1809 637 Adrianum
1819 602 1880 637 Vl.
1933 615 1956 653 3
1961 602 2012 652 58.
2026 616 2056 642 2·

1172 655 1371 700 origenistae
1389 654 1562 690 verborum
1583 652 1802 698 ambiguitate
1813 652 2062 691 falluntincau.

1222 716 1294 741 tos.
1945 708 2002 754 63.
2029 715 2058 743 1.

1593 804 1624 841 P

1176 903 1361 990 PApalis
1371 905 1516 951 dignitas
1527 906 1574 942 est
1585 906 1774 942 Institutum
1784 904 1959 943 Divinum.
1975 904 2061 954 841.

1269 957 1351 992 Non
1364 957 1442 991 item
1454 957 1653 992 Primatialis
1678 959 1730 992 vel
1742 957 1972 992 Patriarchalis
1998 960 2063 993 Ec-

1221 1006 1322 1042 clefiae
1347 1007 1508 1042 Romanae
1520 1007 1683 1052 dignitas.
1961 1045 1968 1052 ,
1989 1006 2060 1041 ibid

1174 1057 1411 1101 Papaetitulum
1434 1057 1613 1102 Gregorius
1626 1056 1700 1091 VII.
1722 1057 1782 1093 soli
1796 1057 2064 1093 Romano-Pon·

1224 1107 1308 1141 tifici
1329 1108 1518 1141 reservavit.
1851 1136 1853 1138 .
1924 1119 2002 1156 312.
2029 1120 2066 1145 2.

1176 1156 1447 1201 Para-Synagoga
1471 1158 1527 1191 seu
1550 1157 1745 1202 illegitimus
1769 1158 1963 1193 Conventus
1978 1159 2065 1201 ejus·-

1224 1205 1298 1240 dem
1310 1206 1409 1240 ferme
1420 1215 1541 1241 naturae
1552 1217 1627 1240 cum
1640 1207 1825 1242 schismate.
1860 1206 1913 1254 84.
1935 1221 1964 1244 2.
1990 1206 2066 1241 Dif-

1224 1257 1334 1291 ferunt
1356 1264 1487 1290 tamen.
1518 1253 1578 1292 86.
1611 1267 1655 1293 1.¹
1676 1256 1731 1290 Ad
1755 1257 2068 1302 Para-Synagogam

1222 1305 1432 1340 conditiones
1457 1305 1628 1349 requisitae.
1656 1305 1774 1341 ibid.2.
1801 1306 1880 1340 Fuit
1900 1307 1983 1341 olim
2000 1308 2071 1341 *fre-

1225 1367 1345 1400 quens.
1452 1369 1465 1373 *·
1485 1370 1489 1378 ⁴
1925 1368 1927 1370 ’
1990 1354 2070 1390 ibid:

1178 1407 1449 1452 Para-synagoga
1458 1405 1594 1449 simplex
1609 1404 1752 1440 necdum
1765 1404 1811 1441 est
1824 1404 1975 1442 Schisma
1988 1419 1995 1439 :
2010 1405 2070 1439 Est

1227 1467 1338 1491 tamen
1357 1456 1533 1490 exordium
1546 1455 1728 1491 schismatiS
1740 1482 1749 1488 .
1951 1454 2004 1493 88.
2036 1466 2073 1492 1..

1178 1512 1259 1551 Pars
1282 1519 1348 1543 vox
1371 1506 1415 1540 est
1437 1505 1577 1541 haerefim
1617 1516 1673 1540 aut
1699 1505 1835 1542 schisma
1862 1507 2067 1551 significans.

1232 1558 1318 1607 164.
1345 1556 1440 1592 Hinc
1450 1557 1536 1601 apud
1550 1556 1803 1601 Augustinum:
1829 1559 1911 1591 Pars
1933 1553 2074 1592 Donaetr'

1229 1609 1304 1641 ibid.
2015 1611 2018 1616 ’

1180 1659 1360 1695 paternitas
1385 1658 1508 1694 diversit
1520 1684 1528 1692 .
1908 1660 1911 1662 ’
1929 1658 2022 1705 204.“
2041 1656 2075 1706 τί,

1181 1714 1275 1744 Pater
1288 1709 1377 1748 noster
1390 1733 1400 1749 ,
1427 1710 1461 1743 δ(
1473 1710 1571 1743 Credo
1595 1719 1710 1744 omnes
1723 1707 1904 1744 Christiani
1932 1710 2010 1742 scire
2021 1705 2077 1742 de&

1229 1760 1324 1792 bent.
1353 1758 1457 1805 1562.
1485 1759 1539 1792 Est
1554 1758 1706 1802 peffimus
1726 1771 1798 1793 mos
1819 1761 1854 1793 in
1876 1758 2074 1802 quibusdam

1230 1809 1347 1842 Galliae
1370 1808 1580 1847 Regionibus
1603 1826 1614 1842 ‚
1639 1815 1675 1838 ut
1698 1807 1828 1839 Rustici
1852 1816 1922 1839 non
1947 1806 2075 1841 discant

1231 1858 1287 1889 ista
1303 1856 1359 1888 nisi
1375 1853 1512 1888 Latine.
1963 1863 2031 1902 157.
2049 1868 2074 1891 1·

1183 1909 1277 1938 Pater
1296 1902 1389 1939 noster
1412 1899 1478 1933 dici
1507 1910 1576 1934 non
1601 1899 1706 1943 potest
1726 1901 1784 1934 nisi
1806 1901 1824 1934 a
1839 1901 1916 1936 filiis
1942 1900 2076 1946 seujani

1232 1949 1449 1993 Regeneratis
1476 1959 1513 1982 ac
1535 1950 1739 1991 justificatis.
1767 1961 1844 1997 344.
1858 1961 1889 1985 2.
1920 1951 1953 1985 A
1978 1952 2076 1988 Cate-

1229 1998 1399 2033 chumenis
1413 2009 1481 2032 non
1498 1999 1556 2031 nifi
1569 2000 1640 2042 post
1655 1999 1858 2043 Baptismum
1870 2001 2070 2038 reddebatur.

1230 2050 1300 2083 ibid.
2065 2053 2069 2056 ’

1181 2098 1417 2135 patriarchales
1435 2100 1581 2143 quinque
1599 2099 1735 2135 Throni
1761 2101 1883 2137 Graecis
1895 2104 2005 2146 passim
2020 2104 2074 2139 di-

1229 2162 1349 2184 cuntur
1380 2151 1527 2193 quinque
1563 2151 1671 2185 sensus
1709 2150 1877 2187 Catholici
1906 2156 2071 2197 corporis.

1235 2199 1253 2237 8
1281 2213 1320 2234 .1.

1180 2212 1307 2284 Patri9ni
1328 2251 1474 2285 officium
1494 2251 1638 2285 exerbere
1663 2264 1730 2286 non
1745 2253 1848 2296 potest
1862 2276 1872 2293 ‚
1898 2252 1954 2296 qui
1969 2258 2073 2289 Pater·

1230 2301 1320 2341 noster
1347 2303 1487 2335 &Credo
1507 2303 1723 2347 ignoraverit.
1933 2306 2010 2350 156.
2038 2318 2060 2343 2

1182 2351 1275 2385 Pauli
1304 2352 1517 2396 Apocalypsis
1550 2364 1621 2387 non
1659 2352 1813 2397 recipitur
1832 2353 1874 2389 ab
1906 2354 2070 2391 Ecclesia.

1227 2401 1308 2437 226.
1339 2414 1369 2439 2.

1180 2451 1272 2485 Pauli
1285 2451 1631 2498 charadlerinelegans
1651 2479 1659 2486 .
1963 2456 2073 2492 1261-

1180 2501 1271 2535 Pauli
1285 2502 1421 2545 epistola
1434 2503 1474 2537 ad
1490 2503 1662 2538 Romanos
1677 2503 1809 2548 quando
1823 2506 1954 2550 scripta.>
1966 2506 2073 2552 267.1.

1178 2551 1338 2586 Paulinus
1358 2555 1525 2587 accusatus
1551 2554 1568 2588 a
1590 2556 1708 2590 Siricio
1722 2556 1887 2591 pontifice
1899 2557 1989 2600 quod
2001 2558 2066 2590 fine

1224 2603 1327 2636 titulo
1337 2604 1414 2638 effer
1426 2606 1633 2638 consecratus
1648 2604 1822 2648 Presbyter
1832 2630 1840 2638 .
1942 2606 2022 2653 360.
2034 2617 2068 2641 2-

1175 2651 1268 2685 Pauli
1294 2654 1495 2686 Samosateni
1519 2654 1554 2686 in
1567 2654 1685 2687 Divini
1704 2655 1791 2687 verbi
1813 2656 2068 2688 administratio-

1222 2713 1266 2736 ne
1287 2702 1439 2744 jastantia
1454 2724 1461 2730 .
1494 2701 1575 2745 356.
1592 2711 1622 2734 2-
1663 2701 1777 2733 Fastus
1802 2699 1838 2733 ὅς
1858 2704 2064 2750 arrogantia.

1268 2751 1300 2786 8.
1330 2763 1360 2787 2.

1173 2761 1293 2834 Parisiis
1307 2799 1488 2844 Apostolus
1499 2798 1562 2833 fuit
1575 2797 1766 2840 Pel‹lio,n0n
1781 2800 1936 2836 Piscator.
1956 2801 2064 2850 2872.

1223 2853 1301 2885 Fuit
1322 2851 1533 2885 Tharsensis.
1987 2854 2064 2888 ibid.

1173 2900 1294 2936 Paulus
1325 2901 1442 2936 habuit
1473 2911 1582 2935 veram
1604 2899 1819 2943 Apostolatus
1841 2902 2061 2947 dignitatem.

1225 2950 1298 2988 182.
1313 2964 1344 2989 2·
1376 2951 1604 3001 Qandonam
1626 2951 1725 2985 fuerit
1744 2952 1814 2996 ejus
1834 2954 1875 2987 ad
1892 2955 2065 2998 Apostola-

1223 3012 1294 3035 tum
1306 3007 1438 3037 vocatio
1448 3027 1456 3034 .
1762 3031 1763 3034 ,
1987 3005 2062 3039 ibid.

1174 3052 1296 3087 Paulus
1311 3052 1346 3086 in
1359 3052 1528 3087 Hebraico
1539 3053 1686 3087 sermone
1697 3052 1925 3088 disertissimus.
1958 3055 2063 3092 1262.

1223 3103 1327 3136 Graeci
1341 3103 1496 3138 sermonis
1507 3103 1635 3137 modice
1648 3104 1768 3147 peritus
1786 3128 1793 3136 .
1811 3114 1918 3151 ¹252·
1952 3106 2066 3143 1262·

1219 3153 1284 3187 ⁴Ista
1308 3152 1348 3187 de
1371 3155 1463 3187 causa
1486 3154 1549 3187 fuit
1572 3155 1648 3187 usus
1668 3154 1779 3197 peritis
1810 3154 2064 3201 Interpretibus,

1225 3204 1394 3248 praesertim
1421 3204 1450 3237 S.
1464 3203 1570 3237 Tito.
1599 3202 1671 3236 ibid.
1708 3204 1784 3238 Fuit
1808 3203 1954 3239 Romani
1977 3207 2062 3249 Juris

1224 3266 1291 3287 non
1312 3253 1500 3297 imperitus.
2008 3266 2057 3291 10·

1174 3303 1296 3339 Paulus
1310 3305 1344 3338 in
1367 3314 1459 3348 raptu
1474 3305 1549 3342 suo,
1577 3303 1670 3387 jutittzlt
1696 3302 2059 3387 Augustinum'g·³dit

1719 3365 1740 3400 3
1990 3368 2013 3388 ¹·
