2346 3724
70 1544 199 1602 {primas-
213 1557 243 1590 ε1

71 2058 128 2092 Epa.
139 2058 203 2089 »64-

82 2098 163 2132 capti
176 2098 204 2123 8.

83 2137 160 2172 Cap..
177 2138 205 2163 ό.

746 207 1062 253 CAP1

221 294 420 335 demonstrat
441 292 496 327 illa
511 302 579 326 non
604 288 767 334 prodesse:
795 284 966 331 Ejusmodi
987 281 1101 317 homi·-

221 360 279 383 nes
298 345 404 380 occidi
420 368 430 383 ‚
459 355 526 376 non
544 340 712 375 coronari.

273 397 355 440 Agit
367 396 465 429 etiam
489 395 522 426 in
535 391 717 426 Novatiani
739 387 904 425 Schisma,
932 383 1102 429 garrientis

221 447 397 480 Ecfilefiam
418 446 435 478 ὲ
456 443 634 487 Lapsorum
657 436 977 484 contagio‘periiffe.
1007 435 1101 467 Hinc

220 497 370 542 adjungit
380 493 525 528 Schisma
546 493 610 526 esse
620 492 741 525 crimen
759 488 874 533 quovis
895 486 982 528 lapsu
1004 494 1102 540 atque

220 545 409 581 idololatria
422 544 521 588 longe
542 543 688 587 gravius.
717 541 759 573 Et
772 538 907 582 probat:
936 540 1013 574 Hic,
1040 545 1100 567 uti-

219 608 285 641 que
305 596 390 639 apud
411 595 612 630 Poenitentes
636 591 740 634 lapsos
753 615 762 630 ‚
789 585 916 627 Ecclefia
937 589 1096 627 quantun

218 649 299 688 illic,
326 646 411 688 apud
426 645 513 678 istius
526 641 723 686 poenitentiae
735 637 965 674 Schismaticos
989 635 1102 668 refuta·

219 709 308 733 tores
330 721 340 737 ,
366 694 498 736 Ecclest'ae
520 701 699 737 repugnatur
720 716 727 723 .
767 693 823 722 Hic
844 686 935 730 potest
961 685 1099 725 neceffltas

216 748 303 791 fuisse
315 772 324 786 ‚
339 747 398 779 illic
408 747 549 778 voluntas
562 753 679 776 tenetur
690 748 721 774 in
730 740 848 783 scelere.
878 742 932 770 Hic
942 742 993 778 qut
1002 733 1100 777 lapsus

221 799 260 838 est
274 822 285 838 ‚
304 797 360 839 fibi
370 797 489 829 tantum
501 800 596 827 nocuit
608 806 622 835 ;
648 794 706 825 illic
717 796 765 833 qui
776 787 904 834 haerefint
914 796 967 819 aut
973 783 1100 829 schisma

216 848 320 892 facere
340 856 460 880 conatus
484 845 520 885 est
537 869 547 885 ‚
574 845 680 876 multos
699 839 794 883 secum
817 837 961 871 trahendo
973 838 1099 876 decepit.

221 902 277 932 Hic
293 904 404 929 animae
416 901 501 929 unius
523 893 560 934 est
573 894 716 924 damnum
726 915 736 930 ‚
763 889 822 921 illic
834 887 998 930 periculum
1006 887 1102 927 pluri-

222 959 353 981 morum.
383 946 473 978 Certe
479 942 601 985 peccasse
607 939 639 983 se
650 940 697 973 bic
717 939 918 982 &intelligit,
945 938 1100 970 &lamen-

221 1006 331 1036 tatur,
357 996 522 1038 &plangit
533 1005 546 1034 ;
574 993 622 1023 ille
631 1001 746 1023 tumens
759 995 789 1021 in
798 996 915 1030 peccato
924 986 996 1030 sico,
1023 987 1101 1019 &in

220 1048 292 1091 ipfis
308 1045 365 1088 fibi
385 1043 502 1088 delictis*
515 1045 634 1084 placens
646 1066 657 1081 ,
685 1043 704 1072 ἃ
730 1042 830 1071 Matre
849 1037 926 1080 filios
944 1034 1079 1079 segregat
1091 1058 1102 1074 ,

222 1109 293 1132 oves
311 1099 331 1128 ἃ
346 1094 462 1132 Pastore
480 1090 620 1136 fillicttat
633 1115 643 1130 ,
672 1094 729 1122 Dei
736 1092 928 1122 sacramenta
938 1085 1101 1124 disturbat.

221 1151 271 1183 Et
287 1147 350 1179 cum
363 1142 482 1185 Lapsus
497 1140 590 1186 semel
605 1143 773 1183 peccaverit
786 1162 796 1179 ,
821 1139 871 1171 ille
892 1138 1032 1184 quotidie*
1039 1145 1102 1178 pec·

221 1207 274 1233 cat
287 1219 294 1227 .
324 1195 490 1235 Postremo,
518 1190 636 1235 Lapsus
651 1216 660 1231 ,
687 1193 862 1228 Martyrium
878 1187 1024 1231 postmodo
1042 1197 1102 1219 con-

217 1248 357 1294 secutur,
378 1243 471 1286 potest
482 1249 566 1288 regni
581 1241 720 1284 Promissa
729 1244 896 1282 percipere3
923 1239 971 1271 ille
985 1236 1104 1278 fiextra

222 1294 485 1337 Ecclefiamfuerit
495 1291 600 1335 occisus
615 1316 626 1332 ‚
652 1293 695 1323 ad
707 1288 838 1330 Ecclefiae
861 1301 917 1322 non
925 1287 1016 1330 potest
1026 1296 1105 1330 prae-

221 1354 286 1381 mia
291 1350 471 1388 pervenire.
498 1343 578 1375 Hoc
589 1338 707 1375 merito
718 1350 811 1383 urget
834 1338 984 1372 adversus
995 1337 1106 1370 Nova-

221 1399 372 1431 timum.
402 1393 471 1426 Hic
495 1391 584 1425 enirn
607 1390 673 1434 ipse
685 1386 790 1431 lapsus
813 1387 982 1421 adversum
999 1397 1057 1419 nos
1067 1384 1107 1419 de

220 1445 391 1490 Martyrio
411 1441 613 1485 singulariter
634 1439 834 1482 gloriabatur
856 1463 863 1470 .
892 1438 966 1471 Effe
985 1437 1108 1470 crimen

216 1491 410 1532 idololatria
432 1491 560 1534 gravius
582 1489 719 1522 affirmat
746 1488 846 1520 etiam
871 1486 904 1519 in
930 1486 1047 1519 litteris
1068 1485 1108 1518 ad

245 1544 382 1579 uosdam
396 1539 588 1574 Donatistas
600 1539 734 1571 Sanctus
748 1535 950 1580 Augustinus
961 1559 972 1574 ,
994 1536 1027 1568 ὅ(
1040 1546 1109 1577 pro-

214 1596 280 1631 bat
297 1606 338 1628 ex
359 1590 478 1634 dispari
502 1590 536 1622 in
559 1586 750 1621 idololatras
771 1597 809 1619 ac
832 1586 867 1619 in
880 1582 1110 1619 Schismaticos

218 1645 349 1681 Divina
373 1640 536 1674 vindicta:
564 1641 628 1682 ,Qui
643 1660 653 1676 ,
681 1636 781 1679 Iudaei
804 1635 838 1669 in
853 1635 1012 1677 Deserto,
1034 1634 1111 1676 fece·

218 1704 297 1730 runt
320 1693 429 1726 idolum
448 1716 458 1730 ‚
487 1687 596 1730 usitata
615 1688 716 1732 gladii
738 1694 830 1719 morte
850 1689 1000 1727 perempti
1012 1684 1110 1728 sunt,-

219 1747 353 1789 quivero
362 1740 426 1784 fi‘bi
426 1739 494 1782 sma
499 1738 602 1781 facere
611 1739 766 1771 voluerunt
780 1759 791 1775 ‚
818 1735 903 1768 hiatu
923 1745 1012 1769 rerrae
1026 1738 1112 1769 Prin·
1125 1754 1129 1783 i

222 1802 304 1837 cipes
315 1795 470 1830 devorati,
500 1791 534 1823 (at
548 1787 636 1821 turba
661 1785 844 1829 consentiens
866 1790 933 1830 igne
942 1785 1112 1829 consumpta

222 1845 263 1886 est
275 1870 282 1878 .
310 1840 494 1881 Diverfirate
501 1848 659 1881 pinnarum
672 1834 827 1878 divorfitas
849 1834 1013 1883 agnoscitur
1026 1844 1110 1871 meri-

220 1905 337 1930 torum.
365 1891 467 1940 Qod
492 1889 596 1931 ipsum
620 1886 729 1920 scribit
752 1885 918 1920 inlitteris
938 1886 979 1920 ad
993 1887 1114 1921 Emeri-

220 1955 296 1979 tum
308 1968 319 1984 ,
347 1938 595 1976 Donatistarum
609 1937 850 1970 Caesaraeensem
863 1936 897 1969 in
913 1938 1111 1972 Mauritania

221 1995 450 2039 Episcopum,
478 1989 560 2023 acin
584 1988 689 2030 primo
713 1985 797 2019 libro
808 1986 848 2019 de
860 1986 1048 2029 Baptismo.
1075 1989 1111 2021 In

223 2041 370 2080 secundo
381 2039 524 2083 ejusdem
534 2038 638 2079 operis
652 2034 735 2069 libro
746 2036 862 2079 repetit
885 2036 968 2070 istud
986 2036 1089 2080 ipsum
1103 2044 1113 2077 ‚'

225 2105 326 2139 atque
342 2091 493 2134 adjungit
507 2086 650 2122 Schisma
663 2086 726 2119 effe
737 2086 859 2119 crimen
871 2087 1000 2131 gravius
1013 2087 1112 2122 etiam

225 2143 405 2180 traditione
417 2142 577 2176 sacrorum
591 2136 758 2170 Codicum
774 2144 830 2170 aut
843 2136 1004 2171 Vasorum
1015 2163 1024 2170 .
1053 2139 1114 2172 Ea·

224 2196 303 2230 dem
325 2193 422 2229 docet
446 2190 578 2223 sanetus
599 2188 744 2229 Optatus
768 2211 779 2225 ,
820 2186 944 2220 addens
970 2186 1113 2221 Schisma

223 2246 326 2281 etiam
337 2240 522 2276 homicidio
533 2238 595 2270 esse
609 2233 787 2269 sceleratius
797 2260 805 2268 .
833 2236 917 2281 Qae
937 2237 1049 2269 omnia
1063 2237 1113 2268 fir-

224 2296 308 2330 mari
336 2292 456 2337 poffint
482 2286 633 2332 plurimis
664 2284 860 2318 testimoniis
886 2284 1027 2319 aliorum
1048 2283 1114 2318 Pa·-

226 2355 316 2380 trum
328 2369 336 2377 .

277 2397 317 2429 ln
345 2391 479 2426 laudato
506 2385 649 2429 superins
674 2384 751 2418 loco
776 2384 908 2417 Sanctus
927 2384 1070 2426 Optatus
1095 2382 1112 2415 ὲ

220 2444 404 2481 Schismare
424 2432 572 2482 procedit
595 2434 636 2468 ad
663 2432 828 2466 haerefim:
854 2434 1011 2471 Haeretici,
1036 2439 1113 2466 veri-

220 2499 299 2530 tatis
319 2491 421 2526 exules
446 2513 456 2529 ,
478 2485 549 2530 sani
574 2486 608 2518 (et
624 2484 759 2523 veriffimi
784 2482 906 2527 symboli
931 2482 1111 2526 desertores,

223 2548 263 2580 de
282 2543 346 2586 finu
360 2537 492 2580 Ecclefiae
514 2534 630 2580 sanciae
648 2538 750 2576 impiis
771 2531 901 2575 ſsnfibus
921 2534 1106 2575 depravati,

224 2600 388 2634 contempto
397 2590 476 2632 quod
484 2587 557 2620 bene
559 2585 686 2627 fuerant
691 2589 788 2627 geniti
798 2607 809 2622 ,
838 2592 872 2616 ut
885 2588 1053 2627 ignoranter
1075 2585 1109 2617 ό·

224 2645 314 2678 rudes
337 2643 504 2682 deciperent
526 2637 562 2669 de
581 2633 613 2678 se
632 2632 710 2677 nasci
723 2634 894 2667 voluerunt.
923 2637 969 2666 Et
979 2639 1030 2677 qut
1039 2636 1110 2675 jam

227 2695 342 2729 dudum
353 2688 499 2724 vitalibus
520 2684 729 2728 postifunant
738 2683 811 2715 cibit
824 2707 836 2723 ,
860 2686 1027 2725 corruptela
1050 2695 1110 2717 ma-

226 2747 266 2779 lae
279 2740 444 2786 digestionis·
457 2753 470 2778 ‚·
487 2742 519 2770 in
527 2740 657 2778 pernicie
673 2732 855 2776 'miserorum
869 2758 880 2774 ‚
906 2732 1112 2776 disputationi-

227 2796 285 2829 bus
297 2795 396 2834 impiis
410 2797 526 2823 venena
542 2784 897 2830 pestifera-vomuerunt.
925 2783 987 2817 Per
999 2785 1111 2818 sanum

225 2852 266 2879 ac
278 2841 472 2876 verissimum
484 2836 680 2880 Symbolum
690 2835 852 2879 intelligit
867 2833 1107 2876 Apostolicum.

226 2895 308 2929 Hoc
323 2892 411 2924 enim
424 2889 542 2922 Latina
555 2885 692 2921 Ecclesia
703 2909 714 2925 ,
739 2886 838 2919 etiam
856 2883 926 2926 post
940 2884 1110 2917 Nicaenam

227 2942 400 2988 Synodum
411 2963 423 2979 ,
447 2935 776 2979 constanterperrexit
787 2934 911 2969 tradere
925 2935 988 2968 suis
1005 2933 1111 2985 Com-7

226 2991 423 3040 petentibus.
453 2987 496 3020 Et
507 2986 611 3019 revera
623 2986 668 3019 est
682 2987 764 3019 inter
775 2984 887 3018 omnia
901 2984 1108 3018 veriffimum:

224 3046 339 3080 Etiam
366 3039 506 3083 respeGu
522 3034 672 3079 Nicaeni.
699 3037 834 3075 Sanctus
861 3035 940 3068 item
968 3034 1110 3077 Optatus

225 3094 376 3139 loquitur
390 3101 458 3123 non
471 3087 510 3120 de
524 3086 608 3119 natis
621 3085 654 3118 in
667 3084 767 3118 haerefi
782 3109 792 3124 ,
818 3085 871 3118 sed
883 3085 924 3118 de
938 3083 1014 3117 solis
1025 3083 1109 3127 Apo·

227 3146 341 3180 ssatis-
366 3138 501 3177 Verba,
529 3139 575 3168 D'e
594 3132 625 3177 se
652 3134 731 3177 nasci
751 3135 928 3174 voluerunt,
955 3133 1110 3167 evincunt

228 3195 285 3230 hic
306 3180 358 3238 agi
375 3190 416 3225 de
436 3187 514 3223 solis
535 3183 756 3220 Haerefiarchis
776 3208 783 3216 .
814 3185 855 3218 Et
883 3184 949 3227 ipsa
975 3184 1111 3226 exponit

105 3248 167 3280 Lib·
190 3242 531 3282 3-Sanstus1renaeus:
558 3239 633 3267 Ante
645 3236 833 3267 Valentinum
854 3244 911 3267 non
925 3233 1052 3274 fuerunt
1061 3239 1112 3276 qui

108 3298 172 3327 cap·
189 3297 216 3321 4·
227 3294 299 3341 sum
312 3296 332 3326 ἃ
344 3292 522 3326 Valentino,
549 3296 639 3328 nequo
659 3293 730 3317 ante
753 3287 1035 3316 Marcionemerant
1060 3291 1110 3326 qut

229 3344 301 3389 fun,
312 3346 331 3377 ἦ
343 3345 492 3374 Marcione
503 3362 515 3376 ,
541 3347 632 3378 neque
656 3335 771 3369 omnino
797 3340 884 3366 erant
895 3333 993 3376 aliqui
1007 3331 1110 3376 sensus

234 3396 358 3438 maugnj
371 3416 383 3432 ‚
407 3400 476 3432 quos
486 3386 579 3431 supra
590 3389 833 3418 enumeravimut
846 3406 857 3423 ‚
882 3391 1044 3426 antequam
1055 3389 1111 3417 itti·

331 3439 437 3481 Christ.
452 3442 530 3481 Lupi
541 3440 638 3478 Opera
649 3438 681 3465 T.
693 3436 756 3467 IX..

1227 215 1332 246 rs
1451 203 1508 248 V.
1904 220 1967 265 95

1165 288 1285 317 tiatores
1318 285 1352 318 ὁ*
1378 289 1546 318 inventores
1568 283 1776 327 perversitatis
1802 297 1896 322 eorum
1917 290 2042 332 fierent.'

1164 333 1252 380 Qia
1266 334 1380 377 nempe
1393 335 1590 369 Valentinus
1617 335 1649 368 δε
1659 334 1812 368 Marcion
1824 362 1834 376 ‚
1861 339 1938 374 item
1950 342 2040 376 Mar.

1164 384 1253 417 tinus
1274 384 1412 419 Luterus
1438 398 1476 420 ac
1489 387 1628 429 Joannes
1646 384 1823 425 Calvinus,
1850 387 1883 420 <St
1905 399 2038 432 genera-

1164 434 1223 466 tim
1245 445 1360 468 omnes
1385 434 1628 476 Haeresiarchae,
1656 434 1840 479 legitimum
1869 446 1906 469 ac
1917 438 2040 474 sacrum

1164 482 1344 518 Catholicae
1356 484 1474 520 Matris
1485 496 1610 519 uterum
1623 486 1676 519 seu
1688 486 1814 519 fontem
1826 507 1836 522 ‚
1862 486 1897 519 &
1907 486 2041 521 authen-

1164 534 1266 568 ticum
1288 535 1495 580 Evangelicae
1506 536 1675 579 Scripturae
1700 546 1756 570 aut
1766 535 1974 570 Traditionis
2000 538 2044 571 se-

1164 595 1238 618 men
1253 608 1263 624 ,
1290 596 1331 618 ex
1342 596 1409 627 quo
1420 587 1549 619 fuerant
1570 585 1631 619 rite
1641 587 1745 631 geniti
1756 611 1767 625 ,
1793 596 2044 621 contemnentes

1164 635 1337 669 voluerunt
1347 635 1387 670 ad
1395 635 1720 670 circumscribendam
1729 636 1903 679 simplicem
1916 636 2045 680 plebem

1165 686 1251 718 nasci
1265 685 1304 719 de
1317 685 1508 730 semetipsis,
1535 687 1721 730 semetipsos
1733 687 1900 730 erigerein
1923 698 2048 721 novum

1166 735 1241 769 novi
1268 736 1446 782 Dogmatis
1470 747 1567 780 caput
1581 761 1592 776 ,
1618 738 1650 770 &
1677 748 1717 770 ex
1738 737 1887 779 pestifero
1914 738 2049 771 suorum

1166 784 1424 827 phantasmatum
1452 788 1609 831 spermate
1633 785 1782 830 deinceps
1817 787 1951 821 abortiri
1979 799 2051 822 non

1167 834 1389 877 Christianos,
1417 838 1470 871 sed
1496 837 1752 872 Valentinianos
1764 861 1775 877 ,
1803 837 2019 872 Marcionitas
2037 862 2051 878 ,

1168 884 1390 928 Lutheranos,
1417 897 1474 922 aut
1496 887 1691 922 Calvinistas
1707 914 1714 920 .
1926 911 1928 913 -

1215 936 1318 970 Porro
1340 938 1381 971 de
1393 938 1538 982 generali
1552 937 1704 971 haereseos
1721 937 1919 973 definitione
1941 938 2051 973 scribit

1167 986 1198 1018 in
1213 986 1406 1022 Praefatione
1416 987 1491 1021 libri
1505 988 1547 1021 de
1559 988 1741 1022 Haeressbus
1750 989 1882 1023 Sanctus
1893 988 2052 1034 Augusti-

1169 1046 1245 1069 nus:
1273 1042 1346 1070 Non
1369 1043 1462 1071 omnis
1473 1050 1554 1071 error
1578 1036 1690 1078 baerefis
1700 1038 1760 1078 esi,
1785 1046 1928 1081 quamvis
1954 1044 2052 1073 omnis

1166 1086 1280 1128 baerefis
1292 1110 1303 1126 ,
1329 1084 1395 1130 quae
1406 1093 1438 1120 in
1450 1094 1525 1121 vitio
1532 1095 1654 1129 ponitur
1665 1113 1675 1128 ‚
1703 1087 1757 1129 nifi
1765 1086 1858 1122 errore
1881 1090 1981 1132 aliquo
1991 1088 2052 1123 ba·

1166 1148 1197 1169 re
1208 1148 1233 1169 ts
1261 1138 1312 1179 effe
1338 1148 1396 1169 non
1417 1139 1497 1179 poffit
1507 1163 1514 1169 .
1544 1139 1633 1180 ,Quid
1651 1140 1717 1181 ergo
1738 1138 1840 1179 faciat
1863 1138 2031 1173 haereticum
2041 1161 2055 1177 ,

1167 1188 1294 1231 regulari
1316 1189 1452 1230 quadam·
1465 1188 1635 1230 definitione
1661 1182 1889 1230 comprehendi,
1908 1188 1981 1231 ficut
2006 1199 2056 1231 ego

1166 1237 1295 1278 existimo
1306 1263 1316 1278 ‚
1343 1248 1395 1270 aut
1416 1240 1532 1270 omnino
1545 1249 1602 1271 non
1612 1237 1702 1279 potest
1714 1262 1724 1278 ‚
1751 1249 1806 1271 aut
1826 1239 1995 1281 difficillimi?
2004 1247 2057 1280 po-

1169 1288 1233 1328 test.
1265 1288 1309 1321 Et
1322 1288 1356 1321 in
1372 1288 1456 1322 libro
1468 1288 1509 1322 de
1523 1289 1629 1321 Gestis
1654 1288 1781 1330 Synodi
1794 1288 2034 1332 Diospolitanae
2045 1303 2056 1322 .-

1170 1339 1330 1382 ,Quatenfts
1358 1339 1541 1380 definiendus
1563 1337 1601 1378 fit
1617 1342 1782 1371 Haerett'c'ut
1795 1363 1806 1378 ‚
1832 1339 1869 1378 esi
1895 1351 1952 1371 non
1977 1340 2057 1372 levls

1171 1390 1307 1431 quaestio.
1336 1388 1437 1434 Qod
1450 1388 1553 1431 ipsum
1567 1389 1601 1421 in
1615 1389 1815 1422 duodecimo
1828 1389 1867 1421 ad
1883 1390 2060 1432 Imperato-

1173 1450 1239 1472 rem
1252 1438 1470 1482 Justinianum
1497 1437 1582 1471 libro
1610 1436 1708 1471 tradit
1722 1436 1895 1472 Facundus
1908 1440 2060 1474 Hermia-

1175 1490 1276 1522 nenlis
1291 1488 1468 1533 Episcopus
1480 1502 1491 1521 .·
1518 1493 1592 1521 Non
1602 1497 1700 1520 autem
1712 1499 1759 1520 me
1770 1487 1925 1530 quisquam
1935 1488 2014 1522 illud
2026 1495 2060 1522 in

1170 1537 1315 1580 praesenti
1327 1537 1399 1569 libro
1409 1545 1495 1577 putee
1504 1536 1663 1579 aggreffitm
1676 1561 1686 1576 ‚
1714 1546 1747 1569 ut
1759 1537 1900 1577 definiam
1911 1542 1986 1581 quid
1998 1538 2038 1579 fit
2048 1564 2060 1579 ,

1174 1589 1253 1630 quod
1264 1590 1443 1619 Haereticam
1447 1585 1552 1627 faciat
1565 1611 1575 1627 ‚
1602 1591 1676 1628 quia
1697 1585 1748 1619 hoc
1759 1588 1879 1620 tannim
1900 1588 2062 1628 monstrare

1170 1635 1304 1680 proposui
1315 1642 1460 1669 neminem
1468 1644 1524 1677 pro
1543 1637 1652 1669 talium
1675 1636 1866 1679 quaesttonum
1892 1644 2065 1684 ignorantia

1175 1696 1207 1721 in
1219 1685 1344 1727 Ecclesia
1357 1692 1512 1720 viventem
1532 1685 1596 1727 five
1616 1686 1793 1729 defunHum
1802 1711 1813 1727 ,
1839 1688 1931 1732 quise
1942 1691 2065 1722 docilem

1176 1737 1356 1783 Christiana
1376 1736 1519 1769 dot‘lrinae
1540 1736 1658 1779 praebet
1683 1746 1737 1771 aut
1759 1739 1895 1780 praebuit
1906 1763 1917 1779 ,
1944 1739 2067 1772 baereti-

1175 1800 1239 1822 cum
1249 1786 1354 1831 debere
1358 1788 1495 1827 judicari
1508 1811 1514 1819 .
1543 1791 1630 1818 Nam
1648 1786 1678 1828 fi
1693 1798 1771 1820 nunc
1783 1789 1910 1831 Ecclessa
1923 1790 2068 1831 quadam

1175 1838 1287 1878 Christi
1300 1834 1400 1881 schola
1411 1836 1450 1876 est
1463 1861 1474 1876 ,
1500 1836 1652 1880 omnesque
1661 1837 1767 1879 fideles
1792 1841 1858 1879 ejus
1882 1838 1993 1879 christi
2019 1840 2070 1872 di-

1176 1898 1283 1924 cuntur
1309 1885 1360 1931 esse
1385 1886 1542 1930 discipuli,
1568 1898 1619 1920 nec
1629 1885 1786 1930 quisquam
1803 1889 1896 1931 poteR
1919 1895 2068 1923 veraciter

1176 1939 1235 1973 dici
1244 1936 1401 1982 discipulus
1415 1962 1426 1978 ‚
1451 1942 1503 1980 qui
1517 1948 1573 1970 non
1584 1939 1700 1980 aliquid
1709 1937 1797 1981 discit
1809 1963 1820 1979 ,
1847 1950 1936 1982 neque
1944 1939 2069 1982 distitut-

1178 1989 1232 2032 m'se'
1239 1989 1318 2032 quod
1329 1993 1483 2031 ignoratur
1497 2012 1507 2028 ,
1529 1989 1633 2028 procul
1643 1988 1730 2021 dubio
1750 1998 1804 2021 aut
1814 1990 1915 2022 docilts
1928 1996 2069 2031 ignoran-

1178 2046 1222 2074 tia
1233 2050 1289 2072 non
1293 2038 1375 2080 facit
1387 2037 1558 2072 haereticum
1571 2062 1581 2078 ‚
1607 2046 1659 2070 aut
1670 2043 1762 2069 omnis
1773 2037 1881 2076 Christi
1891 2036 2067 2079 Discipulur

1176 2094 1232 2123 erit
1245 2089 1415 2122 baeticus.
1443 2090 1487 2120 Et
1498 2095 1567 2129 quir
1587 2090 1658 2128 jam
1672 2085 1841 2119 catholicus
1864 2087 1915 2130 effe
1926 2089 2042 2121 dicetur
2051 2112 2065 2129 ‚

1172 2139 1201 2180 fi
1210 2144 1304 2172 omnis
1315 2144 1364 2180 qui
1391 2139 1426 2170 de
1438 2136 1613 2175 christiana
1635 2137 1785 2179 Religione
1810 2138 1932 2180 altquid
1951 2138 2039 2180 discit
2055 2162 2069 2179 ,

1179 2189 1331 2222 haereticus
1344 2187 1381 2226 est
1397 2186 1539 2219 dicendus
1554 2184 1571 2216 ἒ
1596 2185 1724 2231 ,Quodfi
1730 2192 1822 2219 ettam
1831 2189 1990 2221 credamur
2009 2190 2066 2220 alt·

1179 2243 1230 2279 qui
1244 2235 1285 2277 fic
1298 2241 1395 2268 omnia
1415 2234 1545 2278 didicisse
1559 2258 1570 2274 ,
1595 2244 1629 2267 ut
1650 2235 1730 2268 nibil
1745 2238 1817 2277 jam
1830 2239 1933 2279 poffint
1957 2238 2065 2272 babere

1179 2288 1256 2331 quod
1264 2283 1402 2328 discant,
1430 2289 1502 2327 quia
1521 2294 1622 2318 tamen
1645 2286 1761 2328 aliquid
1779 2288 1958 2333 ignorabant
1979 2299 2066 2322 ante-

1178 2347 1268 2378 quam
1277 2333 1444 2377 discerent,
1470 2346 1508 2366 ex
1528 2334 1675 2368 haereticis
1705 2337 1883 2370 videbuntur
1901 2338 1983 2380 fac‘li
1997 2343 2065 2373 Can

1178 2384 1276 2417 tholici
1291 2406 1301 2423 ,
1327 2392 1419 2424 atque
1431 2388 1473 2414 ita
1486 2384 1629 2426 colligitur
1642 2409 1652 2424 ,
1677 2394 1709 2418 ut
1721 2387 1818 2420 nullus
1835 2393 2010 2422 Inveniatur
2029 2396 2064 2423 in

1180 2432 1304 2481 Ecclesia
1316 2432 1424 2472 Christi
1433 2455 1443 2471 ‚
1470 2439 1590 2474 quinon
1615 2442 1668 2467 aut
1678 2438 1728 2478 esse
1753 2447 1806 2470 aut
1809 2437 1898 2480 fuisse
1906 2438 2064 2481 perhibea-

1177 2494 1225 2518 tur
1235 2483 1388 2517 haereticus
1401 2508 1408 2516 .
1438 2487 1477 2515 At
1497 2482 1553 2517 'hoc
1574 2485 1669 2518 dicere
1695 2487 1748 2518 vel
1767 2496 1898 2528 putare,
1924 2501 1988 2522 cum
2010 2495 2064 2522 im·

1172 2535 1323 2576 ptlffimum
1336 2558 1346 2573 ‚
1373 2543 1436 2566 tum
1447 2538 1536 2565 etiam
1548 2539 1638 2567 nimis
1662 2534 1836 2579 absurdum.
1863 2533 1940 2571 Scire
1967 2545 2062 2583 igitur·

1175 2584 1312 2618 debemus
1324 2609 1335 2625 ‚
1363 2585 1446 2626 quod
1467 2587 1645 2617 Haereticum
1672 2597 1730 2619 non
1745 2585 1845 2628 faciat
1868 2594 2062 2633 ignorantia,

1173 2646 1241 2678 quae
1253 2633 1396 2667 doeirmae
1409 2639 1548 2666 veritatis
1559 2644 1719 2669 contumax
1731 2648 1788 2670 non
1805 2638 1843 2678 est
1854 2664 1863 2679 ‚
1888 2636 1946 2682 sed
1960 2641 2071 2681 potitis.

1174 2684 1316 2726 obstinata
1340 2683 1463 2726 defenfio
1482 2683 1631 2726 falsitati:
1644 2711 1651 2718 .
1680 2688 1730 2718 Ad
1750 2687 1825 2721 banc
1837 2688 2061 2727 obstinatIonem

1170 2728 1473 2777 pertinoi‘edtct'mus
1485 2760 1495 2775 ‚
1521 2738 1611 2767 immo
1627 2741 1834 2777 principatum
1859 2743 1892 2769 ite
1904 2749 1938 2770 ea
1958 2748 2060 2772 tenero

1169 2785 1326 2827 firmamus
1338 2808 1348 2823 ‚
1375 2784 1443 2816 illas
1455 2790 1545 2817 etiam
1561 2784 1711 2816 dodrinas
1723 2809 1733 2824 ,
1762 2797 1839 2827 quas
1852 2787 1976 2828 quidam
2000 2800 2059 2821 non

1173 2833 1357 2878 quafiminics
1369 2835 1556 2876 intelligendo
1572 2835 1743 2874 Scripturas
1757 2838 1892 2868 Divinas
1903 2861 1914 2876 ,
1936 2836 1996 2880 sed
2014 2843 2060 2871 eie

1173 2886 1274 2926 aperte*
1286 2882 1431 2930 refistendo
1441 2907 1451 2922 ‚
1477 2881 1536 2924 sola
1545 2882 1778 2925 praesumptlone
1786 2884 1914 2926 spiritus·
1925 2889 2061 2921 condide-

1173 2945 1244 2968 runt
1253 2958 1263 2974 ‚
1293 2932 1364 2974 ficut
1376 2932 1580 2973 Manichaeut,
1606 2942 1697 2974 atque
1711 2939 1851 2978 Origenes
1863 2960 1873 2975 ,
1900 2937 1934 2970 Θ·
1945 2943 2058 2979 caseri,

1173 2991 1224 3028 qui
1241 2996 1297 3017 non
1310 2992 1342 3016 ut
1354 2983 1407 3015 alii
1429 2981 1583 3025 sequentes
1595 2994 1692 3016 eorum
1705 2989 1892 3018 intentionem
1902 2993 1935 3020 in
1947 2988 2058 3028 abstru-

1167 3035 1207 3077 fir
1218 3033 1423 3077 quaestionibus
1436 3040 1611 3065 erraverunt
1623 3057 1634 3073 ,
1656 3031 1714 3075 sed
1718 3033 1807 3077 super
1819 3030 1888 3069 illas
1905 3039 1977 3071 elati
1997 3049 2056 3071 me-

1173 3088 1229 3118 lius
1254 3082 1286 3127 se
1310 3084 1499 3116 crediderunt
1525 3084 1577 3116 vel
1581 3081 1686 3125 sapere
1711 3085 1763 3118 vel
1783 3086 1877 3120 dicore
1888 3113 1895 3120 .
1923 3092 2011 3121 Nam
2027 3087 2059 3130 fi

1174 3134 1333 3174 obstinatur
1360 3133 1409 3165 ille
1431 3134 1575 3167 dicendus
1601 3131 1661 3172 est,
1686 3140 1806 3175 quinon
1816 3135 1910 3171 credit
1922 3138 2055 3180 Ecclefiae

1178 3183 1350 3223 constitutis
1362 3184 1529 3216 earumdem
1540 3185 1756 3224 scripturarum
1765 3187 1938 3220 aut‘loritate
1948 3189 2056 3230 firma-

1177 3241 1216 3267 tis
1228 3259 1238 3274 ,
1263 3236 1376 3276 quanto
1388 3235 1536 3266 deterioris
1548 3232 1748 3271 obstinationis
1760 3237 1902 3270 dicendus
1913 3238 1952 3279 est
1961 3262 1972 3278 ,
2000 3245 2054 3282 qut

1178 3283 1244 3328 tpfis
1259 3288 1384 3318 Divintt
1395 3286 1552 3325 5crwturis
1561 3283 1730 3326 dedignans
1740 3285 1916 3328 acquiescere
1923 3311 1934 3327 ,
1959 3294 2057 3322 invio·

1179 3334 1263 3368 labili
1275 3344 1375 3368 earum
1384 3334 1566 3376 plenitudini
1592 3343 1645 3365 aut
1655 3333 1779 3378 abrogat
1796 3343 1954 3371 veritatem
1965 3363 1974 3377 ,
2000 3349 2055 3373 aut

1183 3386 1298 3429 aliquid
1307 3384 1394 3427 deesse
1400 3392 1493 3427 putat
1507 3409 1519 3425 ‚
1543 3383 1625 3426 quod
1634 3389 1755 3425 propria
1779 3386 1883 3420 debeat
1908 3390 2057 3428 adinven2

1642 3434 1658 3469 1
1708 3447 1730 3474 2
1930 3444 2006 3475 tione
