2346 3724
275 558 278 561 ·
340 539 408 575 boli
423 537 649 573 finem'fideles
671 548 752 571 tunc
762 538 900 572 solerent
924 540 954 573 se
966 550 1060 572 cruce
1084 523 1248 582 fignare.l

423 171 514 216 142
899 153 925 198 S
996 168 1025 198 c

1097 170 1126 198 H
1197 169 1228 199 0

345 248 418 273 tum
430 236 579 271 videatur
589 235 684 271 fuifl‘e
695 233 860 279 proprium
881 235 940 269 soli
956 235 1155 279 Aquileiensi
1174 237 1233 271 Ec,

344 290 463 324 clesiae.
494 287 545 320 lta
571 286 706 320 suadent
730 286 933 319 adversativae
954 295 1070 320 voces.-
1095 289 1236 331 Singula-

1297 141 1619 199 1110&

1290 236 1581 280 cafionemignoro
1595 259 1603 267 .
1628 235 1775 271 Forfitan
1797 235 1894 271 fuerit
1917 236 2171 276 Platonicorum

1290 289 1443 331 grassatus
1453 297 1559 324 error,
1584 288 1724 329 garriens
1744 287 2016 333 etiamjustorum
2042 290 2171 325 animas

342 350 377 375 rc
398 340 433 372 Θ·
454 343 641 379 precipuum
665 335 798 378 Ecclefiae
825 335 928 375 nostrae
948 336 1128 376 mysterium.
1156 343 1234 371 Cum
1289 349 1330 370 ex
1341 338 1461 371 coelesti
1477 338 1542 370 vita
1562 337 1596 369 in
1607 346 1766 371 terrenam
1779 362 1790 378 ‚
1815 349 1857 372 ex
1879 349 2002 374 terrena
2025 339 2059 373 in
2074 340 2170 376 coele-

343 401 444 423 omnes
458 387 591 428 Ecclefiae
605 412 613 421 .
642 387 697 420 An
722 397 833 420 tamen
856 397 1050 429 perlomnes
1074 379 1250 436 Ecclefiasl
1291 389 1369 421 stem
1392 389 1513 429 semper
1525 387 1627 420 redire
1646 396 1682 420 ac
1694 389 1933 429 effe-redituras,
1943 388 2083 432 ideoque
2095 401 2172 424 ver-

340 438 572 483 intelligantur
594 438 692 471 etiarn
705 437 909 477 orientales,
937 449 1005 471 non
1031 438 1075 471 est
1091 438 1249 491 manife-[
1289 439 1347 472 sari
1372 439 1403 470 in
1428 439 1621 481 sempiterna
1645 438 1773 471 miseria
1794 461 1803 470 .
1829 440 2034 483 Huiusmodi
2066 450 2171 486 nugas

340 489 426 525 stum
439 514 446 522 .
474 487 626 523 Secundo
638 487 795 521 discimus
807 511 818 526 ,
843 488 933 531 quod
947 489 986 521 ad
1000 489 1124 522 recitati
1138 489 1230 531 Sym·
1244 494 1248 521 i
1288 489 1399 522 medio
1410 488 1471 522 isto
1484 498 1631 530 ternpore
1643 487 1803 531 Origenes
1814 488 1934 524 studuit
1957 489 2122 525 intrudere
2132 491 2170 524 in

1289 539 1463 573 Ecclesiam
1480 562 1490 577 ,
1518 538 1677 572 blaterans
1687 539 1839 572 omnium
1851 539 2081 574 damnatorum
2094 565 2106 581 ,
2132 539 2169 573 &

337 589 486 628 Tertio,
512 587 601 632 qued
614 587 697 622 istud
710 588 799 622 fieret
811 588 850 622 ad
870 589 1045 622 articulum
1068 588 1109 621 de
1122 590 1227 623 carnis
1288 588 1496 633 Angelorum
1520 589 1554 622 ἀ
1576 587 1752 621 hominum
1771 612 1781 628 ,
1809 599 1921 631 poenas
1940 592 1997 625 suo
2019 599 2169 634 tempore

336 640 585 678 resurreetione,
613 638 762 682 adeoque
784 640 873 682 quod
895 638 921 672 is
943 639 1020 672 effet
1045 637 1225 680 postremus

336 690 478 735 symboli
491 688 665 725 articulus.
689 687 834 722 Proinde
844 689 999 722 articulus
1009 689 1050 721 de
1063 689 1127 723 vita
1141 700 1224 735 aetery

335 752 380 776 na
402 742 447 776 est
471 737 644 784 postmodo
666 738 826 781 adjectus.
854 739 941 773 Nam
963 739 996 772 ἀ
1020 739 1054 772 in
1079 741 1221 783 praesenti

334 791 432 833 loco,
460 802 499 826 ac
520 790 622 824 etiarn
642 789 676 823 in
698 789 788 829 libro
803 787 845 823 de
870 789 1019 823 velandis
1041 789 1223 834 virginibus

334 841 562 877 Tertullianus
574 838 682 874 lucide
692 840 829 873 affirmat
841 840 947 873 carnis
958 840 1220 874 resurrestionem

332 891 396 928 effe
412 891 569 926 ultimum
590 890 767 925 articulum
781 912 788 920 -
817 889 861 923 Et
881 889 967 933 apud
995 889 1221 933 Aquileienses

332 939 379 977 ita
403 940 512 976 adhuc
534 937 742 984 permanebat
762 950 909 982 tempore
921 939 1047 974 Ruffini
1063 964 1070 972 .
1096 941 1152 975 Sic
1174 951 1218 976 et·

331 990 399 1026 iam
414 991 506 1025 fuiffe
528 991 561 1024 in
576 989 883 1032 Hierosolymitana
899 990 1040 1024 Ecciefia
1061 991 1218 1026 affirmare

301 1057 304 1060 ⁴
331 1039 461 1075 videtur
484 1041 519 1074 in
536 1040 653 1074 litteris
675 1040 715 1073 ad
730 1038 980 1077 pammachium
993 1040 1129 1075 Sanstus
1139 1042 1217 1077 Hie-

204 1121 311 1156 Εμόι

214 1167 277 1198 039.
285 1171 312 1197 9.

195 2217 248 2255 Ep.
263 2218 308 2251 76.

207 2912 319 2948 Εμ7α

330 1101 513 1135 ronymus:
542 1094 580 1123 In
589 1088 712 1134 simbolo
724 1092 839 1129 Fidei,
865 1090 971 1134 &spei
989 1090 1089 1130 nostra
1102 1115 1112 1132 ‚
1140 1093 1220 1135 quod

330 1141 371 1175 ab
384 1140 526 1183 Apostolis
538 1142 687 1174 traditum
699 1152 755 1173 non
762 1139 906 1183 scribItur
916 1148 948 1174 in
961 1140 1068 1175 charta
1088 1143 1123 1176 ό*
1135 1152 1215 1176 atra-

325 1201 449 1231 mento,
471 1189 529 1233 sed
547 1197 579 1223 in
596 1190 713 1223 'tabulis
735 1192 832 1224 cordis
853 1191 1021 1224 carnalibus
1035 1216 1047 1232 ‚
1069 1190 1132 1233 post
1154 1204 1215 1225 con-

325 1241 643 1287 fefflonemTrInitatis
658 1265 668 1280 ,
680 1241 714 1274 (ν’
725 1247 875 1275 unitatem
887 1241 1022 1284 Ecclefiae
1033 1253 1116 1274 omne
1127 1242 1215 1275 Chri-

322 1292 418 1332 stiani
441 1295 598 1334 Dogmatis
624 1293 847 1324 Sacramentum
882 1298 984 1333 carnis
1010 1290 1217 1334 resurrec‘iione

327 1342 507 1376 concluditur
532 1365 539 1372 .
570 1341 679 1375 Etiam
704 1342 789 1384 apud
813 1343 967 1375 Sanctum
992 1341 1215 1384 Augustinum

329 1391 435 1426 sermo
446 1389 638 1424 centesimus
655 1390 803 1423 decimus
815 1400 924 1423 nonus
935 1391 976 1424 de
987 1399 1133 1432 tempore
1143 1402 1216 1424 ma·-

327 1440 443 1475 nifeste
454 1441 592 1473 affirmat
605 1438 758 1473 ultimum
771 1438 960 1483 Apostolici
979 1439 1123 1480 symboli
1143 1441 1216 1474 arti-

324 1491 437 1525 culum
453 1491 547 1525 fuifl'e
566 1489 850 1524 dee-resurreetione
864 1488 1000 1522 Carnis.
1031 1489 1073 1522 Et
1085 1488 1166 1523 hinc
1182 1490 1214 1522 in

324 1541 453 1576 Ruffini
475 1540 636 1583 opusculo
657 1565 667 1580 ‚
695 1539 752 1573 ubi
776 1538 876 1572 hodie
898 1538 1040 1582 legimus
1060 1562 1070 1577 ,
1098 1541 1160 1571 Sed
1183 1541 1216 1573 6*

323 1593 446 1626 ulterius
479 1588 630 1634 istcsermo
642 1614 652 1630 ‚
679 1595 728 1631 qui
747 1587 988 1631 resurrerffi'onem
996 1594 1188 1629 praenuntiat
1206 1613 1216 1629 ,

323 1645 477 1677 Summam
497 1646 588 1675 sottus
606 1639 802 1682 perfedlionis
824 1637 976 1681 succimvae
988 1639 1140 1672 brevitate
1152 1651 1215 1672 con-

322 1693 417 1727 cludit
432 1716 443 1733 ,
470 1691 553 1727 olim
570 1689 738 1736 legebatur
753 1714 762 1729 ,
789 1683 917 1723 Ultimus
933 1688 1051 1733 firmo.
1079 1688 1214 1737 Qaele·

320 1744 387 1779 &io
415 1742 543 1777 videtur
555 1741 647 1778 fuisse
658 1739 846 1775 authentica
857 1765 866 1773 .
946 1744 949 1745 ’

321 1800 323 1802 ’
373 1792 520 1840 Qaestio
543 1793 588 1827 est
604 1816 614 1832 ,
641 1791 729 1838 Qis
750 1789 928 1825 articulum
949 1790 991 1825 de
1012 1790 1080 1824 vita.
1097 1799 1214 1824 aeterna

323 1843 512 1887 apposuerit
529 1842 545 1872 ?
572 1841 617 1875 Et
635 1852 677 1874 ex
698 1852 763 1883 qua
788 1840 986 1874 occasione?
1015 1838 1215 1883 Respondeo

323 1893 589 1928 additamentum
599 1890 661 1922 effe
671 1889 931 1932 antiquiffimum
942 1914 950 1922 .
962 1890 1096 1924 Etenim
1109 1890 1214 1932 ipsum

320 1944 359 1978 in
385 1941 542 1986 symbolo
565 1964 575 1981 ‚
601 1938 691 1982 quod
715 1938 974 1974 catechumenis
995 1941 1214 1982 exposuerunt

318 1994 361 2026 'nc
383 1990 590 2025 tradiderunt
604 2014 616 2032 ,
643 1989 751 2034 palam
775 1988 898 2024 habent
915 1990 1049 2024 Sanctus
1073 1988 1215 2022 Ambro-

323 2041 387 2076 sius
409 2051 447 2075 ac
458 2040 594 2073 Sanetus
616 2038 822 2084 Augustinus
835 2065 844 2073 .
871 2040 991 2074 Etiam⁴
1004 2038 1192 2082 symbolum
1204 2062 1215 2078 ,

320 2091 415 2135 quod
427 2101 536 2126 coram
549 2090 669 2125 Sanno
680 2090 768 2132 Papa
781 2090 872 2132 Julio
885 2089 1040 2134 professus
1051 2089 1114 2122 fuit
1128 2088 1214 2121 Mat-

323 2143 425 2176 cellus
436 2142 578 2184 Ancyrae
593 2139 795 2183 Episcopus.
822 2139 910 2173 Etin
933 2139 1071 2183 epistola
1089 2139 1130 2172 ad
1142 2139 1214 2172 Ma-

325 2204 431 2239 gnum
456 2191 567 2226 scribit
587 2191 720 2224 Sanctus
733 2188 941 2232 Cyprianus:
965 2190 1055 2231 ‚Quid
1071 2187 1214 2237 ftaliquis

326 2245 404 2279 illud
428 2249 576 2286 opponat,
603 2249 637 2274 uc
659 2242 740 2273 dicat
762 2243 976 2272 Novatianum
990 2239 1115 2271 eandem
1124 2238 1216 2281 legem

326 2304 426 2329 tenere
440 2317 451 2334 ‚
477 2303 569 2336 quam
579 2290 736 2324 catholica
750 2287 874 2330 Ecclefia
888 2298 987 2321 teneat
998 2313 1008 2328 ,
1036 2289 1135 2321 eodem
1142 2286 1216 2330 erm-

327 2345 407 2383 bolo,
436 2355 492 2386 quo
519 2345 554 2378 (ν
575 2353 628 2374 nos
654 2341 812 2382 baptizare
837 2363 844 2369 .
873 2339 1014 2369 Eundem
1035 2337 1108 2377 nosse
1121 2340 1217 2368 Deum

328 2399 454 2430 Patrem
471 2418 481 2434 ,
506 2393 630 2427 eundem
643 2392 760 2425 Filium
783 2387 953 2426 christum,
978 2386 1102 2417 eundem
1121 2386 1218 2425 Spiri-

328 2455 393 2480 tum
404 2444 547 2479 Sandum
555 2468 567 2484 ,
593 2452 629 2475 ac
635 2448 760 2482 propter
772 2437 823 2470 boc
836 2448 904 2470 eum
924 2434 1068 2478 usurpare
1087 2432 1231 2480 potesta-3

329 2506 390 2530 tem
401 2494 583 2537 baptizandi
588 2491 667 2534 poffe
677 2514 688 2530 ‚
713 2490 797 2532 quod
806 2488 949 2521 videatur
972 2490 1005 2518 in
1016 2489 1219 2527 interrogatiu-

330 2557 367 2579 ne
379 2543 532 2586 Baptismi
554 2545 574 2575 ἃ
588 2541 670 2578 nahts
692 2551 751 2573 non
770 2536 935 2581 discrepare
946 2561 954 2568 .
982 2536 1062 2568 Sciat
1084 2532 1217 2577 quisquis

331 2596 382 2628 hoc
395 2595 600 2636 opponendum
606 2595 703 2633 putat
714 2614 724 2630 ‚
746 2589 880 2631 primum
893 2598 951 2620 non
963 2586 1015 2628 esse
1030 2584 1219 2619 unam'nobis

332 2647 367 2680 ό·
377 2642 575 2687 schismaticis
584 2640 703 2684 symboli
714 2642 804 2682 legem
816 2663 826 2679 ,
853 2637 946 2679 neque
960 2637 1084 2669 eandem
1094 2642 1219 2670 interre-

330 2700 479 2741 gationem
494 2717 500 2725 .
529 2697 618 2726 N‘am
625 2701 691 2724 cum
714 2690 819 2722 dicunt
833 2712 843 2728 ‚
871 2685 988 2722 Credis
1004 2687 1220 2720 remissionem

334 2752 545 2790 peccatorum
559 2766 570 2782 ,
598 2742 632 2775 δι
645 2741 747 2774 vitam
768 2749 919 2772 aeternam
933 2746 995 2780 >per
1008 2738 1151 2771 san-stam
1161 2736 1221 2770 Ec·

335 2795 462 2830 cleliam
475 2818 485 2834 ‚
513 2795 699 2826 mentiuntur
711 2796 744 2822 in
758 2792 989 2832 interrogatione
1002 2812 1013 2828 ,
1036 2788 1157 2829 quando
1166 2797 1223 2819 non

337 2846 470 2880 babeant
482 2841 643 2885 Ecclefiam
652 2866 659 2873 .
692 2840 822 2877 Clarius
845 2840 877 2873 io
904 2839 991 2872 uitur
1013 2837 1046 2870 in
1062 2837 1222 2881 Synodali

338 2896 474 2940 epistola
502 2894 543 2929 ad
556 2890 724 2927 Numidiae
735 2850 938 2934 Episcopgs:
966 2888 1024 2921 Sed
1045 2885 1154 2931 &ipsa
1172 2892 1224 2920 in·-

340 2951 498 2990 terrogatio
507 2970 518 2986 ‚
543 2955 611 2987 quae
630 2943 670 2986 fit
693 2947 726 2974 in
750 2938 868 2983 Raptis
864 2951 909 2972 mo
919 2964 931 2980 ,
958 2938 1038 2978 testis
1060 2937 1099 2979 est
1112 2943 1226 2972 verita·

339 3001 381 3029 ris
394 3020 401 3028 .
431 3000 516 3028 Nam
529 3006 591 3027 cum
602 2994 726 3026 dicimus
740 3015 752 3031 ,
764 2991 880 3025 Credis
893 2991 927 3023 in
941 2990 1042 3022 vitam
1054 2998 1225 3028 aeternam,

340 3047 374 3081 δε
399 3045 615 3080 remiffionem
640 3051 848 3087 peccatorum
870 3052 925 3084 per
947 3040 1088 3072 sanciam
1115 3038 1225 3073 Eccle-

339 3098 420 3131 fiam
432 3120 442 3136 ‚
471 3096 661 3137 intelligimus
674 3092 856 3132 remifflonem
865 3098 1048 3132 peccatorum
1069 3088 1184 3130 nonnifi
1193 3094 1227 3121 in

342 3145 468 3188 Ecclefia
476 3147 544 3178 dari
556 3169 563 3175 .
590 3141 768 3177 Manifeste
778 3142 888 3176 laudat
902 3138 1132 3181 Apostolicum
1145 3140 1226 3181 sym·

341 3197 458 3232 bolum
470 3220 477 3227 .
506 3193 683 3227 Manifeste
694 3193 833 3226 affirmat
846 3192 879 3225 in
893 3190 961 3232 ipso
973 3190 1138 3223 contineri
1153 3189 1227 3222 arti-

343 3248 455 3282 culum
470 3245 511 3279 de
522 3244 587 3277 vita
603 3252 718 3277 aeterna
731 3267 739 3275 .
754 3239 897 3276 Proinde
908 3239 961 3273 hic
975 3238 1131 3273 articulus
1143 3238 1227 3282 apud

345 3299 447 3330 Afros
459 3295 599 3339 adjestus
620 3293 682 3327 fuit
696 3293 807 3327 medio
821 3301 965 3334 tempore
989 3289 1227 3324 inter-Tertul-

346 3346 470 3381 lianum
483 3358 520 3381 ac
531 3345 682 3380 sanetum
704 3343 926 3387 Cyprianum·
960 3339 1161 3383 Adjeaionis
1174 3353 1228 3376 oc-

1285 639 1446 672 finiendas
1458 663 1468 678 ,
1487 649 1523 672 ac
1536 639 1615 672 istos
1624 649 1740 672 omnes
1751 643 1783 671 in
1795 638 1937 673 Domini
1951 641 2015 674 Dei
2029 641 2169 686 gratiam

1284 700 1321 722 ac
1342 688 1499 734 Regnum
1521 689 1760 723 admittendos.
1786 690 1950 724 Adversus
1974 689 2060 725 hanc
2082 690 2169 724 tanti

1286 740 1439 773 Doctoris
1453 763 1463 776 ,
1490 751 1532 773 ne
1544 740 1723 783 simplicem
1736 738 1860 781 plebem
1872 740 2168 778 circumscriberet,

1284 800 1415 833 pravam
1443 790 1705 833 praedicationem
1721 789 1815 833 poffit
1840 790 1895 824 iste
1907 791 2064 824 articulus
2075 791 2169 824 fuifl‘e

1282 840 1438 883 adjectus.
1466 840 1546 874 Hoc
1567 852 1635 874 non
1658 839 1793 873 obscure
1816 840 1940 874 indicat
1962 841 1995 873 iu
2012 839 2170 883 primoli-

1281 891 1340 925 bro
1351 891 1391 924 de
1403 889 1555 933 symbolo
1566 890 1606 924 ad
1618 889 1885 925 catechumenos
1897 891 2033 925 sanetus
2050 888 2169 934 Augu·

1280 941 1382 974 stinus
1394 953 1401 972 :
1413 942 1572 974 Credimus
1582 945 1672 974 etiam
1683 938 1922 983 resurrefflonem
1933 946 2043 974 Car-nis
2056 963 2064 972 .
2089 942 2168 983 ,Quo-
2185 937 2258 976 cip-¹
2271 947 2302 975 9·

1280 991 1392 1024 modo?
1417 996 1468 1024 Ne
1483 990 1568 1033 forti-‚³
1587 999 1675 1032 putet
1698 991 1808 1033 aliquis
1828 1014 1838 1029 ,
1869 994 2010 1033 quomod&
2034 994 2170 1029 Lazari,

1278 1051 1311 1074 ut
1328 1040 1406 1085 seim
1426 1053 1484 1074 non
1497 1040 1537 1083 fic
1556 1042 1628 1085 effe,
1651 1042 1790 1074 additum
1810 1040 1846 1080 est
1858 1055 1868 1074 :
1895 1046 1933 1074 In
1959 1046 2059 1075 vitam
2081 1048 2169 1074 aeter-

1282 1104 1369 1125 nam.
1400 1090 1481 1124 Non
1505 1090 1608 1131 dicit,
1632 1094 1678 1124 Et
1700 1097 1801 1125 vitam
1821 1099 1989 1132 eternam,
2017 1090 2071 1125 sed
2092 1113 2103 1130 ‚
2130 1093 2169 1123 In

1280 1148 1380 1176 vitam
1401 1151 1569 1176 aercrnam.
1598 1142 1680 1175 Hoc
1704 1140 1771 1175 est:
1799 1142 1898 1174 Credo
1919 1146 2019 1174 carnis
2039 1138 2170 1183 resurre-

1279 1193 1400 1226 tironem
1412 1198 1444 1225 in
1454 1198 1554 1226 vitam
1574 1201 1738 1225 aeternam.
1768 1190 1947 1225 Manifeste
1968 1201 2083 1225 contra
2094 1190 2171 1224 Pla·

1279 1241 1456 1277 tonicosac
1477 1241 1699 1286 origenistas.
1731 1238 1823 1274 Alibi
1850 1250 1960 1274 tamen
1993 1241 2096 1286 legit.-
2121 1242 2170 1272 Ee

1280 1298 1376 1325 vitam
1398 1301 1544 1325 aerernam
1565 1315 1574 1323 .
1601 1292 1646 1325 Et
1670 1290 1712 1324 fic
1732 1291 1778 1324 est
1799 1290 1944 1324 omnino
1966 1289 2167 1336 legendum.

1279 1339 1413 1374 Deinde
1436 1364 1447 1380 ,
1474 1350 1528 1382 per
1550 1339 1656 1373 carnis
1681 1337 1945 1374 resurrectionem
1966 1361 1978 1379 ,
2004 1349 2075 1373 non
2093 1338 2170 1374 -sola

1279 1389 1444 1434 gloriosa,
1471 1388 1526 1423 sed
1551 1388 1692 1433 qumis,
1718 1389 1818 1423 etiam
1841 1387 1979 1432 poenalis
1994 1411 2006 1428 ,
2036 1389 2171 1424 resurre-

1279 1439 1564 1484 stiointelligitur.
1595 1438 1723 1472 Diserte
1745 1439 1779 1472 id
1790 1438 1888 1472 docet
1908 1438 1944 1472 in
1970 1437 2062 1473 libris
2085 1439 2171 1481 sym—

1279 1490 1393 1524 bolum
1406 1487 1652 1532 exponentibus
1665 1490 1801 1523 Sanctus
1813 1488 2019 1533 Augustinus
2030 1512 2038 1520 .
2067 1488 2110 1522 Et
2131 1487 2169 1522 in

1280 1540 1423 1583 praesenti
1435 1539 1541 1582 capite
1553 1539 1731 1580 Septimius
1748 1537 1804 1572 dat
1817 1539 1958 1572 articulo
1978 1536 2063 1572 hanc
2075 1538 2171 1572 Para-

1274 1588 1408 1633 «phrasin
1435 1602 1442 1622 :
1482 1588 1583 1622 Fabia
1608 1587 1759 1632 utriusque
1789 1595 1894 1630 partis
1932 1586 2170 1631 resuscitatione,

1277 1651 1343 1673 cum
1354 1645 1455 1673 carnis
1467 1637 1647 1678 restitutione
1659 1662 1667 1671 .
1696 1638 1884 1682 Utriusque
1896 1639 1997 1681 partis
2009 1661 2021 1677 ‚
2048 1639 2081 1672 id
2096 1638 2144 1672 est
2158 1657 2172 1677 2

1277 1689 1436 1733 justorum
1459 1701 1497 1722 ac
1511 1688 1721 1732 iniquorum.
1749 1688 1845 1722 Hinc
1859 1687 2173 1731 Constantinopoli·

1280 1751 1395 1774 tanum
1424 1738 1611 1782 symbolum
1637 1762 1648 1779 ,
1673 1738 1707 1772 δε
1727 1738 1785 1773 aiii
1813 1736 1924 1772 Patres
1950 1736 2171 1776 addideruntt

1281 1793 1384 1823 Vitam
1406 1798 1552 1824 aternam
1571 1814 1578 1821 .
1612 1789 1694 1835 Quo
1720 1786 1879 1830 justorum
1903 1786 2174 1828 Christianorum

1278 1841 1367 1882 spem
1392 1839 1598 1883 singulariter
1620 1839 1842 1880 exprimerent
1864 1863 1875 1880 ,
1900 1838 1936 1873 δι
1955 1837 1998 1872 ab
2013 1836 2174 1874 omnibus

1278 1890 1423 1925 facerent
1435 1888 1554 1922 diserte
1563 1888 1696 1931 agnosci
1719 1889 1753 1921 ὃς
1764 1887 1851 1921 credi
1863 1914 1871 1922 .

1328 1938 1561 1972 Tertullianus
1576 1934 1701 1969 nullam
1714 1933 1769 1968 hic
1783 1935 1862 1968 facit
1885 1938 2081 1972 memoriam
2097 1936 2173 1972 arti·

1279 1986 1347 2021 culi
1361 1986 1401 2019 de
1421 1986 1575 2019 descensu
1598 1984 1798 2019 adluferos.
1826 1983 2046 2019 EtNicoiaus
2057 1986 2176 2030 Rigal-

1279 2037 1346 2072 tius
1356 2044 1598 2076 commentatur
1609 2046 1618 2067 t
1645 2036 1841 2072 Notandum,
1871 2040 2047 2068 mentionem
2057 2032 2175 2077 nense-

1278 2085 1477 2131 risepulturae
1492 2109 1503 2125 ,
1531 2094 1625 2127 neque
1634 2081 1790 2127 descensus
1802 2083 1847 2116 ad
1855 2081 1992 2125 inferos,
2019 2090 2174 2120 numen

1279 2137 1380 2181 regula
1392 2161 1403 2178 ‚
1431 2147 1522 2179 quam
1533 2137 1689 2177 Septimius
1701 2135 1798 2167 edidit
1819 2139 1853 2166 in
1864 2138 1952 2167 initio
1975 2133 2048 2168 iibri
2070 2135 2174 2169 deve·

1279 2188 1382 2222 landis
1414 2185 1588 2229 Virginibus
1610 2208 1618 2217 .
1658 2188 1770 2227 Neque
1795 2189 1868 2218 item
1893 2185 1980 2227 apud
2000 2186 2175 2219 Irenaeum.

1282 2236 1379 2281 ‚Quafi
1394 2242 1504 2270 mensio
1525 2239 1634 2268 Crucis
1646 2258 1658 2275 ,
1683 2234 1736 2268 boc
1757 2234 1797 2275 est
1809 2258 1820 2274 ,
1845 2238 1950 2268 mortis
1961 2258 1974 2275 ,
1999 2232 2175 2278 &sepultu—

1282 2299 1351 2321 ram
1373 2283 1588 2329 &descensum
1609 2286 1655 2318 aed
1662 2284 1775 2327 inferos
1797 2286 1950 2318 includat.
1975 2284 2173 2318 Ceterum&

1280 2338 1354 2370 libro
1364 2337 1515 2369 adversus
1530 2339 1684 2368 Praxeam
1701 2340 1782 2368 inter
1792 2334 1924 2378 ejusdem
1946 2335 2054 2379 regulae
2065 2340 2176 2368 etim·

1281 2387 1322 2418 los
1334 2385 1442 2427 iegitur
1456 2397 1467 2416 .-
1493 2386 1576 2416 Hunc
1588 2384 1722 2426 paffum,
1748 2383 1825 2417 bunc
1846 2392 2013 2426 mortuum,
2039 2383 2118 2418 bunc
2125 2382 2173 2426 se-

1278 2434 1413 2477 pultum.
1441 2433 1570 2477 Integet
1581 2431 1637 2465 hic
1650 2432 1853 2466 Tertulliani
1867 2433 1965 2467 locus
1982 2433 2173 2468 estaudien-

1281 2484 1343 2519 dus
1356 2497 1367 2517 .·
1395 2487 1463 2516 Nos
1473 2490 1591 2523 unicum
1600 2482 1720 2524 quidem
1733 2484 1830 2515 Deum
1852 2483 2001 2516 credimus
2011 2506 2023 2523 ,
2046 2481 2104 2526 sub
2116 2483 2173 2518 bac
2188 2488 2261 2530 Cap.
2270 2500 2301 2519 2.

1280 2542 1380 2568 tamen
1403 2531 1623 2577 dispensatione
1644 2556 1656 2573 ‚
1694 2543 1786 2575 quam
1812 2539 1997 2566 oeconomiam
2020 2533 2168 2574 dicimus,

1282 2595 1314 2619 ut
1323 2590 1400 2617 unici
1414 2582 1516 2626 Deific
1537 2585 1575 2617 ,θ
1588 2583 1687 2616 Filius
1700 2585 1800 2616 sermo
1821 2581 1910 2625 ipfiur
1922 2607 1929 2615 .
1959 2584 2044 2616 Hunc
2056 2585 2172 2627 missum

1283 2638 1302 2668 ἃ
1317 2638 1411 2669 Patre
1433 2640 1465 2667 in
1488 2637 1640 2678 Virginem
1653 2657 1664 2673 ‚
1689 2633 1771 2666 &ex
1792 2644 1829 2666 ea
1850 2642 1958 2666 natum
1968 2632 2115 2667 hominem
2137 2635 2173 2668 ὁ·

1285 2689 1402 2726 Deum,
1429 2686 1543 2718 Filium
1552 2682 1683 2717 bominis
1707 2685 1742 2717 Θ
1754 2683 1868 2716 Filium
1880 2685 1957 2723 Dei,
1985 2684 2020 2718 Θ
2032 2688 2174 2727 cognoui-

1286 2745 1390 2770 natum
1400 2733 1716 2779 JESUMzchristum
1730 2758 1737 2766 .
1764 2738 1851 2766 Hunc
1857 2734 1973 2777 passum
1985 2757 1996 2774 ‚
2008 2732 2087 2768 bunc
2097 2743 2172 2767 mor-

1286 2796 1391 2827 tuum,
1416 2784 1491 2819 bunc
1508 2783 1656 2828 sepultum
1671 2782 1834 2828 secundum
1855 2786 2049 2825 Scripturas,
2075 2784 2112 2818 ό·
2128 2793 2171 2816 re-

1283 2835 1483 2882 suscitatum&
1497 2837 1608 2876 Patre,
1638 2837 1715 2869 &in
1727 2835 1822 2868 Coelos
1842 2832 2047 2878 resumptum,
2068 2831 2171 2877 sedne

1287 2889 1332 2923 ad
1342 2889 1500 2922 dexteram
1519 2887 1627 2919 Patris
1641 2908 1651 2924 ,
1676 2894 1840 2919 venturum
1859 2886 1999 2926 judicare
2022 2889 2111 2918 vivos
2132 2883 2168 2916 θ

1287 2947 1415 2972 mortuos
1427 2963 1435 2970 .
1462 2936 1645 2981 ,Quiexinde
1666 2934 1779 2979 miserit
1800 2936 1820 2967 ἃ
1835 2937 1927 2969 Pane
1939 2937 2084 2977 spiritum
2097 2934 2172 2965 San-

1287 2990 1366 3023 Hum
1379 2989 1564 3022 Paracletum
1575 3010 1583 3019 .
1612 2991 1701 3020 Hanc
1711 2987 1844 3030 regulam
1853 2985 1891 3019 ab
1906 2988 1993 3018 intio
2004 2983 2171 3026 Evangelii

1288 3038 1470 3081 decucurrisse
1482 3062 1492 3078 ‚
1517 3042 1609 3071 etiam
1628 3046 1701 3070 ante
1719 3043 1834 3078 priores
1857 3032 1981 3077 quosque
1990 3031 2144 3065 baereticos
2161 3056 2173 3072 ‚

1289 3091 1396 3124 nedum
1416 3095 1487 3121 ante
1511 3090 1663 3121 Praxeam
1682 3086 1847 3127 hesternum
1873 3107 1881 3116 .
1903 3084 2000 3117 Hinc
2018 3080 2174 3116 discimus

1291 3143 1396 3174 varia.
1418 3137 1556 3179 Primo,
1582 3136 1670 3180 quod
1685 3137 1744 3171 ista
1764 3132 1914 3169 credendi
1927 3133 2039 3178 regula
2063 3133 2174 3166 statim

1290 3190 1332 3226 ab
1343 3190 1412 3234 ipso
1427 3187 1599 3234 Evangelii
1609 3188 1747 3223 exordio
1756 3184 1972 3218 decucurrerit
1982 3208 1989 3216 .
2018 3182 2150 3217 Deinde
2162 3207 2175 3224 ‚

1292 3240 1381 3286 quod
1395 3239 1431 3273 fit
1445 3240 1531 3284 prior
1541 3237 1697 3274 omnibus
1707 3234 1863 3270 haereticis
1874 3259 1885 3275 ,
1912 3234 2056 3276 ideoque
2083 3233 2116 3267 &
2127 3233 2179 3268 Si-

1294 3302 1393 3325 mone
1405 3290 1530 3335 Mago.
1559 3291 1611 3324 Ex
1622 3288 1684 3322 hac
1698 3286 1789 3319 enim
1812 3295 1908 3328 prava
1930 3283 2038 3318 radice
2058 3293 2175 3317 omnes

1292 3343 1350 3376 alii
1362 3343 1522 3380 Errones,
1546 3341 1596 3375 uti
1605 3336 1700 3383 fungi
1711 3335 1729 3370 ὲ
1742 3346 1824 3370 terra
1836 3359 1848 3377 ‚
1868 3341 2082 3380 proruperunt
2093 3358 2100 3365 .
2114 3333 2174 3392 ⁸At

2052 3393 2128 3418 vero
