2346 3724
114 2149 178 2184 Lib.
208 2158 224 2177 2

115 2200 180 2229 cap·
190 2198 236 2225 57·

115 2269 179 2301 Lib.
210 2273 233 2298 8.

115 2318 181 2348 cap.
194 2320 203 2339 ι
214 2319 237 2338 ι.

117 2388 228 2419 Homii

116 2623 199 2652 Tom.
211 2627 236 2650 6-

247 2955 295 2980 ἠε
303 2949 369 2987 quis
375 2950 474 2976 eorum
484 2943 535 2979 qui
546 2947 604 2969 non
611 2936 726 2979 poffunt
735 2936 895 2976 impollutis
913 2934 1002 2969 labiis
1012 2943 1136 2971 tremen-

233 298 367 332 tuiffent
387 291 487 328 oculo
508 292 618 327 ludere
641 293 658 325 ἓ
685 292 894 328 Clericorum
914 286 1057 326 chorus,
1083 287 1116 319 dc

235 345 349 391 populi
372 344 465 377 navis
487 367 498 384 ,
532 344 566 378 dc
590 343 734 387 ipsorum
761 343 772 376 i
799 340 988 383 terjacentes
1015 345 1116 380 portae

234 397 333 432 istum
360 393 466 428 lusum
498 394 607 437 palam
629 354 853 436 impediegant
877 413 886 424 .
921 385 1117 446 Qarejlla

235 445 415 482 Auditoria
437 454 528 479 erant
549 444 643 478 altari
671 442 781 477 vicina
808 442 880 475 loca
903 462 914 478 ,
941 450 975 472 m
998 436 1117 481 quibus

236 496 351 531 fideles
377 495 515 529 foeminae
543 494 747 528 Divinorum
774 500 920 534 tempore
946 486 1118 532 sequestra-

237 547 357 583 bantur
369 570 376 577 .
403 546 504 579 Erant
515 544 663 578 laterales
681 542 795 578 &altae
807 539 1018 574 Bafilicarum
1042 549 1117 572 con-

238 595 499 635 camerationes,
526 594 638 638 quales
660 592 788 636 &apud
810 602 871 625 nos
882 588 961 624 hinc
986 587 1064 622 inde
1075 588 1118 620 vi-

238 646 353 681 demus
366 670 373 678 .
403 645 496 679 Hinc
515 655 557 680 ex
574 644 638 678 illis
654 643 776 686 despici
799 642 817 676 a
830 640 974 675 foeminis
985 638 1118 672 Basilius

238 696 411 732 interdixit
435 721 442 728 .
470 695 514 729 Et
531 694 573 729 de
595 691 754 738 ejusmodi
776 688 1119 727 concamerationibus

238 745 349 783 lucide
371 746 518 789 loquitur
539 745 638 780 etiam
662 741 798 777 Author
818 741 895 776 libri
915 740 957 775 de
980 749 1065 774 nova
1076 737 1117 771 fa-

240 798 331 833 brica
350 797 472 833 Sanetae
493 793 623 838 Sophiae
641 820 649 827 .
677 793 789 838 Loqui
814 790 942 826 videtur
961 789 994 824 &
1006 790 1119 823 otum

1038 216 1054 247 1

850 223 874 250 A
948 221 968 249 Ρ

240 846 413 891 Synodus.
443 845 529 894 Qis
549 844 641 879 enim
660 843 771 878 credat
797 843 899 886 ipsam
925 839 1119 895 celebratam

238 898 278 933 in
293 896 481 936 Narthece,
508 893 660 928 viliffima
681 904 719 928 ac
743 893 857 927 infima
877 900 966 935 parte
976 889 1090 932 templi
1103 887 1120 919 ἒ

241 948 287 982 Et
299 947 317 981 ὲ
329 946 454 981 dextris
475 943 695 984 &afinistris,
726 943 760 978 δε
775 942 898 977 sursum
919 952 957 974 ac
968 938 1121 974 deorsum

241 1006 338 1032 erant
359 994 507 1031 fidelium
527 993 721 1028 Auditoria:
749 992 789 1027 Se
806 993 840 1026 in
863 989 988 1024 dextris
1009 997 1121 1022 eorum

242 1046 388 1091 partibus
409 1045 502 1080 fuiffe
525 1043 717 1078 celebratam
729 1042 786 1075 ista
799 1038 953 1083 Synodus
965 1037 1104 1071 affirmat
1115 1061 1122 1068 .

242 1098 381 1131 Simeon
403 1092 703 1128 Thessalonicensis
724 1088 893 1125 manifeste
916 1088 1060 1131 loquitur
1082 1087 1123 1124 de

242 1143 429 1179 Nat-thece.
455 1143 551 1177 Hinc
571 1141 704 1176 interim
715 1140 805 1175 vides
827 1140 860 1173 in
874 1137 1050 1173 Catholica
1065 1137 1126 1171 Ec·

243 1195 338 1231 clefia
359 1191 628 1228 Catechumenus
660 1201 737 1226 cum
764 1188 915 1226 fidelibus
942 1199 1122 1232 numquam

244 1244 403 1281 audivisse
417 1267 425 1276 .

523 1396 675 1444 Pariter
707 1397 845 1443 orant.>

295 1543 379 1578 Non
401 1541 446 1578 de
465 1541 602 1588 quavis,
624 1541 677 1577 sed
689 1542 731 1576 de
746 1532 832 1581 illa,
858 1540 949 1584 eujus
961 1538 1066 1584 gratia
1079 1538 1127 1572 in·

245 1605 375 1640 regrum
399 1593 522 1628 librum
548 1592 667 1636 scripsit
687 1617 698 1633 ,
725 1592 878 1626 oratione
902 1591 1051 1634 loquitur
1074 1587 1128 1622 hic

245 1644 445 1688 Septimius,
470 1643 512 1677 de
533 1643 708 1678 incruento
728 1640 993 1675 Christianorum
1014 1639 1127 1674 sacrifi·

246 1696 325 1737 cio,
351 1693 442 1737 eujus
465 1693 669 1728 auditionem
693 1692 822 1736 antiqui
835 1692 990 1726 Canones
1016 1688 1128 1733 paffim

248 1755 441 1788 nuncupant
452 1744 726 1777 communionem
752 1743 786 1776 in
797 1741 947 1786 precibus
961 1766 969 1774 .
996 1742 1050 1775 De
1066 1739 1129 1775 hac

248 1795 317 1829 sola
333 1794 461 1828 locutus
485 1793 575 1836 supra
596 1793 640 1827 est
664 1791 835 1826 adversum
855 1791 1072 1825 Marcionitas
1083 1800 1130 1824 et-

248 1845 316 1879 iam
337 1844 468 1877 sanstus
480 1841 687 1885 Epiphanius
702 1865 711 1873 .
737 1841 792 1875 Isti
810 1841 955 1875 orationi
968 1839 1133 1874 Catechu-

247 1903 364 1929 menos
375 1904 444 1927 non
457 1892 595 1935 potuisse
615 1890 719 1924 adesse
728 1914 739 1930 ,
765 1887 888 1923 docent
901 1888 1130 1933 entiquissimae

246 1955 363 1986 omnes
387 1943 420 1977 δε
449 1942 647 1977 Latinorum
675 1941 709 1974 &
735 1939 928 1973 Graecorum
956 1939 1132 1984 Liturgiae,

248 2007 322 2038 quae
343 1994 444 2036 ipsam
467 1990 598 2025 nonnisi
621 1989 693 2031 post
712 1987 844 2020 emissos
863 1987 1131 2021 Catechumenos

249 2056 287 2078 ac
313 2042 536 2079 Poenitentes,
561 2038 596 2071 dc
623 2037 695 2080 post
716 2035 878 2070 obseratas
901 2036 1041 2070 Bafilicae
1063 2046 1132 2079 por·

249 2103 300 2128 tas
321 2089 518 2135 permittunt
544 2085 696 2120 inchoari
722 2111 729 2118 .
766 2085 885 2120 Portas
907 2085 1025 2120 debere
1046 2085 1132 2129 prins

251 2139 361 2178 claudi
373 2139 505 2174 tradunt
515 2137 615 2172 etiam
629 2135 894 2179 Apostolicarum
916 2135 1131 2170 Constitutio-

254 2203 333 2227 num
355 2188 511 2227 Author‚
535 2187 616 2221 &in
638 2184 786 2220 homiliis
806 2186 899 2229 supra
921 2186 1029 2222 Sancti
1044 2186 1130 2219 Mat-

253 2243 327 2277 rhaei
344 2238 576 2282 'Evangelium
600 2237 732 2270 Sanetus
759 2236 901 2279 Ioannes
937 2235 1132 2279 chrysosto-

254 2303 326 2328 mus
347 2304 355 2324 :
393 2287 527 2328 mysteria
557 2287 622 2320 c'deb
649 2284 748 2324 elaufis
763 2288 874 2327 ‚ianuis
915 2287 1096 2320 celebramus
1121 2307 1132 2324 ,

255 2346 290 2378 (5
326 2353 374 2375 eos
402 2364 414 2382 ‚
438 2344 489 2382 qui
515 2338 645 2372 nondum
679 2339 796 2369 initiati
814 2334 907 2378 sunt,
934 2337 1029 2380 adeffe
1059 2344 1133 2378 pro-

255 2393 387 2426 bibemus
402 2414 412 2430 ,
438 2399 495 2422 non
519 2392 592 2430 quia
612 2387 745 2428 aliquam
765 2384 955 2425 mysteriorum
977 2385 1132 2427 infirmita-

256 2454 315 2476 tem
334 2438 602 2483 deprehendimus,
623 2434 682 2479 sed
704 2440 778 2478 quia
810 2436 856 2468 ad
871 2441 1134 2478 participationem

254 2504 352 2528 eorum
366 2491 411 2524 illi
423 2514 434 2529 ,
458 2499 532 2531 quos
543 2498 677 2520 arcemus
691 2510 702 2527 ,
726 2484 826 2519 adbuc
845 2485 956 2527 infirmi
967 2483 1037 2524 sunt
1052 2511 1060 2519 .
1089 2486 1132 2519 Et

255 2546 289 2578 in
312 2539 451 2576 homilia
472 2538 514 2573 de
534 2537 606 2571 filio
627 2535 769 2580 prodigo
790 2535 900 2569 scribit
922 2536 963 2570 de
973 2536 1135 2571 Diaconis

255 2591 414 2629 sacrificio
427 2587 708 2623 ministrantibus:
737 2590 771 2618 ln
793 2583 918 2627 Ecclesia
942 2583 1133 2628 discurrunt,

257 2645 443 2682 clamantque
455 2662 466 2678 ,
493 2642 544 2670 Ne
556 2644 625 2679 quis
645 2648 682 2670 ex
695 2635 920 2669 Catechumem’s
932 2659 944 2675 ,
969 2646 1006 2668 ne
1014 2642 1081 2678 quis
1093 2648 1134 2671 eo-

257 2705 325 2728 rum
348 2696 468 2734 quinon
490 2688 582 2720 edunt
597 2710 607 2726 ‚
632 2688 728 2719 nullus
749 2697 787 2719 ex
800 2685 1073 2728 Exploratoribus,
1099 2699 1136 2721 ne

259 2751 326 2787 quis
337 2751 433 2775 eorum
443 2742 494 2781 qui
507 2748 564 2770 non
571 2736 684 2779 poffunt
695 2741 803 2768 intueri
813 2735 942 2769 vitulum
952 2740 1005 2777 qui
1014 2738 1135 2771 comedi-

257 2805 307 2829 tur
318 2817 327 2832 ‚
341 2801 416 2825 neve
427 2791 494 2831 q'uis
505 2798 602 2820 eorum
612 2791 663 2828 qui
669 2784 805 2828 speHare
816 2796 872 2817 non
881 2786 995 2828 possunt
1001 2785 1135 2826 coelester'n

255 2845 430 2890 sanguinem
442 2844 492 2881 qui
503 2836 665 2878 effunditur
676 2842 709 2868 in
729 2836 912 2875 remifflonem
927 2843 1135 2878 peccatorum,

259 2908 294 2929 ne
306 2899 371 2935 quis
386 2890 528 2932 indignus
537 2886 627 2926 hostia
639 2892 774 2925 vivente,
785 2897 820 2918 ne
830 2891 896 2927 quis
907 2896 965 2918 non
975 2890 1115 2920 initiatus
1123 2912 1136 2928 ,

261 2999 302 3030 da
313 2993 440 3033 mysteria
451 2993 598 3031 attingere
609 3010 619 3026 ‚
630 2991 662 3019 in
676 2984 803 3027 Ecclefia
811 2993 933 3019 maneat
945 3009 956 3026 ,
982 2996 1035 3020 aut
1043 2985 1134 3027 myste-

259 3053 306 3079 ria
327 3053 381 3087 per
403 3036 528 3081 dolosam
546 3036 765 3081 subreptionem
787 3045 934 3078 acceptet.
963 3037 1018 3070 Bis
1040 3037 1135 3073 fiebat

260 3096 344 3132 istud
358 3088 539 3127 Diaconale
559 3097 697 3121 examen
717 3098 755 3119 ac
767 3086 982 3129 proclamatio
1009 3099 1017 3118 ε
1045 3086 1135 3122 Ante

261 3140 553 3182 consecrandorum
576 3135 852 3170 introductionem
876 3161 887 3176 ‚
919 3136 953 3170 dt
975 3146 1051 3170 ante
1069 3137 1134 3180 jam

264 3195 524 3230 consecratorum
536 3187 700 3221 donorum
711 3184 989 3220 distributionem.
1022 3186 1135 3222 Fiebat

263 3242 431 3289 praesertim
454 3238 498 3273 ob
521 3238 687 3276 curiosos,
715 3234 818 3269 immo
844 3236 1067 3270 &malevolos
1081 3249 1135 3272 no-

262 3295 399 3328 strorum
409 3293 611 3326 secretorum
634 3285 875 3330 exploratores,
902 3297 985 3328 quos
1006 3298 1074 3320 non
1092 3298 1137 3322 ra-

262 3344 300 3378 ῐὸ
311 3353 364 3387 per
376 3341 487 3374 dolum
508 3348 563 3372 aut
577 3337 642 3370 vim
666 3346 796 3372 manere
807 3338 964 3375 tentasse,
990 3347 1028 3372 ac
1037 3338 1134 3372 etiam

263 3390 410 3429 mansisse
427 3389 462 3422 in
490 3388 651 3425 Ecclesia,
677 3387 757 3429 quin
784 3386 818 3420 ὅ(
840 3385 1008 3422 tremenda
1032 3387 1137 3424 Sacra·

361 3437 469 3478 Christ.
479 3441 555 3479 Lupi
565 3443 663 3479 opera
670 3439 703 3469 Τ.
713 3439 771 3470 ΙΧ.

1123 216 1149 245 T

1220 216 1237 244 1
1306 215 1325 243 S

1433 203 1574 246 XLI.
1897 219 1987 265 323

1175 294 1284 320 menta
1295 286 1494 330 participasse
1505 311 1518 327 ,
1543 286 1664 323 docent
1677 289 1779 324 multa
1789 294 1936 337 exempla
1947 320 1954 327 .
1983 294 2053 330 Ad-

1175 337 1303 371 versum
1331 337 1408 370 illos
1434 338 1583 372 statuunt
1612 339 1812 382 Apostolicae
1846 344 2053 381 constitutio-

1177 398 1254 421 nes:
1280 390 1312 420 Si
1325 389 1435 430 aliquis
1459 399 1518 421 non
1544 388 1718 430 baptizatus
1737 388 1868 433 seipsum
1887 394 2052 437 celaverit,
2072 410 2133 442 Lib,
2161 424 2189 446 7·

1176 439 1210 471 δ’
1221 437 1351 477 mysteria
1357 443 1541 480 participet,
1559 441 1710 480 ‚iudicr'um
1727 448 1872 474 aternum
1893 445 2053 477 manduca·
2070 460 2132 490 cap„
2155 457 2207 488 ²66

1176 488 1239 528 bit,
1267 489 1347 531 quod
1354 489 1418 522 cum
1427 490 1545 522 alienus
1557 492 1578 523 ὰ
1596 490 1707 530 Christi
1723 491 1789 532 fide
1812 491 1901 534 esset,
1921 494 2054 534 quaefas

1177 547 1234 571 non
1256 547 1322 572 erat
1334 539 1379 572 ad
1393 536 1569 582 supplicium
1577 545 1806 583 participavit.
1830 543 1863 574 Si
1872 547 1942 583 quis
1953 552 2055 576 autem

1174 597 1227 629 per
1236 593 1439 633 ignorantiam
1447 611 1458 628 ‚
1483 589 1521 631 est
1532 591 1582 624 ille
1594 592 1712 633 quidem
1733 594 1791 625 citd
1803 593 1954 626 elementis
1966 591 2058 627 Chri-

1171 638 1279 678 stianae
1290 640 1443 684 reli'gIonIs
1467 640 1680 682 instituendus,
1707 653 1743 675 ac
1765 642 1995 684 baptizandus,
2019 654 2056 677 ne

1178 697 1470 732 exeatcontemptor.
1500 690 1604 737 Qod
1629 692 1733 735 ipsum
1748 691 1781 725 in
1801 693 1866 727 suis
1877 693 2059 728 Canonicis

1179 739 1249 773 Res
1247 741 1352 782 ponfis
1373 740 1486 775 statuit
1496 740 1702 776 Timotheus
1714 742 1902 779 patriarcha
1913 743 2057 779 Alexan-

1179 789 1312 823 drinus.

1229 840 1272 873 Et
1284 839 1361 874 hinc
1373 839 1578 877 Eusebianos
1588 866 1600 883 ‚
1626 842 1668 877 de
1678 845 1786 879 everso
1799 843 1908 880 Altari
1925 845 1960 880 dc
1970 845 2062 881 sacto

1179 888 1278 923 calice
1299 892 1401 925 fracto
1424 893 1632 933 accusantes,
1659 895 1694 928 ἀ
1716 906 1770 937 per
1790 894 2064 930 Catechumenu-

1181 941 1452 975 rumtestimonia
1483 942 1569 977 istud
1592 943 1769 986 probantes
1793 969 1804 985 ,
1842 945 1925 981 reste
1950 945 2067 979 revicit

1180 989 1314 1025 Sanctus
1325 990 1544 1034 Athanasius,
1571 992 1656 1035 ajens
1667 994 1840 1028 oblationem
1855 1001 1981 1038 proponi
2006 1005 2064 1028 non

1179 1042 1297 1084 potuiffe
1306 1041 1370 1074 cum
1379 1046 1462 1075 intus
1483 1042 1695 1077 Catechumem'
1716 1043 1932 1087 versarentur,
1959 1042 2066 1088 quibus

1182 1094 1264 1123 intus
1286 1090 1385 1124 adbuc
1398 1093 1556 1134 agentibus
1567 1101 1686 1135 tempus
1710 1093 1866 1128 oblationis
1878 1096 2003 1129 necdum
2014 1095 2066 1138 effe

1179 1145 1294 1182 potuit.
1324 1141 1701 1189 Qamexceptionetn,
1727 1154 1766 1178 ut
1781 1153 1928 1186 patenter
1950 1156 2071 1188 perem-

1185 1190 1324 1233 ptoriam
1338 1214 1350 1230 ‚
1376 1190 1489 1225 laudat
1503 1192 1608 1226 etiam
1629 1193 1764 1226 Sanetus
1784 1193 1888 1235 Julius
1908 1194 2068 1228 Pontifex

1186 1240 1220 1273 in
1242 1239 1359 1273 litteris
1379 1240 1420 1274 ad
1442 1241 1635 1276 Fastionem
1658 1241 1880 1278 Eusebianam
1902 1268 1910 1275 .
1945 1243 2071 1278 Conse-

1186 1288 1305 1324 cranda
1326 1291 1416 1324 enim
1438 1290 1527 1326 dona
1553 1301 1616 1325 nec
1636 1292 1774 1335 primam
1787 1308 1810 1333 ,·
1824 1293 1919 1337 aqua
1939 1292 2070 1338 proprie

1187 1340 1360 1374 exordium
1379 1341 1549 1381 sacrificii,
1576 1340 1612 1375 in
1633 1341 1782 1376 Prothesi
1805 1342 2072 1378 benedistionem

1188 1390 1355 1433 accipere,
1382 1391 1436 1424 seu
1457 1389 1628 1424 verbaliter
1649 1390 1756 1426 offerri
1781 1415 1793 1431 ‚
1818 1392 1924 1427 immo
1943 1404 2006 1428 nec
2026 1403 2071 1428 ex

1188 1438 1451 1482 Scevophylacio
1477 1441 1532 1474 seu
1554 1440 1703 1477 Sacristia
1728 1442 1862 1486 produci
1886 1452 2038 1487 poterant
2059 1465 2073 1483 ,

1190 1489 1248 1523 nisi
1272 1489 1343 1534 post
1363 1489 1481 1533 ejectos
1508 1488 1776 1527 catechumenos
1794 1515 1804 1531 ‚
1843 1493 2048 1528 Poeuitentes
2061 1517 2073 1533 ‚

1188 1540 1335 1584 aliosque
1358 1551 1495 1582 omnes,
1519 1539 1539 1574 a
1562 1540 1682 1585 quibus
1695 1541 1921 1583 Eucharistia,
1940 1554 1985 1579 ·ac
2002 1544 2074 1587 eius

1189 1589 1356 1625 tremenda
1376 1590 1580 1626 consecratio
1604 1591 1706 1626 videri
1727 1603 1797 1627 non
1820 1602 1972 1637 poterant
1985 1617 1992 1626 .
2020 1594 2076 1628 Ex

1189 1639 1305 1676 eodem
1327 1641 1492 1685 principio
1514 1641 1646 1677 Sanetus
1668 1641 1862 1678 Ambrosius
1884 1642 1996 1679 laudat
2010 1645 2077 1678 fra-

1191 1702 1272 1726 trem
1283 1692 1377 1726 suum
1388 1693 1541 1734 Satyrum
1551 1717 1564 1734 ,
1589 1694 1625 1728 in
1636 1692 1885 1729 Mediterraneo
1896 1695 1979 1729 mari
1999 1705 2079 1727 nau·

1190 1743 1319 1786 fragum
1343 1766 1355 1782 ,
1380 1742 1470 1785 quod
1490 1742 1582 1777 collo
1605 1744 1663 1777 suo
1688 1743 1723 1776 in
1748 1744 1868 1778 Oratio
1892 1745 2079 1788 suspensam

1191 1790 1431 1827 Eucharistiam
1454 1789 1723 1826 Catechumenus
1752 1793 1871 1826 intueri
1905 1805 1976 1827 non
1998 1803 2081 1836 prae-

1191 1840 1381 1884 sumpfiffet.
1408 1839 1514 1886 Qud
1525 1850 1598 1875 eam
1611 1839 1878 1877 Catechumenus
1894 1842 2084 1887 deportaret

1192 1891 1227 1924 in
1238 1891 1382 1930 itinere,
1407 1891 1472 1924 fuit
1484 1901 1534 1924 res
1544 1890 1796 1933 dispensatoria.
1823 1892 1959 1927 Interim
1982 1903 2084 1938 quam

1192 1939 1382 1984 deportabat
1403 1962 1415 1978 ‚
1441 1939 1562 1973 intueri
1586 1951 1654 1973 non
1678 1951 1825 1984 poterat.
1852 1942 1954 1976 Adeo
1976 1942 2085 1988 rigide

1192 1999 1272 2022 tunc
1291 1987 1532 2023 observabatur
1555 1988 1615 2023 ista
1631 1991 1811 2025 reverentia
1823 2017 1831 2024 .
1858 1992 1963 2027 Hunc
1979 1992 2083 2037 igitur

1192 2037 1368 2072 Canonem
1387 2037 1516 2080 sperni,
1542 2039 1722 2082 &quidem
1735 2042 1820 2076 intra
1837 2041 2016 2077 Ecclesiam
2043 2053 2084 2077 ac

1194 2087 1313 2131 inipso
1324 2087 1504 2130 sacrificio,
1531 2087 1772 2126 &Marcionitis
1791 2092 1968 2137 Septimius
1991 2091 2085 2137 iudi<¹

1192 2148 1331 2183 gnatus.

1245 2188 1393 2223 Eandem
1406 2187 1613 2232 disciplinam
1625 2190 1736 2227 laudat
1755 2193 1788 2228 in
1801 2195 1942 2238 quadarn
1965 2196 2082 2241 episto-

1194 2238 1223 2273 la
1234 2239 1381 2284 Magnus
1393 2238 1528 2274 Basilius
1541 2252 1549 2273 :
1577 2243 1736 2283 Meministi
1746 2245 2011 2286 Ecclefiasticarum
2018 2259 2083 2282 con·
2098 2250 2153 2289 Ep?
2165 2261 2233 2287 241.

1193 2294 1305 2322 cionum
1317 2314 1328 2330 ‚
1351 2289 1416 2322 ciem
1421 2294 1462 2331 Js's
1474 2294 1554 2323 inter
1559 2290 1666 2333 fideles
1675 2302 1734 2336 per
1745 2297 1803 2328 Dei
1817 2302 1956 2339 gruttam
1974 2309 2081 2332 nume-

1193 2347 1276 2373 ratus
1288 2364 1299 2379 ‚
1323 2340 1405 2381 quod
1416 2341 1557 2373 nimirum
1563 2349 1621 2382 pro
1629 2348 1671 2375 eis
1682 2346 1891 2379 intercedimus
1905 2349 1953 2380 ad
1961 2351 2080 2390 Deum,

1193 2394 1246 2430 qui
1262 2389 1389 2432 peregre
1407 2388 1481 2430 sunt
1503 2391 1671 2434 constituti,
1697 2400 1807 2438 quique
1826 2400 1905 2430 inter
1927 2400 2079 2432 militares

1194 2444 1291 2481 copias
1301 2437 1485 2481 recensentur
1495 2464 1507 2481 ,
1527 2450 1640 2485 proque
1651 2447 1693 2477 eis
1713 2451 1805 2478 etiam
1817 2452 1870 2488 qui
1890 2447 1982 2482 libere
1988 2449 2080 2491 profi-

1194 2498 1297 2522 tentur·
1308 2500 1413 2522 nomen
1426 2492 1570 2531 Domini,
1598 2494 1633 2526 (τ
1640 2501 1698 2535 pro
1706 2501 1748 2528 eis
1763 2497 1941 2538 quifruaeus
1953 2499 2080 2540 manife-

1189 2539 1231 2579 ste
1253 2537 1406 2578 ostendunt
1424 2537 1599 2581 spirituales
1613 2564 1621 2573 .
1650 2546 1710 2577 Pro
1726 2544 1774 2578 bis
1784 2547 1919 2581 omnibus
1934 2557 2036 2589 preces
2046 2554 2080 2583 in

1189 2588 1297 2632 sanila
1312 2591 1371 2622 Dei
1394 2588 1520 2631 Ecclesia
1534 2591 1698 2632 fundImus
1710 2619 1718 2627 .
1748 2596 1959 2634 Faciuutrista
1973 2598 2080 2634 Graeci

1193 2641 1277 2673 circa
1288 2639 1569 2675 consecrationem
1578 2667 1585 2674 .
1615 2641 1723 2678 Lucet
1732 2655 1771 2678 ex
1785 2646 1881 2690 ipsius
1894 2647 2004 2682 Basilii
2024 2650 2081 2682 Li-

1194 2689 1300 2734 turgia
1311 2714 1319 2721 .
1346 2689 1441 2724 Hinc
1450 2689 1505 2723 ille
1516 2690 1574 2725 ista
1585 2694 1700 2728 omnia
1712 2695 1795 2728 dicit
1810 2706 1888 2729 nota
1902 2696 2053 2731 fidelibus
2064 2711 2079 2731 .-

1193 2739 1298 2786 Qod
1322 2739 1438 2782 nempe
1457 2739 1697 2775 Catechumeni
1724 2743 1766 2776 ab
1788 2743 1853 2776 illis
1871 2754 2079 2788 arcerentur,

1193 2789 1339 2832 adeoque
1365 2789 1400 2823 &
1422 2789 1488 2832 ipsa
1512 2787 1641 2832 penitus
1661 2790 1852 2834 ignorarent
1868 2818 1876 2825 .
1903 2795 2078 2832 Consonat

1195 2840 1227 2873 in
1244 2839 1394 2873 oratione
1413 2838 1455 2872 ad
1468 2848 1524 2873 eos
1544 2839 1601 2883 qui
1621 2840 1784 2884 Baptisma
1804 2843 1982 2886 differunt,
2008 2858 2079 2892 ger-

1193 2900 1308 2923 manus
1329 2887 1438 2922 Basilii
1459 2889 1578 2929 frater,
1603 2889 1736 2925 Sanetus
1758 2891 1941 2938 Gregorius
1958 2895 2077 2939 Nyffe-

1195 2951 1255 2974 nus
1267 2937 1464 2983 Episcopus:
1492 2942 1541 2972 Me
1551 2945 1594 2972 tut
1601 2942 1696 2982 pudet
1708 2965 1719 2982 ‚
1744 2944 1826 2984 quod
1838 2945 1902 2977 cum
1921 2945 2077 2989 consenue-

1194 2997 1235 3024 ris
1252 3014 1263 3028 ,
1290 2988 1388 3022 adbuc
1413 2990 1545 3030 ejicieris
1564 3001 1630 3023 cum
1639 2990 1889 3035 catechumenis,
1915 3004 2076 3040 tamquam

1195 3039 1331 3081 insipiens
1338 3039 1458 3081 puellus
1472 3062 1483 3078 ‚
1509 3039 1544 3072 Θ
1561 3045 1612 3082 qui
1630 3045 1748 3074 Arcana
1769 3054 1827 3077 non
1845 3045 1938 3086 potest
1958 3049 2071 3089 celare,

1194 3092 1257 3124 cum
1268 3090 1425 3124 dicendum
1428 3087 1467 3130 fit
1477 3088 1636 3129 mysterium
1644 3114 1652 3122 .
1680 3092 1726 3124 Et
1736 3093 1776 3127 ad
1786 3094 2000 3131 Honoratum
2012 3099 2076 3132 Ca-

1195 3135 1428 3175 techumenum
1452 3138 1569 3182 scripsit
1591 3140 1725 3176 Sanctus
1744 3141 1971 3189 Augustinus:
1998 3152 2077 3182 Gra-

1196 3197 1258 3223 tias
1281 3196 1395 3233 agimus
1418 3188 1551 3221 Domino
1564 3193 1626 3224 Deo
1637 3190 1729 3231 nostro
1740 3217 1752 3233 ‚
1775 3195 1857 3235 quod
1876 3194 1914 3236 est
1935 3209 2078 3241 magnum

1195 3243 1215 3274 5
1216 3248 1418 3273 atramentum
1431 3244 1463 3271 in
1475 3240 1620 3282 Sacrificio
1629 3248 1701 3275 novi
1712 3242 1906 3286 Testamenti,
1933 3247 2078 3291 quodubi,

1196 3292 1230 3324 (ς
1240 3291 1358 3332 quando
1367 3312 1378 3328 ‚
1403 3291 1437 3323 ὠ*
1449 3291 1587 3331 quomodo
1597 3290 1735 3331 offeratur
1744 3316 1756 3333 ,
1782 3294 1847 3327 cum
1852 3293 1954 3335 fueris
1970 3297 2078 3340 bapti-

1197 3350 1304 3383 zatus,
1331 3345 1484 3373 invenies.
1512 3338 1643 3375 Laudat
1656 3341 1737 3376 sacri
1757 3342 1904 3379 Canonis
1921 3347 2078 3390 praefatio-

1199 3402 1274 3425 nem
1286 3415 1299 3433 ‚
1323 3390 1359 3425 δι
1368 3389 1505 3427 affirmat
1516 3390 1620 3435 ipsum
1632 3391 1890 3430 Catechumenis
1898 3397 1961 3432 esse
1980 3399 2080 3440 peniz

1631 3441 1706 3478 Ee
1757 3455 1779 3481 2.
1976 3446 2029 3481 tus

2077 723 2151 762 Cap-¹
2170 732 2196 752 1.
