2346 3724
770 141 1185 187 Cnprr

281 225 509 272 Pelagianam.
540 225 633 261 Hinc
645 226 839 270 pratdicandi
850 228 970 263 munus
990 226 1036 262 est
1048 226 1163 262 merito

284 276 492 313 interdictum
511 276 716 312 mulieribus.

518 427 697 497 Exorcg'f
683 449 758 478 mos
796 433 924 498 agere-4

335 578 437 626 Quod
449 579 547 615 etiam
561 579 658 624 Judaei
670 591 709 614 ex
722 581 782 614 suae
793 579 899 623 gentis
914 590 1003 613 more
1028 577 1162 612 Exorci-

282 627 346 663 ssas
366 628 564 670 habuerint,
589 632 623 666 &
645 629 680 663 hi
694 642 748 673 per
760 630 877 664 Divini
900 630 1047 664 nominis
1061 629 1161 662 invo-

125 683 200 721 cap.
218 694 264 714 12··
283 680 451 714 tationem
473 680 628 723 ejecerint
649 679 853 719 Doemonia,
880 681 1016 714 affirmat
1039 680 1073 712 in
1087 679 1163 712 San-

283 727 483 764 ffiMatthaei
504 730 747 765 commentariis
774 730 893 764 Beatus
917 731 1162 770 Hieronymus.

282 777 515 814 invocationes
541 779 615 814 istas
650 781 704 814 seu
738 779 979 822 adjurationum
1009 779 1164 813 formulas

282 830 377 862 fuiffe
388 830 406 863 a
416 830 591 864 Salomone
603 830 696 875 Rege
707 831 902 872 compositas
915 829 1020 863 asserit
1035 830 1069 862 in
1081 828 1164 861 libro

119 877 198 917 'C²P·
217 886 262 914 34·
282 878 324 912 de
339 878 470 913 Divinis
478 879 607 914 Officiis
631 879 793 913 Alcuinus
805 880 940 913 Flaccus
952 903 959 910 .
993 875 1164 924 Quidquid

284 927 324 962 de
347 928 429 968 illo,
456 928 497 963 de
518 928 585 962 istis
609 928 788 962 Exorcistis
809 928 917 963 scribit
941 929 976 961 in
992 926 1165 970 Apostolo-

281 988 354 1012 rum
366 977 458 1012 Astis
468 980 602 1014 Sanstus
613 978 739 1013 Lucas:
767 975 972 1010 Tentaveriant
994 978 1116 1019 quidam
1128 978 1166 1010 de

280 1029 525 1062 circumeuntibus
530 1032 563 1072 J
566 1030 661 1062 udaeis
673 1027 837 1067 Exercistts
848 1032 986 1059 invocare
993 1025 1081 1068 super
1093 1038 1139 1060 eos
1154 1050 1164 1066 ,

280 1083 334 1119 'qul
343 1077 493 1110 habebant
495 1076 625 1118 spiritus·
634 1078 727 1109 malos
739 1099 750 1115 ‚
777 1087 882 1109 nomen
895 1078 1016 1109 Domini
1028 1076 1140 1120 JESU
1153 1100 1163 1116 ‚

277 1126 431 1166 dicentes,
459 1126 572 1166 Adjuro
583 1137 639 1159 vos
658 1133 715 1167 per
730 1125 892 1168 JESUM
907 1150 919 1166 ‚
944 1137 1028 1168 quem
1051 1127 1163 1159 Paulus

275 1176 426 1218 pradicat
444 1199 457 1210 ,.
496 1179 601 1208 Erant
624 1183 721 1208 autem
751 1173 904 1219 cujusdam
930 1178 1031 1209 Scevae
1049 1178 1165 1221 Judaet

280 1227 433 1266 Principis
447 1226 632 1258 Sacerdotum
638 1223 752 1267 septem
759 1225 817 1267 filit·
829 1250 840 1266 ,
865 1231 916 1268 qut
931 1225 980 1258 boc
986 1226 1142 1267 faciebant
1151 1250 1158 1257 .

279 1273 473 1316 Respondent
494 1283 597 1308 autem
620 1277 748 1316 spiritus
770 1286 898 1317 nequam
909 1277 995 1309 dixit
1018 1281 1083 1310 eis.-
1109 1274 1165 1318 JE-

278 1324 387 1359 SUM
400 1328 471 1358 novi
481 1349 492 1365 ‚
520 1328 553 1359 (5
566 1327 692 1359 Paulum
714 1323 791 1368 scio,
818 1336 874 1359 vos
896 1334 995 1359 autem
1011 1331 1062 1367 qut
1073 1325 1166 1366 estis?

279 1377 327 1407 Et
336 1372 462 1414 insiliens
477 1373 559 1407 homo
568 1381 600 1408 in
611 1387 659 1409 eos
673 1399 685 1416 ,
710 1380 742 1408 in
755 1387 811 1417 quo
823 1384 888 1409 erat
899 1380 1083 1409 Doemonium
1102 1373 1166 1418 pes-

272 1421 378 1463 fmum
399 1447 411 1464 ,
436 1424 470 1457 δ’
489 1425 661 1459 dominatus
692 1425 844 1458 amborum
866 1450 877 1466 ,
914 1427 1043 1459 invaluit
1065 1435 1167 1459 contra

278 1483 349 1514 eos,
372 1479 420 1506 ita
440 1482 474 1506 ut
491 1475 601 1514 nudi,
614 1476 648 1508 ό·
672 1476 830 1508 vulnerati
852 1475 1010 1518 effugerent
1036 1476 1167 1509 dedomo

278 1523 335 1556 illa
357 1547 369 1555 .
402 1523 450 1557 Ita
473 1524 649 1566 quemdam
670 1525 829 1559 famulum
856 1525 1167 1569 Heliopolitanum‚

220 1608 222 1610 v
277 1571 361 1608 dum
373 1572 573 1611 Exorcistam
583 1573 792 1608 Monachum
803 1574 914 1616 jocose
927 1575 1054 1609 simulat
1066 1599 1077 1615 ,
1089 1586 1163 1609 cum

278 1621 678 1658 similiterDoemoniacos
689 1624 877 1658 ludentibus
890 1626 1003 1668 puellis
1017 1624 1107 1659 fuiffe
1122 1625 1168 1658 in·

139 1683 218 1722 029,
234 1692 261 1719 9,
280 1671 393 1707 vasum
411 1672 441 1706 a*
454 1672 566 1708 vicino
589 1675 757 1708 Doemone
772 1698 782 1713 ,
808 1685 914 1708 narrat
927 1675 961 1708 in
977 1674 1164 1708 Monastica

280 1718 417 1755 historia
446 1721 682 1758 Theodorerus
705 1748 713 1756 .
750 1724 805 1757 De
827 1725 1011 1768 Judaeorum
1036 1725 1168 1758 interim

278 1771 470 1818 exorcismis
491 1780 563 1807 rem
587 1773 811 1808 admirabilem
835 1776 928 1808 refert
953 1775 1086 1808 Sanctus
1109 1775 1167 1807 lre·

161 1836 261 1867 [¹122.
279 1830 387 1855 naeus:
416 1824 527 1854 Dtvtnt
539 1829 663 1856 nominis
676 1829 890 1856 invocationem
907 1825 1007 1856 tremit
1028 1821 1168 1864 universa

159 1885 260 1915 cap.5.
276 1879 437 1910 creatura»,
462 1871 498 1904 ὦ*
518 1873 734 1911 Principatus,
761 1873 796 1904 ό·
823 1874 961 1904 Potentia
978 1896 989 1912 ‚
1016 1874 1050 1905 δ’
1073 1878 1167 1904 omnls

271 1919 408 1964 fithelIa
427 1923 525 1953 virtus
539 1945 547 1952 .
575 1923 621 1952 Et
640 1927 764 1961 propter
782 1919 833 1952 boc
842 1922 956 1964 Judaet
979 1920 1068 1964 usque
1091 1932 1167 1954 nunc

275 1970 334 2004 bac
350 1967 416 2012 ipsa
438 1970 631 2001 advocatione
685 1972 843 2000 Doemonas
866 1969 999 2010 effugant
1013 1993 1023 2008 ,
1048 1972 1166 2009 quando

275 2024 375 2052 omma
398 2022 526 2050 timeant
546 2021 759 2049 invocationem
782 2018 842 2057 ejus
854 2041 865 2056 ,
890 2024 939 2057 qui
951 2016 1028 2058 fec1t
1039 2024 1138 2051 omnla
1150 2032 1171 2051 .“

276 2066 452 2101 Consonat
474 2065 508 2099 in
530 2065 679 2110 Dialogo
713 2066 864 2100 adversus
889 2066 1110 2110 Tryphonem
1134 2068 1167 2102 in

277 2116 448 2161 Iudaismo
476 2116 674 2159 pertinacem
699 2117 833 2149 Sanctus
858 2117 988 2159 Martyr
1001 2118 1167 2160 justinus:

275 2169 309 2200 55
320 2170 475 2199 Doemonla
487 2166 635 2205 adjurem
647 2191 658 2206 ‚
680 2173 736 2207 per
747 2172 846 2199 omnia
856 2173 975 2199 nomina
998 2167 1159 2206 vestrorum

276 2220 412 2260 Regum,
441 2215 676 2256 Prophetarum,
704 2215 951 2249 Patriarcbarum
964 2241 974 2257 ,
1001 2227 1090 2258 atque
1102 2221 1133 2262 J
1137 2229 1166 2250 u-

269 2265 380 2306 flarum
392 2289 403 2305 ‚
435 2265 548 2299 nullum
569 2277 626 2299 non
647 2271 705 2298 erit
714 2277 892 2299 contumax.
922 2271 959 2300 At
983 2265 1013 2308 fi
1031 2272 1098 2309 quis
1118 2278 1166 2300 ve·

268 2315 366 2355 strum
386 2317 509 2357 adjuret
532 2326 567 2349 ea
585 2325 639 2358 per
662 2318 755 2348 Deum
779 2315 930 2348 Abraham
962 2340 973 2356 ,
998 2316 1105 2359 Isaac,
1131 2319 1165 2351 et

270 2365 393 2409 Jacob,
411 2364 536 2407 fortaffe
555 2363 766 2408 obsequentur.
794 2369 922 2399 Utuntur
946 2376 1046 2399 tamen
1076 2367 1166 2406 vestri

275 2414 439 2455 Error-cistae
448 2424 514 2461 arte
525 2414 603 2454 bac,
622 2413 695 2456 ficut
723 2417 756 2450 (9
761 2425 868 2459 gentes
882 2440 893 2454 ,
918 2416 1088 2449 adhibendo
1095 2413 1161 2458 suf-

272 2465 347 2508 fitur
374 2467 408 2498 &¹
429 2465 621 2509 alligamenta
644 2489 651 2496 .
681 2464 808 2499 Diserte
834 2466 973 2500 affirmat
997 2466 1015 2500 ὸ,
1034 2466 1163 2510 perfidis

275 2515 374 2549 etiam
386 2513 501 2558 Judaeis
512 2515 595 2549 olim
607 2515 699 2549 fuiffe
710 2515 803 2557 ejecta
819 2515 998 2550 Doemonia
1012 2540 1022 2556 ,
1052 2517 1084 2549 ἀ
1096 2527 1163 2560 gra-

273 2565 357 2598 tiam
375 2565 522 2603 durasse,
548 2565 738 2608 usquedum
750 2565 799 2598 illi
814 2565 934 2599 avitam
947 2566 1099 2608 pietatem
1110 2567 1164 2600 ad-

276 2613 366 2656 jectis
378 2613 586 2658 paganorum
597 2614 815 2650 idololatricis
829 2616 944 2649 ritibus
959 2617 1162 2651 macularint.

123 997 200 1034 Cap.
220 1006 267 1032 ¹9·

276 2664 501 2697 Deficientem
524 2665 660 2708 gratiam
682 2666 722 2699 fic
744 2664 893 2707 adjuvare
917 2668 1106 2709 sperarunt,
1132 2676 1163 2701 at

273 2723 384 2747 *totam
398 2712 604 2756 perdiderunt
616 2739 624 2747 .
653 2715 694 2747 Et
706 2716 858 2757 §asturam
871 2715 957 2749 hanc
971 2718 1028 2750 suo
1041 2725 1163 2761 tempo-

274 2775 312 2798 xe
331 2763 423 2797 fuisse
444 2774 606 2798 recentem
636 2786 649 2803 2
675 2764 805 2799 abunde
831 2765 972 2807 Iustinus
998 2765 1162 2801 insinuat.

272 2813 446 2847 'Divinum
459 2825 578 2848 nomen
591 2838 601 2855 ,
628 2814 772 2848 adinstar
784 2814 967 2849 nostrorum
980 2817 1161 2851 Sacramen-

277 2871 388 2900 torum
407 2888 418 2904 ‚
445 2865 567 2906 operati
594 2865 700 2908 operis
728 2865 882 2899 virtutem
915 2865 1161 2908 quodammodo

229 2934 232 2937 ·
276 2911 396 2947 habet:
425 2914 517 2948 Hinc
539 2915 639 2948 etiam
660 2914 702 2948 ab
726 2914 1034 2958 impiisinvocatum
1051 2940 1062 2956 ,
1087 2917 1160 2951 licet

278 2973 348 2996 non
369 2963 448 2997 stata
471 2965 542 3008 lege
558 2989 570 3004 ,
596 2964 792 3007 quandoque
817 2974 928 2999 tamen
952 2964 1162 3001 admirandos

279 3023 432 3056 operatur
442 3009 584 3047 effessus.
615 3015 906 3057 Omnipotentiam
923 3016 1012 3050 suam
1039 3028 1076 3049 ac
1101 3016 1162 3051 bo·-

280 3064 418 3098 nitatem
438 3063 526 3107 apud
546 3075 648 3099 omne
669 3063 843 3099 hominum
856 3076 960 3111 genus
978 3066 1160 3101 manifestat

276 3123 319 3147 ac
337 3114 477 3148 effundit
489 3136 497 3146 .

333 3163 388 3197 De
399 3162 592 3199 Christianis
607 3163 787 3199 Exorcistis
799 3164 920 3200 habent
934 3166 1079 3200 Romani
1091 3167 1163 3202 Cle-

147 3218 210 3251 nb.
238 3221 264 3248 8.
283 3215 401 3247 mentis
414 3214 611 3257 Apostolicae
622 3213 906 3250 Constitutiones:
931 3217 1085 3258 Exorcista
1105 3230 1163 3251 non

148 3268 212 3299 cap·
223 3263 265 3288 ²6·
281 3261 320 3303 fit
330 3265 512 3298 ordinatione
521 3290 529 3297 .
558 3271 680 3300 certare
691 3271 771 3299 enin·
777 3274 833 3307 pro
842 3272 966 3308 praemt'o
978 3270 1007 3298 E
1010 3268 1140 3308 xorcistae
1152 3293 1163 3308 ‚

1253 156 1271 186 1
1340 157 1359 186 s
1479 143 1619 188 XLI.
1943 161 2037 207 347

1224 228 1388 260 adventum
1401 227 1529 267 spiritus
1543 225 1663 258 sam'i‘t.
1691 227 1864 264 Exorcistae
1888 241 2007 264 munus
2031 231 2102 264 vult

1224 278 1311 317 effe,
1334 287 1402 309 non
1430 275 1691 309 Ecclefiasticum
1715 278 1896 320 Ordinem,
1923 279 1975 314 sed
2001 281 2101 325 gratis

1224 327 1332 361 datam
1346 325 1484 370 gratiam
1497 350 1507 365 ‚
1533 325 1639 368 qualis
1653 325 1699 359 est
1718 327 1821 369 gratia
1844 330 2017 364 sanitatum
2044 339 2102 365 aut

1226 377 1365 412 aliorum
1377 376 1627 410 miraculorum.
1656 375 1828 409 Consonat
1841 376 1876 410 in
1886 377 2029 413 homiliis
2051 381 2104 415 su-

1226 437 1278 471 per
1299 426 1434 470 primam
1445 424 1485 459 ad
1497 424 1693 460 Corinthios
1713 424 1884 468 epistolam
1906 428 2034 462 Sanstus
2047 431 2102 473 [m

1224 488 1322 511 annes
1343 476 1618 520 Chrysostomus.
1646 475 1813 510 Consueta
1833 474 1922 509 enim
1935 478 1968 509 in
1980 478 2104 520 Baptis-

1225 538 1280 561 mo
1296 527 1412 561 donari
1433 523 1636 560 charismata
1647 524 1759 559 laudat
1772 549 1783 566 ‚
1807 535 1906 568 atque
1927 526 2076 571 adjungit
2090 539 2102 560 .-

1225 581 1375 622 ,Quoniam
1398 576 1518 618 Apostoli
1541 575 1591 609 boc
1601 586 1709 618 quoque
1716 580 1849 617 primum
1864 574 1979 619 signum
1991 584 2103 618 accepe·
2120 569 2207 600 H⁰m¹
2232 578 2279 604 29·

1225 637 1295 661 rant
1307 652 1318 668 ‚
1342 627 1440 669 fideles
1452 627 1556 668 quique
1570 625 1620 658 hoc
1632 625 1814 667 accipiebant
1825 649 1836 665 ‚
1863 627 1966 667 nempe
1989 628 2104 668 lingua-

1225 689 1291 710 rum
1320 702 1327 710 .
1355 680 1402 709 Et
1421 688 1478 709 non
1499 677 1550 710 hoc
1569 674 1660 718 [olum
1679 699 1692 715 ,
1712 673 1771 717 sed
1789 680 1878 713 etiam
1901 676 1996 708 multa
2019 678 2082 709 alta
2095 699 2104 708 .

1227 733 1314 760 Nam
1339 729 1507 760 &mortuos
1519 727 1604 759 multi
1614 725 1809 766 excitabant,
1837 727 1871 759 δ’
1884 728 2035 758 Doemones
2053 737 2104 759 ex·

1223 777 1392 819 pellebant,
1417 778 1450 811 (5
1467 778 1556 817 plura
1582 774 1807 816 aliafaciebant
1827 776 1988 809 miracula.
2016 778 2104 818 ,Quin

1226 834 1315 860 etiam
1325 829 1418 861 multa
1428 828 1489 860 alsa
1500 825 1651 859 habebant
1666 823 1856 868 charismata
1870 835 1890 858 ι·
1905 826 1963 858 alu
1986 831 2105 867 paucio-

1226 890 1262 911 ra
1274 902 1284 918 ,
1308 879 1360 910 alti
1368 879 1457 919 plura
1469 901 1476 909 .
1502 875 1630 911 Lucide
1641 873 1720 909 dicit
1733 888 1800 910 non
1813 876 1846 910 in
1863 875 2084 910 ordinatione
2093 898 2108 915 ,

1227 927 1278 962 sed
1292 927 1420 968 statim,
1448 927 1524 961 licet
1546 937 1614 960 non
1637 925 1779 966 cunetis,
1808 926 1841 959 in
1868 925 2035 969 Baptismo
2048 925 2109 959 do·

1229 988 1334 1011 natam
1347 977 1495 1011 virtutem
1508 975 1613 1017 hanc,
1639 975 1784 1019 adeoque
1796 975 1896 1019 ipsam
1921 987 1989 1009 non
2002 973 2105 1010 Cleri-

1226 1027 1326 1061 calem
1347 1026 1440 1061 fuisse
1451 1025 1585 1072 gradum
1599 1050 1609 1065 ‚
1637 1024 1689 1060 sed
1712 1026 1849 1070 gratiam
1861 1026 1961 1070 gratis
1971 1025 2079 1059 datam
2096 1049 2107 1057 .

1226 1078 1325 1124 Qod
1339 1078 1443 1119 ipsum
1457 1076 1735 1110 manifestetradit
1756 1076 1791 1109 in
1810 1075 1897 1109 libro
1915 1075 2111 1119 Apologeti·

1226 1139 1266 1160 co
1281 1127 1387 1160 noster
1400 1127 1546 1160 DotSior:
1573 1127 1697 1158 Edatur
1707 1124 1753 1158 bic
1763 1126 1873 1167 aliquis
1885 1123 1941 1167 sub
1959 1125 2111 1158 Tribuna-

1226 1175 1299 1209 lt'bus
1321 1175 1424 1215 vestris
1439 1199 1450 1215 ,
1475 1187 1561 1217 quem
1582 1179 1720 1207 Doemone
1740 1180 1790 1217 agi
1812 1175 1917 1214 ‹onstet
1935 1199 1945 1213 ,
1967 1176 2060 1216 jussus
2080 1175 2102 1205 ἆ

1226 1226 1349 1269 quolibet
1361 1224 1529 1263 Christiano
1538 1226 1756 1268 loquibspirt'tus
1770 1224 1817 1255 ille
1831 1248 1841 1263 ‚
1869 1232 1932 1255 tam
1940 1222 1973 1265 se
1996 1227 2109 1255 Doemo-

1228 1288 1293 1310 nem
1304 1275 1483 1317 confitebitur
1493 1275 1530 1308 de
1543 1285 1614 1307 vero
1624 1297 1636 1314 ‚
1661 1275 1752 1316 quam
1761 1274 1834 1305 alibi
1848 1275 1942 1305 Deum
1966 1274 2003 1306 de
2007 1271 2090 1315 falso
2100 1298 2110 1306 .

1230 1326 1396 1369 Ejusmodi
1411 1327 1615 1359 Doemonum
1630 1323 1851 1365 adjurationes
1875 1334 1972 1365 atque
1982 1323 2111 1365 ejectio-

1228 1387 1284 1410 nes
1295 1375 1431 1409 affirmat
1443 1376 1505 1408 effe
1519 1372 1728 1417 quotidianas
1739 1397 1750 1411 ‚
1778 1371 1818 1405 eo
1834 1372 1922 1414 quod
1942 1373 2052 1405 omnis
2073 1372 2112 1405 il-

1229 1427 1258 1459 la
1271 1424 1413 1467 mendax
1439 1425 1473 1458 δε
1495 1424 1566 1457 ficia
1590 1423 1798 1467 paganorum
1825 1421 1992 1455 Divinitas
2014 1421 2111 1456 subsit

1230 1487 1296 1509 non
1309 1474 1540 1509 tantummodo
1556 1473 1670 1506 nostris
1695 1472 1851 1510 Clericis‚
1878 1471 1930 1505 sed
1953 1470 2113 1512 quibusli-

1230 1526 1281 1559 bet
1293 1524 1487 1560 Christianis
1499 1548 1506 1555 .
1534 1522 1622 1556 Istud
1635 1523 1738 1565 ipsum
1750 1522 1886 1555 affirmat
1904 1520 1939 1555 in
1962 1521 2045 1556 libro
2067 1518 2112 1555 ad

1229 1575 1398 1618 Scapulam
1411 1573 1529 1607 Africae
1542 1572 1774 1607 proconsulem
1787 1594 1798 1611 ‚
1823 1582 1860 1605 ac
1875 1571 2034 1613 exemplis
2057 1569 2112 1604 de·
2162 1594 2164 1597 -

1230 1625 1387 1659 monstrat
1411 1637 1422 1657 .·
1461 1626 1582 1666 ,Quanti
1605 1621 1713 1662 honesti
1744 1627 1807 1655 viri
1829 1645 1841 1661 ‚
1877 1622 1915 1655 de
1936 1621 2110 1664 vulgaribus
2128 1634 2247 1670 αφά.

1229 1681 1307 1708 enim
1319 1686 1376 1708 non
1388 1674 1510 1706 dict'mus
1523 1696 1532 1711 ,
1558 1680 1609 1705 aut
1633 1674 1654 1704 ἃ
1669 1676 1827 1704 Doemonz'ts
1853 1680 1909 1704 aut
1933 1672 2114 1704 valetudini·
2128 1674 2160 1704 &
2182 1682 2211 1707 4.
2226 1695 2249 1717 δ

1230 1726 1283 1757 bus
1295 1725 1453 1758 remediat}
1463 1721 1548 1765 sunt.
1578 1721 1644 1765 Ipse
1664 1728 1743 1755 enlm
1765 1724 1892 1756 Severus
1914 1721 2113 1764 Imperator,

1231 1779 1325 1808 Pater
1346 1774 1514 1818 regnantis
1537 1783 1617 1805 tunc
1639 1776 1786 1804 Antonini
1807 1770 2003 1809 Caracallae‚
2029 1768 2117 1802 chri-

1223 1824 1384 1864 stianorum
1408 1833 1517 1854 memor
1531 1820 1616 1861 fuit.
1643 1824 1729 1852 Nam
1755 1821 1952 1853 &Proculum
1973 1818 2115 1860 Christia-

1231 1885 1302 1906 num
1324 1897 1335 1913 ‚
1374 1876 1427 1914 qut
1461 1874 1621 1911 Torpacion
1655 1869 1913 1911 cognominabatur
1931 1894 1942 1909 ,
1981 1871 2114 1903 Evodiae

1231 1926 1471 1961 Procuratorem,
1502 1924 1551 1961 qui
1560 1930 1626 1952 eum
1634 1927 1689 1960 per
1699 1920 1790 1951 oleum
1807 1919 1969 1959 aliquando
1989 1930 2115 1953 curave-

1231 1980 1280 2004 rat
1295 1994 1306 2009 ‚
1333 1967 1485 2011 requisivit
1499 1992 1510 2007 ,
1537 1970 1571 2002 (τ
1591 1973 1624 2000 in
1638 1969 1754 2000 Palatio
1760 1965 1815 2010 suo
1835 1967 1939 2000 babuit
1959 1966 2046 2010 usque
2069 1971 2116 2002 ad

1233 2022 1296 2057 eius
1318 2026 1457 2051 mortem.
1486 2017 1644 2051 Proculus
1671 2017 1726 2051 ille
1747 2027 1816 2051 erat
1837 2018 1978 2052 omnino
1993 2019 2115 2053 laicus.

1234 2069 1365 2103 Etenim
1390 2068 1558 2102 Clericum
1578 2067 1640 2101 effe
1663 2067 1753 2101 laicae
1766 2067 1909 2101 mulieris
1924 2068 2115 2103 Procurato-

1231 2130 1298 2153 rem
1318 2143 1329 2159 ‚
1356 2118 1448 2153 nullo
1476 2117 1578 2151 modo
1605 2116 1809 2160 permittebat
1832 2118 2001 2161 disciplina
2024 2118 2116 2152 istius

1229 2169 1384 2212 temporis
1396 2193 1403 2200 .
1434 2167 1475 2201 Et
1500 2168 1534 2201 in
1548 2167 1633 2201 libro
1646 2167 1686 2201 de
1699 2168 1835 2201 Corona
1860 2168 1974 2202 militis
1986 2169 2114 2203 Dofior

1230 2219 1368 2254 affirmat
1381 2216 1604 2252 Christianum
1619 2229 1687 2251 non
1704 2218 1791 2260 poffe
1812 2218 1878 2251 fieri
1894 2219 2031 2253 militem
2042 2244 2053 2259 ‚
2078 2219 2115 2252 ὅ(

1228 2269 1376 2313 adjungit
1395 2269 1545 2301 causam:
1572 2267 1745 2300 Excubabn
1763 2276 1819 2309 pro
1840 2269 1958 2309 templis
1971 2293 1982 2307 ,
2009 2268 2115 2311 quibus
2131 2285 2204 2324 Cap·
2224 2295 2271 2317 Π,

1227 2319 1440 2353 renunciavit?
1467 2321 1513 2350 Et
1526 2328 1595 2359 quos
1610 2319 1742 2350 interdiu
1761 2317 1946 2360 Exorcismir
1961 2317 2112 2362 fugavit,

1228 2369 1358 2402 nollibus
1369 2366 1538 2410 defensabtt
1552 2368 1570 2395 ἒ
1598 2368 1814 2411 Nequaquam
1837 2369 1878 2401 ad
1903 2369 1989 2402 solos
2009 2368 2114 2403 Cleri-

1227 2430 1283 2452 cos
1295 2443 1305 2459 ,
1335 2418 1387 2452 sed
1400 2415 1568 2451 manifeste
1591 2418 1809 2451 concionatur
1831 2418 1873 2451 ad
1889 2429 2003 2452 omnes
2017 2419 2114 2453 Chri-

1228 2469 1366 2502 stianos.
1395 2467 1536 2502 Eosdem
1552 2467 1728 2510 alloquitur
1751 2468 1785 2501 in
1808 2467 1895 2502 libro
1911 2468 1952 2502 ad
1975 2468 2111 2504 Castita-

1225 2529 1292 2552 tem
1304 2516 1531 2552 exhortatorio
1545 2531 1555 2550 .·
1581 2519 1612 2550 si
1626 2520 1795 2551 Doemonem
1816 2520 1944 2560 adjurat
1956 2542 1966 2558 ,
1991 2519 2111 2560 confidit

1221 2568 1294 2608 fibt.
1323 2568 1420 2601 Plura
1440 2566 1538 2601 habet
1561 2566 1746 2601 istiusmodi
1774 2567 1864 2602 loca.
1891 2569 1988 2615 Qin
2011 2569 2112 2613 igitur

1223 2618 1334 2657 omnis
1345 2627 1425 2651 tunc
1438 2616 1646 2651 Christianus
1664 2617 1862 2652 exorcismos
1885 2628 2016 2663 ageret,
2040 2630 2111 2654 non

1221 2670 1267 2703 est
1281 2667 1502 2701 dubitandum
1515 2692 1524 2701 .

1271 2718 1414 2753 Duravit
1429 2717 1495 2751 haec
1507 2718 1612 2750 forma
1627 2719 1725 2759 usque
1746 2718 1786 2750 ad
1799 2717 1971 2759 synodum
1987 2718 2108 2752 Laodi·

1222 2769 1352 2803 censem
1367 2780 1374 2799 z
1401 2768 1497 2809 ‚Quod
1506 2765 1538 2797 ht
1551 2789 1561 2804 ,
1589 2771 1642 2807 qui
1652 2765 1788 2807 non-sunt
1812 2766 1851 2798 ab
1868 2766 2019 2809 Episcop1's
2030 2770 2107 2801 ordi·
2124 2782 2195 2811 Can,
2214 2787 2263 2813 26,

1223 2820 1341 2856 dinati,
1368 2825 1432 2848 tam
1454 2821 1486 2848 tn
1498 2814 1630 2855 Ecclesr‘ts
1654 2817 1744 2856 quam
1756 2821 1790 2847 in
1805 2817 1939 2850 domibus
1952 2825 2106 2852 exorciza·-

1222 2879 1253 2902 re
1274 2878 1330 2905 non
1349 2867 1452 2908 poffint
1478 2890 1486 2897 .
1514 2865 1662 2907 Exponit
1685 2865 1886 2900 Theodorus
1911 2867 2104 2902 Balsamon:

1224 2919 1362 2961 ,Quidam
1383 2915 1628 2959 aggrediebantur
1642 2917 1789 2956 adjurare
1800 2940 1813 2955 ,
1839 2916 1889 2949 boc
1899 2917 1936 2956 est
1951 2942 1961 2958 ‚
1986 2918 2106 2951 catechi-

1223 2979 1294 3001 zare
1315 2966 1450 3007 Infideles
1470 2989 1480 3005 ,
1507 2971 1559 3007 qui
1581 2964 1631 2997 hoc
1649 2973 1706 3006 per
1733 2964 1940 3008 Epifhopalem
1963 2980 2105 3002 manuum

1224 3017 1428 3060 impofitionem
1441 3027 1497 3048 non
1517 3023 1686 3056 acceperant
1699 3041 1708 3055 ,
1735 3018 1768 3050 Θ
1779 3018 1853 3049 cum·
1867 3016 2077 3059 accusarentur
2089 3043 2107 3059 ‚A

1222 3067 1438 3102 contendebant
1453 3064 1485 3108 se
1508 3065 1557 3098 boc
1577 3070 1609 3098 in
1624 3063 1748 3106 Ecclesia
1771 3077 1828 3099 non
1845 3066 1948 3108 fecisse
1962 3091 1972 3106 ,
1994 3066 2050 3109 sed
2069 3074 2104 3100 tn

1223 3120 1355 3161 quadam
1369 3118 1450 3149 domo
1461 3140 1471 3155 ,
1498 3117 1532 3149 (5
1544 3117 1610 3148 ideo
1617 3114 1648 3158 se
1661 3122 1694 3148 in
1705 3117 1817 3149 nullum
1839 3117 1976 3150 dellllum
1986 3116 2104 3160 incldtfi

1218 3168 1268 3212 se,
1295 3171 1328 3202 eb·
1342 3168 1418 3201 nulli
1425 3175 1521 3208 poenae
1538 3166 1674 3198 obnoxios
1697 3165 1886 3209 conservari,
1911 3178 2028 3209 aequum
2038 3178 2105 3200 cen-

1217 3218 1346 3264 sebant.
1374 3220 1485 3248 Dicunt
1508 3218 1574 3258 ergo
1599 3218 1728 3257 Patres,
1753 3219 1832 3258 quod
1848 3223 1941 3250 etiam
1962 3218 2103 3258 adiurare

1222 3269 1260 3310 est
1271 3266 1493 3308 Ecclefiasticum
1508 3265 1702 3304 Mint'sterium
1714 3289 1723 3304 ,
1750 3276 1801 3299 nec
1810 3275 1921 3308 qoortet
1933 3273 2102 3310 quempiam

284 3310 385 3347 libera
396 3315 563 3347 voluntatis
575 3314 613 3354 est
625 3339 636 3355 ‚
661 3326 696 3348 ac
706 3313 880 3359 Deigrm'ae
888 3325 944 3360 per
955 3316 1104 3361 christum
1129 3320 1163 3352 6·
1224 3319 1421 3362 boc-aggredi,
1453 3313 1509 3357 nist
1523 3315 1564 3349 ab
1585 3315 1727 3358 Episcopo
1731 3316 1832 3358 fuerit
1851 3325 2001 3359 promotus
2013 3340 2021 3347 .
2050 3317 2104 3351 ln-

383 3362 489 3403 Cbrfi.
501 3368 581 3408 Lupi
596 3369 694 3409 Opera
710 3365 743 3400 T.
758 3368 812 3400 lx.

1641 3365 1673 3399 G
1698 3377 1722 3411 g
1771 3377 1795 3403 2
1993 3366 2052 3401 tel-
