2346 3724
116 2540 177 2571 Lib.
209 2551 235 2575 7.

116 2580 195 2610 titul.
209 2592 235 2609 2.

115 2628 180 2659 cap.
194 2631 215 2650 1.

902 162 926 191 P
995 159 1011 191 I
1081 162 1106 191 T

690 143 735 192 C
805 159 834 190 A

252 232 315 270 test
327 232 507 269 nonfacere
522 233 654 272 pravos·
682 229 728 264 Et
749 228 835 266 hanc
856 230 1126 274 praescriptionem

253 282 398 318 :firmavit
426 278 795 324 constantinopolitana
821 281 974 323 synodus
996 303 1008 320 ,
1044 280 1127 314 inter

254 344 349 368 veros
359 329 507 365 Ecclesiae
517 327 710 364 characteres
723 331 781 365 suo
791 331 825 364 in
834 329 994 373 Symbolo
1002 341 1127 373 ponens

254 382 289 418 ἃ
308 379 418 416 hunc.-
444 379 603 413 Sanctam.
630 379 711 413 Non
731 379 839 424 quoad
861 379 1061 425 singulorum
1083 381 1126 414 vi·

254 441 323 466 tam
332 453 344 470 ‚
364 429 417 464 sed
429 429 535 473 quoad
549 429 675 474 regulas
687 440 814 464 morum
825 455 831 462 .

306 479 427 514 Eadem
438 480 674 524 praescriptione
685 479 740 515 hic
754 481 854 515 utitur
866 479 973 514 noster
985 480 1125 514 Dostor.

252 528 462 565 Catholicam
484 530 765 565 conversationem
788 555 800 572 ,
834 531 887 565 seu
908 527 1128 564 orthodoxam

253 580 458 624 disciplinam
484 580 502 613 a
522 580 588 623 jam
616 581 768 624 expositis
790 580 1023 615 Gnosticorum
1043 604 1053 621 ,
1091 589 1128 612 ac

252 629 394 664 aliorum
415 630 578 665 Erronurn
591 629 735 664 moribus
745 630 889 665 ostendit
908 629 1024 664 distare
1034 628 1128 672 pluri-

252 679 369 720 mum,
394 679 508 724 utpote
519 681 635 724 quaein
648 681 739 714 omni
753 681 864 715 nostro
884 690 981 724 opere
1006 680 1039 713 &
1060 690 1128 712 mo-

252 739 290 763 tu
302 730 450 775 exquirat
461 741 527 765 non
547 730 704 771 nimiam,
731 730 784 764 sed
805 729 974 765 honestam
995 729 1130 774 gravita-

252 787 321 814 tem
343 803 354 819 ,
380 781 554 815 attonitam
581 782 634 814 seu
654 780 897 815 attentissimam
919 790 994 814 cum
1014 780 1131 814 timore

252 841 293 864 ac
306 839 446 864 tremore
456 830 662 874 diligentiam
689 831 722 864 ὃς
745 841 855 864 curam
866 829 1061 870 sollicitam,
1089 841 1131 864 nc

252 879 305 914 vel
315 891 370 923 per
379 880 601 925 ignorantiam
622 879 788 914 labamur.
813 880 1051 914 Haereticorum
1071 880 1131 914 Or-

252 929 440 964 dinationes
460 929 526 964 fine
546 931 697 965 examine
716 931 899 964 temerarias
918 954 930 970 ‚
955 930 1080 963 nostras
1096 929 1130 962 in

252 979 389 1014 Clerum
399 979 597 1015 adlestiones
606 980 744 1014 affirmat
754 981 816 1014 esse
837 980 1018 1022 exploratas
1029 991 1036 1010 :
1065 978 1132 1013 Ut-

251 1028 330 1071 pote
339 1040 409 1072 quae
419 1041 480 1064 nec
490 1031 604 1065 fierent
613 1053 626 1069 ,
653 1041 714 1063 nec
728 1030 816 1062 fastae
829 1030 1034 1061 firmarentur
1046 1052 1057 1069 ,
1083 1027 1131 1061 ni-

251 1077 331 1111 fide
343 1079 488 1121 personis
510 1090 566 1122 per
586 1077 753 1121 publicum
764 1085 901 1112 examen
929 1087 1028 1120 atque
1048 1078 1132 1111 Edi·-

251 1127 341 1160 &um
352 1126 523 1171 exploratae
534 1126 710 1171 probitatis.
738 1126 793 1161 Ab
807 1126 962 1161 haereticis
973 1127 1132 1170 Neophy-

251 1185 330 1216 tos,
355 1175 669 1217 saeculoobstristos,
697 1177 855 1220 apostatas
866 1176 1012 1220 nostros;
1039 1178 1057 1210 a
1077 1188 1133 1210 no-

251 1276 334 1311 ritos
353 1301 365 1317 ,
390 1276 432 1310 de
443 1275 559 1320 quibus
572 1277 681 1311 scribit
693 1277 791 1311 etiam
817 1277 852 1311 in
866 1277 951 1311 libro
963 1275 1133 1322 Apologe-

251 1325 338 1360 tico:
368 1326 530 1369 Praefident
546 1327 667 1369 probati
686 1330 791 1369 quique
813 1329 943 1360 seniores
955 1352 966 1368 ‚
993 1326 1129 1361 bonorem

250 1375 336 1414 Istum
348 1387 405 1409 non
420 1383 540 1418 pretio,
562 1377 620 1420 sed
635 1377 792 1417 testimonio
803 1379 923 1419 adepti.
951 1378 1134 1412 Haeretico-

250 1435 325 1460 rum
338 1437 454 1470 vagam
480 1436 578 1470 atque
597 1428 768 1461 confusam
781 1451 790 1467 ,
818 1427 1024 1462 Catholicam
1048 1437 1135 1462 com-

250 1475 449 1509 munionem
469 1476 579 1511 laudat
597 1477 660 1511 effe
676 1477 888 1512 deliberatam
901 1501 912 1518 ,
939 1479 993 1511 seu
1015 1488 1134 1521 magna

249 1534 328 1558 cum
349 1523 585 1560 deliberatione
605 1527 646 1561 ab
671 1528 765 1561 omni
786 1528 976 1571 contagiosa
1000 1529 1134 1570 persona

249 1573 435 1609 discretam.
463 1575 562 1619 Apud
575 1576 648 1611 illos
661 1577 782 1611 nullam
794 1576 982 1611 Praesidibus
993 1587 1135 1611 reveren-

250 1625 334 1658 tiam
355 1648 367 1665 ,
393 1623 478 1670 apud
502 1637 563 1661 nos
582 1628 645 1661 esse
667 1627 899 1671 subjectionem
927 1626 1129 1672 religiosam.

250 1674 451 1718 Episcopum
462 1676 552 1709 enim
564 1677 595 1711 δε
606 1688 741 1712 omnem
753 1677 918 1711 Clericum
930 1701 940 1717 ,
968 1687 1133 1720 tamquam

249 1723 320 1757 Dei
345 1724 378 1757 δι
393 1723 514 1759 Christi
527 1726 830 1762 DominiVicarios
851 1738 1062 1766 veneramur,
1089 1728 1134 1770 ip-

249 1772 292 1807 fis
312 1775 530 1816 profundius,
557 1777 655 1818 quam
684 1777 787 1810 saeculi
812 1776 959 1821 Regibus
982 1776 1112 1820 subjecti
1129 1801 1136 1808 .

251 1822 353 1865 Apud
366 1822 530 1857 haereticos
542 1825 678 1865 plurima
690 1827 754 1858 esse
774 1824 944 1859 schismata
958 1849 969 1865 ‚
995 1825 1078 1859 adeo
1101 1834 1136 1858 ut

250 1871 390 1906 schisma
401 1872 439 1905 sit
452 1872 526 1915 ipsis
549 1874 676 1914 unitas;
703 1872 801 1906 nobis
817 1875 879 1907 efle
898 1874 1003 1908 afferit
1027 1875 1136 1908 Eccle-

250 1922 330 1956 fiam
342 1921 469 1955 unitam
483 1945 493 1959 ,
518 1921 550 1952 &
565 1922 630 1953 Dei
641 1921 754 1952 omnia
771 1944 778 1950 .
806 1923 964 1964 Quisquis
975 1924 1065 1956 enim
1086 1925 1135 1957 vel

250 1972 294 2006 ab
306 1981 374 2003 uno
396 1967 515 2001 Divini
540 1979 578 2001 ac
603 1967 985 2012 EvangeliciDogmatis
997 1970 1137 2005 articulo

251 2018 392 2054 deviarit
402 2041 414 2060 ,
424 2027 592 2064 tamquam
601 2028 774 2057 extraneus
787 2016 828 2052 ab
841 2019 982 2054 Ecclesia
995 2018 1134 2064 ejicitur.

497 2175 701 2243 Apparitt‘o
733 2174 894 2224 devota.

302 2321 407 2362 Vox,
435 2325 608 2366 apparitio,
635 2325 681 2359 est
692 2325 851 2360 Romanae
865 2324 1137 2368 Reipublicaevo-

252 2372 407 2406 cabulum
419 2396 430 2412 ,
445 2384 481 2407 ac
496 2375 566 2416 ipso
580 2376 609 2406 in
624 2375 696 2419 lege
707 2375 747 2409 ad
762 2377 934 2413 Ruffinum
948 2401 959 2416 ‚
984 2376 1135 2409 Orienta-

252 2421 278 2453 li
305 2422 462 2457 Praetorio
494 2423 679 2457 Praefectum
702 2449 712 2465 ,
750 2428 898 2459 exstante
939 2427 973 2458 in
1010 2425 1137 2459 Codice

251 2469 491 2505 Theodofiano
503 2498 513 2513 ‚
541 2476 641 2507 utitur
655 2475 799 2518 Magnus
822 2475 1002 2518 Imperator
1018 2475 1135 2508 Theo—

253 2520 379 2554 dofius:
407 2526 444 2553 In
466 2524 622 2562 omnibus,
649 2530 701 2565 qui
721 2526 838 2558 mllittae
861 2536 964 2557 nomen
975 2526 1133 2565 dederint,

254 2575 330 2603 ratto
349 2570 386 2610 est
414 2569 550 2604 habenda
573 2579 757 2615 meritorum,
784 2584 817 2608 ut
839 2581 864 2607 is
879 2575 1139 2616 potiffimftmprio—

253 2631 316 2652 rem
328 2619 511 2663 adipiscatur
518 2625 650 2664 gradum
660 2630 712 2665 qui
721 2631 859 2657 meruerit
872 2627 908 2658 de
921 2624 1017 2657 labore
1028 2623 1133 2667 suffla-

251 2675 353 2713 grum.
382 2675 448 2703 Nec
471 2682 629 2713 queratur,
655 2679 723 2714 quis
746 2676 888 2706 militarit
908 2681 1026 2714 primus
1052 2698 1063 2713 ,
1084 2673 1139 2716 sed

252 2726 318 2762 quit
329 2719 473 2763 manserIt
485 2727 516 2753 in
523 2721 619 2761 studio
631 2727 831 2764 apparitionis
843 2724 962 2762 assiduus
975 2748 982 2755 .
1008 2723 1119 2758 Voces
1127 2747 1136 2762 ,

250 2774 414 2811 Apparitor
437 2795 449 2811 ‚
478 2777 632 2813 apparitio
653 2796 665 2811 ‚
691 2777 899 2817 Apparttura,
925 2773 1135 2816 frequentiffi-

250 2830 312 2853 mae
333 2820 406 2853 sunt
431 2821 465 2854 in
489 2822 563 2864 Jure
576 2824 748 2856 Romano.
779 2823 873 2856 Hinc
885 2822 926 2856 ad
948 2823 1133 2858 Constanti·

249 2871 480 2912 nopolitanam
492 2873 597 2905 Sancti
619 2872 770 2907 Flaviani
793 2872 964 2915 synodum
986 2872 1072 2906 dixit
1094 2873 1135 2907 de

233 2918 236 2921 ’
250 2919 468 2953 Haerefiarcha
483 2921 666 2964 Eutychete
677 2923 817 2965 Joannes
829 2922 1134 2966 Constantinopoli·

113 2998 183 3031 Ast.

250 2977 334 3003 tanae
348 2970 491 3004 Ecclefiae
504 2971 672 3014 Presbyter
684 2985 720 3006 ac
734 2973 914 3006 Defensor:
940 2977 1071 3005 occurrtt
1082 2976 1134 3005 Re-

251 3021 399 3053 verendus
416 3020 580 3061 Presbyter,
592 3023 625 3054 (9⁶
639 3022 898 3055 Archi-Mandrita
910 3022 1058 3060 Eutyches
1070 3033 1134 3056 cum

251 3081 358 3113 magna
381 3070 571 3105 multitudine
595 3073 725 3104 militum
747 3097 759 3112 ,
786 3074 820 3106 ό·
846 3071 1073 3112 nonachorum,
1100 3074 1134 3107 ό·

252 3119 518 3160 Praefeffllanorum
543 3126 754 3162 apparitorum
764 3121 972 3163 subltmIffimae
979 3121 1133 3164 potestant

253 3169 465 3210 Praefellorum
488 3174 652 3204 Praetorlo.
682 3171 879 3206 Praefestiani
903 3172 1133 3215 Apparimres,

252 3216 310 3251 seu
319 3217 524 3255 Praefeetiana
538 3221 714 3265 Apparitio
723 3231 814 3255 erant
836 3222 1014 3264 Stipatores
1025 3233 1062 3255 ac
1077 3223 1131 3256 Sa-

253 3265 375 3299 tellites
386 3291 397 3306 ,
421 3270 486 3303 sine
498 3270 613 3313 quibus
624 3271 780 3306 Praetorio
793 3271 960 3305 Praefectus
972 3282 1038 3305 non
1061 3283 1134 3315 pro·

253 3313 344 3349 dibat
366 3316 400 3348 in
420 3319 585 3359 publicum
610 3345 617 3353 .
647 3322 775 3355 Armati
802 3322 905 3365 ipsum
932 3321 1133 3366 cingebant,

253 3364 450 3408 apparebant
468 3368 541 3409 illi,
567 3381 676 3403 coram
697 3371 922 3405 ministrabant
935 3372 968 3404 in
982 3375 1074 3405 omni
1089 3372 1134 3405 so·

252 1225 304 1261 bis
315 1226 480 1260 conlocari
506 1228 558 1261 seu
569 1227 754 1270 promoveri
776 1228 924 1261 asseverat
947 1224 1033 1261 solos
1073 1238 1103 1260 m

255 3414 356 3449 lemni
368 3416 534 3450 functione
546 3443 557 3458 ,
582 3421 613 3453 &
626 3421 704 3454 item
718 3422 821 3464 ipsum
833 3423 896 3456 toti
905 3421 1030 3466 populo
1041 3408 1149 3473 facie-l

352 3463 459 3506 christ.
473 3469 553 3509 Lupi
563 3473 660 3511 Opera
671 3474 704 3503 T.
715 3474 772 3504 ΙΧ.

1174 161 1193 196 1

1262 160 1283 190 s
1387 145 1596 190 XLIII.
1902 164 1993 212 371

1190 229 1268 264 bant
1281 239 1429 272 apparere
1439 230 1492 264 seu
1506 228 1663 264 eminere.
1678 229 1786 266 Etiam
1800 233 1973 276 Consules,
1985 235 2062 269 Pro⁴

1191 280 1350 316 Consules
1362 305 1372 321 ,
1382 281 1488 314 cunsti
1500 279 1746 314 provinciarum
1759 281 1918 325 Restm-es,
1928 285 1961 318 δε
1972 296 2063 321 caete-

1191 331 1216 363 ri
1230 330 1389 364 Romanae
1408 327 1611 364 Monarchiae
1628 328 1779 363 sublimes
1799 330 1998 375 potestates,
2023 347 2063 370 ao

1191 380 1256 422 ipse
1267 381 1344 414 item
1363 378 1530 424 Augustus
1541 379 1694 422 Princeps
1707 379 1867 413 habebant
1888 384 1975 417 suam
1989 384 2063 428 Ap-.

1189 430 1364 473 parituram
1374 455 1382 462 .
1409 430 1507 464 Hanc
1519 430 1605 473 leges
1614 430 1647 464 &
1659 429 1803 463 Romani
1815 430 1988 473 Scriptores
2000 436 2067 476 pas.

1190 481 1244 514 fim
1256 480 1419 524 appellant
1430 479 1637 514 Domesticos
1658 490 1712 513 aut
1724 479 1892 514 Palatinos
1903 479 2065 516 Protecto-

1190 540 1238 563 res
1250 555 1257 562 .
1286 530 1395 563 Etiam
1407 528 1598 564 dicebantur
1607 529 1764 564 Officium
1777 553 1787 569 ,
1800 529 1966 564 Officiales
1979 555 1988 570 ‚
2002 530 2065 564 Μί-

1189 579 1426 620 litia,C0hors‚
1439 578 1647 614 Cohortales.
1676 580 1828 613 Domino
1840 581 1930 613 enim
1941 581 1998 614 suo
2009 581 2068 615 mi-

1189 629 1364 666 nistrabant
1375 630 1408 663 in
1422 628 1593 669 omnibus,
1605 641 1642 663 ac
1652 639 1742 663 erant
1753 628 1868 673 digesti
1881 629 1914 662 in
1927 631 2067 665 formam

1190 678 1358 713 Cohortis.
1387 680 1466 713 Huc
1490 679 1617 723 respicit
1640 680 1670 713 S.
1683 679 1823 722 Joannes
1834 679 2066 724 Evangelista:

1182 733 1213 773 J
1216 730 1291 761 udas
1313 741 1377 762 cum
1392 731 1539 772 accepisset
1560 727 1713 761 Cohortem
1725 754 1732 760 .
1762 730 1805 762 Et
1828 730 1857 763 S.
1870 728 2066 765 Matthaeus:
2084 723 2159 762 0³1³·
2178 727 2224 754 ¹⁸·

1189 780 1301 811 Milites
1327 778 1466 820 Praefidis
1497 780 1542 811 ad
1569 789 1634 811 eum
1656 787 1869 822 congregarunt
1895 779 2068 824 universam

1189 827 1342 861 Cohortem
1354 854 1361 860 .
1391 830 1470 862 Hoc
1482 828 1525 862 est
1538 852 1549 867 ‚
1567 837 1670 863 totam
1680 828 1821 862 Praefidis
1830 827 2069 872 Apparituram.
2088 839 2159 875 Cap.
2176 846 2221 871 27·

1192 878 1245 911 Ad
1259 876 1343 911 hanc
1355 880 1443 912 enim
1456 890 1494 911 ex
1506 877 1617 912 officio
1640 877 1796 921 spectabat
1808 878 1826 911 a
1846 880 2048 914 Stationariis
2058 904 2070 920 ,

1190 927 1348 969 Curiofis‚
1376 938 1433 962 aut
1454 927 1687 964 Frumentariis
1707 927 1854 972 proditos
1871 928 2012 964 latrones
2031 942 2070 965 ac

1192 977 1273 1010 alios
1305 978 1502 1012 criminosos
1523 989 1634 1022 capere
1654 1002 1665 1018 ,
1706 978 1869 1013 custodire
1889 1004 1900 1020 ,
1927 980 2071 1014 deduce-

1192 1038 1225 1060 re
1247 1027 1287 1060 ad
1309 1039 1460 1071 campum
1484 1029 1673 1062 sceleratum
1687 1055 1694 1062 .
1722 1029 1768 1062 Et
1787 1028 1865 1062 hinc
1876 1027 1914 1061 ad
1927 1030 2011 1072 ipsos
2023 1029 2071 1064 di-

1192 1077 1242 1110 xit
1269 1078 1437 1112 Dominus
1461 1092 1472 1111 .-
1498 1081 1664 1120 Tamquam
1694 1079 1739 1111 ad
1760 1082 1919 1111 Latronem
1947 1079 2071 1120 existis.

1193 1127 1424 1169 Imperatorem
1447 1127 1695 1168 Alexandrum,
1722 1128 1811 1171 quod
1832 1128 1983 1163 Tribuno
1997 1141 2072 1173 qua-

1193 1184 1292 1216 tuor,
1319 1177 1407 1211 Duci
1437 1178 1512 1217 sex,
1539 1178 1667 1221 Legato
1689 1176 1859 1211 dumtaxat
1880 1178 1993 1212 decem
2006 1180 2073 1222 Ap-

1195 1226 1350 1268 paritores
1374 1226 1574 1269 permiserit,
1602 1224 1712 1259 laudat
1724 1226 1834 1259 AElius
1848 1226 2072 1270 Lampridius.

1195 1275 1319 1310 Verum
1330 1277 1431 1310 crevit
1451 1276 1566 1309 fastus.
1595 1275 1728 1310 Etenim
1753 1276 1840 1319 quod
1855 1275 1973 1310 Africae
1994 1277 2074 1311 Pro-

1195 1325 1319 1360 Consul
1333 1334 1495 1359 trecentos
1516 1327 1696 1369 nonaginta
1718 1327 1794 1359 osto
1812 1327 1921 1366 viros,
1949 1327 2073 1362 Scrinia

1194 1373 1304 1409 decem
1318 1397 1329 1414 ‚
1341 1374 1474 1409 Scholas
1485 1374 1636 1408 undecim
1645 1387 1660 1416 ;
1685 1375 1833 1410 Orientis
1856 1374 1931 1408 vero
1952 1376 2074 1410 Comes

1195 1426 1361 1459 sexcentas
1373 1427 1521 1469 personas
1532 1423 1680 1459 habuerit
1693 1425 1726 1458 in
1739 1425 1898 1459 Officium
1911 1437 1947 1459 ac
1966 1426 2076 1469 Appa-

1194 1476 1348 1510 ritionem
1360 1499 1370 1515 ‚
1395 1475 1484 1509 lucet
1505 1486 1545 1508 ex
1557 1475 1683 1509 Codice
1696 1475 1905 1519 Imperatoris
1925 1475 2076 1517 Justinia-

1195 1525 1248 1558 ni.
1279 1524 1322 1557 Et
1335 1523 1425 1559 hunc
1438 1525 1473 1558 in
1488 1525 1614 1558 sensum
1626 1525 1767 1569 praesenti
1789 1536 1868 1559 voce
1878 1524 2005 1559 Dostor
2017 1537 2075 1559 no-

1196 1574 1256 1608 ster
1278 1574 1379 1608 utitur
1401 1576 1499 1609 etiam
1522 1574 1557 1607 in
1572 1574 1654 1608 libro
1671 1575 1912 1619 Apologeticoz
1940 1573 2074 1618 Aruspex

1194 1630 1314 1657 mortuis
1335 1633 1476 1666 apparet.
1508 1624 1586 1658 Hoc
1607 1625 1672 1664 est,
1699 1625 1807 1658 coram
1827 1624 2004 1658 ministrat.
2031 1626 2074 1659 Et

1195 1675 1228 1708 in
1240 1673 1327 1709 libro
1344 1674 1386 1708 de
1400 1674 1639 1718 Monogamia:
1667 1676 1757 1707 Idolts
1769 1677 1804 1709 (θ’
1815 1676 1952 1707 viduitas
1975 1676 2077 1708 &mo-

1194 1729 1330 1768 nogamia
1350 1732 1517 1766 apparent.
1545 1723 1624 1757 Hoc
1647 1724 1715 1764 est,
1742 1724 1859 1758 servire
1872 1724 1936 1757 illis
1958 1724 2077 1766 possint
2093 1714 2165 1751 0²9·
2184 1721 2227 1747 ¹⁷¹

1195 1774 1228 1806 δε
1250 1773 1446 1808 satellitium
1467 1773 1625 1815 praebere.
1652 1774 1691 1805 In
1712 1772 1797 1806 libro
1817 1773 1858 1806 de
1882 1773 2078 1813 spectaculis

1195 1821 1401 1856 Christianas
1423 1830 1514 1854 aures
1534 1821 1567 1855 δε
1592 1820 1707 1855 oculos
1731 1819 1826 1855 caute
1846 1820 2080 1857 custodiendos

2092 1596 2162 1636 Cap.
2181 1606 2208 1634 3.

1195 1880 1306 1906 monet
1319 1896 1330 1912 ,
1356 1871 1390 1904 ὃς
1411 1870 1560 1916 adjungit
1583 1873 1711 1907 causam
1725 1884 1736 1905 .·
1761 1874 1888 1914 spiritur
1906 1880 2079 1916 apparent,

1194 1921 1227 1953 id
1249 1922 1293 1952 est
1308 1943 1319 1959 ,
1346 1929 1511 1962 tamquam
1536 1921 1698 1955 Satellites
1718 1920 1923 1964 deserviunt,
1949 1926 2021 1958 oculi
2042 1927 2077 1959 <5
2093 1906 2164 1947 ΟΨ
2180 1916 2223 1942 ¹⁷⁴

1194 1980 1280 2002 aures
1292 1994 1302 2010 ‚
1328 1980 1377 2002 nec
1394 1970 1484 2011 potest
1495 1972 1621 2004 mundus
1640 1971 1803 2016 praestart,
1833 1975 1885 2008 seu
1897 1975 2052 2009 custodiri
2065 2001 2076 2017 ,

1193 2021 1277 2060 qu‘us
1301 2023 1491 2062 Appart'tores
1512 2026 1723 2067 inquinantur.
1755 2026 1793 2059 ln
1816 2023 1955 2060 secundo
1992 2024 2076 2060 libro

1193 2070 1233 2107 ad
1254 2070 1434 2108 Nationes:
1462 2075 1570 2116 Aliqua
1596 2076 1900 2118 Dominattopraeest,
1926 2080 2077 2118 cutappa-

1193 2134 1255 2156 rere
1265 2124 1407 2157 videatur
1422 2124 1564 2168 universa
1575 2128 1730 2169 nego'tIatto
1743 2126 1905 2159 mundialis
1917 2151 1924 2158 .
1949 2125 1987 2160 Id
2007 2126 2052 2160 est
2063 2150 2076 2167 ‚

1194 2173 1246 2207 cui
1269 2175 1377 2208 omnis
1397 2185 1540 2208 creatura
1564 2186 1731 2220 tamquam
1754 2176 1899 2219 supremo
1923 2176 2076 2210 Domino

1193 2223 1273 2257 adfit
1292 2235 1329 2258 ac
1353 2225 1513 2258 ministret
1542 2249 1549 2256 .
1587 2225 1630 2259 Et
1654 2227 1687 2259 in
1710 2224 1795 2260 libro
1820 2225 1970 2260 adversus
1993 2226 2076 2260 Pra-

1194 2284 1290 2307 xeam
1316 2274 1466 2308 Danielis
1477 2274 1646 2318 Prophetae
1668 2277 1779 2309 locum
1791 2277 1831 2309 sic
1842 2276 1937 2319 legit:
1966 2277 2075 2310 Milltes
2090 2292 2162 2330 Cap,
2180 2300 2210 2330 3,

1193 2324 1288 2356 millia
1300 2323 1467 2365 adfistebant
1487 2331 1514 2357 et
1526 2349 1536 2364 ,
1562 2327 1668 2358 milltes
1690 2335 1814 2358 centena
1830 2326 1927 2358 millia
1949 2334 2075 2367 appare-

1194 2374 1268 2406 bant
1279 2378 1322 2406 ei.
1351 2373 1425 2408 Nos
1449 2374 1611 2419 legimus:
1640 2376 1851 2415 Ministrabant
1863 2381 1906 2409 et.
1934 2374 1978 2410 Et
1988 2386 2074 2410 reve-

1195 2423 1226 2456 ra
1249 2434 1336 2457 totus
1364 2425 1553 2458 Sanctorum
1587 2425 1794 2469 Angelorum
1826 2426 2076 2460 innumerabilis

1193 2474 1353 2506 exercitus
1365 2474 1407 2507 est
1420 2474 1597 2508 domestica
1617 2487 1654 2509 ac
1670 2475 1817 2509 Palatina
1829 2476 1962 2509 Divinae
1973 2476 2077 2518 Maje·

1195 2522 1283 2556 statis
1308 2521 1524 2566 Apparitura.
1552 2524 1662 2558 Etiam
1685 2523 1868 2559 Christiana
1895 2526 1962 2558 vita
1974 2525 2018 2558 est
2039 2525 2074 2558 &

1193 2583 1314 2606 armata
1337 2573 1371 2606 ὃ(
1384 2574 1534 2608 officialis
1555 2575 1673 2608 militia
1687 2600 1697 2614 ‚
1722 2575 1852 2609 statutis
1872 2574 2076 2618 temporibus

1193 2633 1342 2665 apparere
1352 2622 1446 2657 debet
1460 2634 1569 2657 coram
1582 2624 1657 2657 Deo
1669 2625 1811 2667 Optimo
1823 2625 1975 2658 Maximo
1986 2649 1996 2663 ,
2024 2623 2075 2656 sti-

1194 2683 1265 2715 pare
1287 2672 1414 2715 ipsum,
1441 2685 1478 2707 ac
1499 2674 1597 2706 variis
1620 2675 1727 2707 modis
1751 2674 1949 2706 ministrare.
1977 2673 2077 2714 Ipsius

1198 2722 1372 2765 Apparitio
1393 2723 1429 2754 fit
1454 2723 1622 2764 praesertim
1649 2723 1682 2754 in
1696 2721 1921 2754 Ecclefiastico
1931 2732 2076 2755 conven-

1198 2782 1250 2804 tu.
1278 2771 1377 2803 Hanc
1391 2771 1516 2804 Dostor
1528 2769 1635 2806 noster
1658 2769 1721 2803 hoc
1736 2770 1768 2804 in
1786 2771 1860 2804 loco
1872 2771 1984 2804 laudat
1997 2793 2006 2809 ‚
2030 2771 2076 2805 as-

1199 2824 1342 2855 severans
1363 2821 1425 2854 effe
1439 2820 1608 2854 devotam.
1638 2819 1786 2853 Eandem
1802 2820 1911 2854 laudat
1935 2821 1968 2854 in
1989 2820 2074 2855 libro

1200 2871 1423 2913 Apologetico
1437 2884 1447 2904 .-
1476 2873 1595 2903 Coimus
1609 2874 1641 2902 in
1650 2878 1751 2902 coetum
1763 2872 2074 2914 &congregatam-m,
2090 2872 2161 2910 Cap·
2175 2881 2224 2909 39.

1196 2930 1229 2953 ut
1241 2922 1285 2952 ad
1292 2922 1386 2953 Deum
1399 2945 1409 2960 ,
1435 2919 1520 2963 quasi
1537 2931 1626 2952 manu
1642 2919 1734 2961 falla
1746 2944 1756 2960 ,
1780 2920 2001 2962 precationibus
2013 2933 2075 2953 am·

1196 2970 1312 3003 btamus
1324 2978 1441 3003 orantes
1454 2996 1462 3003 .
1491 2975 1563 3003 Haec
1583 2975 1632 3003 vis
1644 2973 1707 3002 Deo
1722 2979 1816 3013 grata
1827 2970 1879 3009 est.
1910 2970 2004 3004 Istius
2017 2983 2074 3005 no-

1197 3021 1263 3053 stra:
1278 3019 1500 3063 Apparitionis
1515 3019 1615 3054 varias
1627 3020 1820 3054 devotiones
1844 3021 1876 3054 ὅ(
1889 3020 2074 3056 functiones

1196 3070 1317 3114 largitis
1339 3070 1409 3103 istic
1430 3070 1586 3112 exponit.
1615 3070 1657 3102 Et
1679 3070 1714 3102 in
1739 3070 1881 3104 secundo
1898 3070 1939 3103 dc
1950 3069 2073 3104 Mona-

1196 3121 1283 3154 ssicis
1306 3119 1570 3154 institutionibus
1597 3119 1684 3153 libro
1712 3120 1852 3164 Joannes
1880 3118 2072 3155 Caffianus:

1196 3174 1272 3203 Cum
1282 3168 1487 3212 solemnitates
1499 3193 1510 3209 ,
1536 3181 1614 3211 quas
1636 3171 1682 3202 illi
1694 3172 1823 3208 synaxes
1847 3179 1956 3202 vocant
1967 3195 1978 3210 ,
2003 3171 2075 3203 cele-
2089 3178 2160 3214 Cap.
2177 3186 2219 3207 10.

1195 3221 1314 3254 braturt
1331 3225 1513 3253 conveniunt
1527 3219 1687 3263 AEgyptii
1703 3219 1865 3253 Monachi
1884 3244 1895 3260 ,
1921 3222 2072 3253 tantuma

1195 3270 1305 3304 cunc‘lis
1320 3267 1467 3310 filenttum
1478 3269 1633 3310 praebetur
1643 3295 1654 3310 ‚
1679 3278 1712 3302 ut
1724 3280 1788 3303 cum
1803 3275 1834 3302 in
1845 3280 1936 3302 unum
1947 3279 2012 3302 tam
2021 3281 2075 3302 nu-

1195 3318 1304 3362 merosa
1320 3319 1458 3361 fratrum
1481 3319 1633 3351 multitudo
1657 3324 1816 3358 concurrit,
1842 3320 2073 3361 prater-illum,

1196 3376 1246 3412 qut
1267 3368 1442 3412 consurgens
1459 3367 1636 3412 psalterium
1656 3375 1762 3401 cantat
1786 3375 1819 3402 in
1831 3370 1926 3402 medio
1938 3392 1948 3408 ‚
1973 3370 2072 3401 nullus

1198 3419 1345 3453 bominum
1361 3420 1482 3461 penitus
1507 3419 1601 3462 adeffe
1628 3420 1771 3453 videatur
1800 3444 1808 3451 .

1628 3467 1643 3500 I
1670 3468 1680 3502 ἰ
1732 3482 1755 3508 2

1842 3416 2070 3456 Eucharistica

1949 3477 2020 3510 pra:-
