2346 3724
736 138 775 182 C

251 232 296 266 lat
312 230 412 272 soedus
428 226 748 258 D1³vimsasramenm
776 218 928 254 Elucidat
954 217 987 251 in
1005 216 1131 251 Rescri-

119 272 192 313 αἶψ’
208 281 232 301 ¹·
246 290 310 325 ¹pto
331 279 371 312 ad
383 275 574 311 Gallicanos
600 272 778 316 Episcopos
801 269 929 303 laudata
941 266 1129 301 Innocentii

251 327 422 372 Synodus:
449 322 635 365 Inejtesmodl
655 322 774 355 muliere
786 329 856 362 quot
868 317 939 361 siant
950 315 1036 359 cause
1051 340 1061 355 ,
1088 325 1132 348 tot

252 387 353 413 reatus
370 403 378 410 .
404 379 592 418 Integritatis
607 372 781 413 Propofitum
796 379 963 408 mutatum,
992 367 1132 400 Velamen

247 429 405 472 amzffum,
427 425 502 467 fides
519 429 624 467 prima
647 424 834 464 depravata,
862 427 949 461 atque
969 422 1000 449 in
1015 422 1133 449 irritum

255 480 416 512 devocata.
941 476 943 478 '
1125 499 1137 528 s

307 528 351 562 Et
359 525 437 559 hinc
446 524 584 559 nascitur
595 532 705 567 quarta
717 518 849 565 quaestio
862 543 872 559 ‚
899 518 955 552 An
979 516 1046 551 haec
1058 527 1133 549 con-

257 577 394 613 secratio
406 576 501 610 fuerit
512 599 522 615 ,
535 583 590 607 aut
604 573 641 606 fit
650 582 758 605 verum
772 570 849 603 novi
860 566 1069 602 Testamenti
1081 567 1132 600 Sa-

255 627 485 663 cramentum?
511 624 645 657 Etenim
660 621 702 655 ita
714 621 842 655 censere
855 619 979 653 videtur
991 617 1134 660 Magnus

255 678 348 718 Leo,
373 675 470 718 &ipfi
490 673 700 716 adstipulatur
720 669 854 704 Author
870 668 1132 711 Apostolicarum

256 725 543 764 Constitutionum
568 746 578 762 ‚
604 723 697 756 istam
724 720 1004 754 consecrationem
1032 716 1134 759 appel·

256 777 328 811 lans
338 774 591 810 Cheirotoniam
601 796 611 812 ,
638 773 691 806 seu
705 771 948 814 impositionem
961 777 1134 802 manuum.

257 827 342 861 Haec
364 836 430 860 vox
455 823 540 867 apud
564 822 706 867 Graecos*
721 821 874 863 importat
898 819 1135 852 Sacramentum

258 875 489 914 ordinationis
511 898 518 905 .
546 869 671 905 Eodem
698 869 801 903 modo
826 867 966 912 appellat
987 863 1136 908 Synodus

257 925 442 960 Venetica.
470 922 514 956 Et
534 922 568 954 in
593 920 708 953 litteris
729 919 769 952 ad
791 919 952 963 Siagrium
971 916 1135 950 Veronen-

255 977 322 1010 sem
336 973 536 1018 Episcopum
548 970 680 1004 Sanctus
705 968 893 1003 Ambtofius
917 968 1025 1001 nescio
1039 976 1135 1009 quam

258 1022 560 1066 sacramVirginem
581 1020 719 1053 affirmat
740 1019 834 1053 fuisse
852 1014 1113 1052 SanCiiZenonis
1127 1038 1137 1054 ,

259 1073 492 1119 quiSiagrium
515 1069 662 1114 proxime
683 1070 872 1112 praeceflerat
893 1068 926 1101 in
951 1067 1064 1101 eadem
1077 1065 1135 1099 Ca-

104 1114 183 1155 Epist
197 1117 243 1150 ⁴⁶·
258 1123 373 1159 thedra
387 1146 398 1162 ‚
419 1123 535 1164 judicto
549 1119 709 1162 probatam
721 1144 732 1160 ‚
757 1120 791 1152 (ι’
803 1117 1001 1153 benedictione
1024 1114 1123 1160 famili·

254 1175 378 1219 ficatam
395 1196 402 1203 .
428 1171 511 1217 Qae
538 1169 634 1204 verba
660 1168 802 1204 omnino
829 1167 981 1202 videntur
1006 1168 1137 1206 asserere

259 1225 415 1260 virtutem
431 1222 556 1265 operati
579 1218 701 1264 operis.
729 1219 772 1253 Et
797 1218 833 1252 in
844 1215 1062 1252 Decretaliad
1077 1216 1138 1249 Lu-

258 1274 361 1310 caniae
371 1271 548 1308 Antistites
565 1268 701 1314 epistola
723 1269 854 1304 Sanetus
867 1268 1011 1302 Gelafius
1038 1265 1137 1300 sancit

259 1326 362 1360 sacras
382 1322 540 1367 Virgines
563 1321 600 1356 in
621 1320 718 1354 certis
742 1318 913 1353 dumtaxat
940 1315 1140 1361 temporibus

260 1371 493 1409 consecrandas
506 1394 516 1410 ,
543 1370 666 1412 excipit
690 1369 803 1401 mortis
815 1367 986 1401 articulum
998 1391 1009 1407 ,
1033 1367 1067 1400 ὃ(
1081 1366 1140 1399 ad-

172 1463 177 1468 .
258 1424 369 1467 jungit
391 1419 598 1462 exceptionis
621 1419 749 1451 causam
773 1430 779 1448 :
807 1421 858 1449 Ne
871 1415 932 1456 fine
953 1415 1003 1449 boc
1025 1425 1142 1448 munere

125 1460 242 1500 131³¹st=9·
258 1474 297 1506 de
311 1469 418 1514 saeculo
434 1476 542 1501 exeant
565 1491 573 1498 .
602 1467 644 1499 Et
672 1467 770 1499 sacras
792 1464 919 1498 Viduas
941 1466 1052 1499 statuit
1072 1476 1139 1499 non

258 1518 412 1557 velandas
431 1515 471 1551 ab
483 1517 669 1560 Episcopo,
695 1515 728 1548 &
747 1514 856 1548 addit:
884 1516 941 1547 Eis
949 1513 989 1556 fic
999 1512 1142 1554 Ecclesia-

254 1567 537 1614 filcasuntferenda
545 1564 674 1610 subsidia
684 1590 696 1607 ,
719 1573 752 1598 ut
763 1563 842 1598 nibil
848 1570 1048 1598 committatur
1060 1564 1140 1596 illic}-

260 1631 325 1657 tum
337 1645 345 1652 .
361 1619 470 1653 Etiam
484 1627 590 1658 voces,
601 1613 879 1658 Ferendasubfidla
890 1638 902 1654 ,
916 1614 1066 1649 videntur
1077 1614 1141 1646 lau-

258 1672 336 1707 dare
352 1667 457 1711 operis
470 1667 593 1710 operati
608 1666 770 1700 virtutem.
799 1665 842 1699 Et
854 1674 984 1704 munus,
997 1664 1063 1698 fine
1075 1675 1142 1706 quo

259 1723 349 1756 sacra
360 1719 468 1763 Virgo
490 1727 557 1750 non
587 1715 689 1759 potest
712 1715 754 1749 ab
781 1714 947 1758 Episcopo
966 1715 1141 1748 transmitti

261 1771 304 1807 ad
327 1768 415 1805 aliud
440 1765 589 1802 saeculutn
606 1790 618 1806 ‚
643 1763 784 1801 omnino
806 1763 933 1799 videtur
944 1765 1144 1800 esseeffestus

261 1820 399 1863 alicujus
414 1816 612 1852 Sacramenti
628 1840 636 1848 .

315 1867 513 1912 Respondeo
536 1876 644 1900 tamen
667 1866 730 1901 esse
749 1876 787 1902 ac
799 1866 920 1910 semper
942 1866 1035 1900 fuisse
1047 1865 1144 1899 ritum

261 1920 432 1956 dumtaxat
456 1915 738 1956 Ecclefiasticun„
769 1928 838 1951 non
864 1916 1029 1952 Divinum
1042 1917 1146 1951 Sacra-

261 1977 412 2007 mentum
435 1991 443 2001 .
479 1967 527 2001 lta
554 1965 650 2000 n'obis
674 1964 782 2000 lucide
799 1966 864 2010 jam
901 1965 987 2001 dixit
1015 1967 1146 2000 sanetus

260 2024 407 2064 Optatus
428 2043 435 2051 .
464 2017 574 2051 Etiam
599 2015 830 2051 Tertullianus
854 2016 873 2050 a
897 2018 927 2050 se
955 2016 1145 2061 impugnata

259 2068 432 2115 virginalis
445 2068 546 2101 mitrae
565 2065 702 2111 insignia
718 2067 824 2110 palam
842 2066 993 2110 supponit
1006 2077 1072 2100 non
1085 2067 1146 2100 esse

260 2121 508 2156 Sacramentum
530 2140 537 2148 .
576 2115 628 2151 Ac
655 2115 741 2150 istud
767 2116 871 2160 ipsum
892 2119 1087 2152 censuerunt
1113 2117 1145 2150 &

261 2169 447 2204 Donatista:
457 2192 464 2201 .
498 2167 585 2201 Nam
598 2178 639 2200 ex
653 2164 714 2201 hac
724 2167 896 2200 communi
912 2167 1058 2202 doctrina
1071 2167 1143 2200 San·

260 2222 330 2255 stus
345 2221 488 2262 Optatus
508 2216 679 2251 concludit
704 2215 832 2250 nullum
846 2216 910 2250 illis
925 2217 1018 2250 fuisse
1030 2214 1147 2249 funda·

261 2280 413 2304 mentum
426 2277 481 2301 aut
493 2268 603 2299 sucum
616 2264 766 2297 mutandi
780 2265 890 2297 mitras
901 2289 911 2302 ,
939 2273 996 2297 aut
1007 2263 1146 2306 ipsarum

262 2318 510 2362 impositionem
522 2337 533 2354 ,
559 2312 624 2347 hoc
638 2312 704 2352 est,
730 2313 853 2346 sacrum
876 2312 1057 2355 Virginum
1069 2321 1147 2343 con-

259 2368 477 2402 sectationem
498 2361 693 2398 exsufflandi
719 2360 753 2392 ἀ
771 2359 928 2393 iterandi.
957 2360 1031 2393 Nec
1055 2359 1144 2392 enim

259 2415 303 2455 de
327 2414 395 2450 sola
418 2411 512 2446 mitra
533 2432 545 2450 ‚
571 2409 624 2444 sed
652 2409 686 2443 &
709 2408 750 2442 de
770 2408 838 2452 ejus
859 2408 1088 2453 impositione,
1113 2409 1145 2441 δε

261 2475 344 2500 tunc
367 2460 602 2498 daticonsueta
621 2459 866 2493 consecratione
889 2458 1029 2493 omnino
1043 2458 1146 2502 loqui·

262 2525 336 2551 tur.
363 2513 485 2549 Miscet
506 2521 616 2544 tamen
639 2508 775 2552 aliqua,
801 2521 870 2554 quae
892 2510 932 2544 de
959 2509 1026 2543 sola
1049 2512 1144 2542 mitra

206 2558 208 2561 ¹
261 2572 393 2609 oportet
417 2560 539 2605 accipi.
568 2559 698 2603 Nempe
720 2559 800 2593 dum
821 2559 903 2593 dicit
928 2560 961 2593 in
976 2558 1145 2593 mitranul-

264 2616 335 2650 lum
351 2614 414 2649 effe
436 2613 680 2648 Sacramentum
693 2633 704 2650 ‚
731 2608 859 2643 nullum
884 2609 1029 2643 levamen
1044 2617 1145 2643 tenta-

265 2665 418 2704 tionum,
445 2661 572 2696 nuilum
594 2658 750 2694 castitatis
777 2658 957 2694 remedium
980 2670 1035 2694 aut
1059 2658 1144 2693 auxi-

267 2714 349 2749 lium
360 2739 367 2746 .
394 2711 528 2747 Etenim
544 2709 746 2753 Episcopalis
762 2710 891 2743 mitram
907 2709 1079 2752 imponens
1090 2708 1146 2742 be-

266 2764 408 2799 nediaio
420 2762 465 2797 est
479 2758 619 2795 omnino
632 2758 766 2803 aliquod
792 2759 856 2793 late
866 2759 985 2795 dietum
1002 2759 1147 2793 Ecclesiae

266 2814 512 2855 Sacramentum
527 2835 538 2851 ‚
561 2809 698 2853 aliquod
721 2807 869 2844 humanae
886 2809 1085 2843 infirmitatis
1104 2818 1146 2842 re·

267 2864 437 2903 medium,
463 2862 631 2898 levamen,
659 2858 842 2898 auxilium,
871 2870 938 2893 non
951 2870 991 2893 ex
1013 2866 1146 2903 operato

268 2924 388 2957 opere,
415 2910 470 2944 sed
490 2922 530 2944 ex
551 2909 786 2943 communione
805 2910 997 2943 Sanctorum
1020 2933 1031 2949 ‚
1056 2908 1147 2951 cujus

274 2963 391 2999 merita
412 2959 609 2995 solemnibus
630 2960 761 3001 suorum
782 2959 994 2994 SacerdOtum
1019 2959 1147 2993 benedi-

275 3011 441 3048 &ionibus
454 3009 592 3043 Ecclesia
613 3009 784 3053 adjungit,
811 3020 848 3043 ac
861 3008 937 3053 facit
958 3009 1145 3052 cooperari.

849 149 874 178 A
946 149 967 177 P
1038 147 1054 176 I
1102 144 1151 179 ,T

122 884 198 920 cap·
216 892 243 918 4-

275 3064 322 3098 Et
334 3062 381 3096 hae
405 3061 504 3095 etiam
526 3069 631 3100 preces
653 3059 796 3092 asanftis
817 3058 969 3097 Patribus
986 3060 1019 3093 δε
1041 3061 1148 3102 Sync·
1173 3076 1177 3079 ’

272 3114 327 3155 dis
337 3113 521 3155 fvequenter
542 3108 743 3150 appellantur
754 3107 968 3142 Cheirotonia
980 3131 991 3148 ,
1017 3110 1069 3147 seu
1082 3121 1146 3143 ma-

274 3173 340 3198 nus
353 3159 518 3204 impositio
529 3182 536 3190 .
566 3157 606 3190 Et
618 3158 749 3191 Sanctus
762 3158 906 3192 Gelasius
924 3159 1023 3193 etiam
1035 3152 1133 3193 vi'dua
1148 3175 1150 3178 ·

276 3206 308 3250 ie
327 3212 496 3250 velamen,
523 3207 611 3251 quod
633 3207 673 3240 ab
687 3206 850 3250 Episcopo
872 3220 940 3242 non
961 3209 1145 3250 imponeba-

275 3275 328 3301 tur
349 3286 362 3305 ‚
388 3261 527 3304 ideoque
550 3257 673 3291 nullam
699 3255 836 3291 habebat
854 3258 1059 3293 sacramenti
1079 3271 1148 3294 um.

375 3309 481 3351 Chrtst.
498 3313 575 3351 Lupi
583 3311 681 3351 Opera
690 3310 724 3338 T.
739 3309 799 3346 IX.
1034 3306 1038 3313 ‘

1189 218 1277 250 brim
1297 240 1306 255 ,
1335 216 1472 259 appellat
1486 215 1704 250 Ecclesiastica
1721 219 1870 255 subsidia.

1239 266 1364 312 Qnta
1389 266 1523 309 quaestio
1545 267 1590 299 est
1605 289 1616 305 ,
1641 265 1726 311 Qis
1751 270 1787 301 sit
1809 268 1902 313 hujus
1913 269 2071 303 consecra·

1191 318 1292 350 tionis
1303 316 1481 349 Minister?
1509 316 1560 349 Ex
1571 314 1744 350 Theodori
1757 317 1993 353 Cantuarienfis
2013 318 2075 352 Ar-

1191 366 1407 408 chiepffcopi,
1437 376 1490 408 per
1512 366 1698 400 Dominum
1725 366 1850 401 Lucam
1874 369 2072 404 Dacherium

1194 414 1376 458 nuperrime
1404 416 1544 458 vulgatis
1562 440 1573 455 ,
1599 416 1762 459 Capitulis
1794 416 1990 458 respondeo:
2017 421 2073 452 Se·-

1191 467 1316 500 cuna'z‘cm
1328 469 1446 499 Graecos
1459 465 1628 504 Presbytero
1649 468 1737 499 ltceat
1751 472 1901 510 Virginem
1913 465 2015 508 sant‘lo
2025 479 2074 501 ve-

1191 517 1302 550 lamine
1320 514 1486 557 consecrare
1498 539 1508 554 ,
1533 519 1566 549 &
1577 517 1759 550 reconciliare
1768 524 1960 558 poenitentem
1973 518 2005 549 t&
2021 517 2075 557 fa·

1193 578 1252 599 cere
1262 567 1352 599 oleum
1362 572 1560 598 exorcizatum
1575 590 1585 605 ,
1613 568 1647 599 Θ·
1668 567 1794 608 infirmis
1808 564 1950 608 Chrisma
1963 590 1974 605 ,
1994 563 2021 605 fi
2032 577 2077 598 ne-

1193 615 1298 659 ceffefic
1311 628 1319 658 ·‚
1343 614 1502 658 secundam
1513 620 1661 649 Romanos
1676 630 1732 650 non
1759 616 1814 657 nist*
1826 621 1853 651 E
1853 615 1979 659 plscopis
1987 614 2057 658 solis
2069 641 2077 648 .

1199 668 1240 700 Et
1266 666 1374 709 supra:
1403 665 1554 704 Presbyter
1576 667 1666 708 potest
1689 667 1869 710 abbatissam
1898 664 2080 708 consecrare,

1200 716 1330 760 Utique
1351 714 1528 749 secundum
1540 716 1686 750 Graecos.
1717 716 1818 764 Q¹0d
1838 715 1922 759 apud
1942 715 2080 749 Latinos

1224 146 1239 174 1
1311 129 1350 174 s*
1950 148 2002 192 35

2090 448 2214 485 cap-20.

1198 766 1280 800 solus
1304 766 1482 809 Episcopus
1508 767 1601 808 poffit
1621 768 1813 801 consecrares
1833 766 2008 810 Virgines,
2034 764 2082 799 est

1198 816 1415 857 antiquissima
1437 815 1662 856 consuetudo,
1690 818 1856 862 ipsamque
1877 816 2011 850 Sanstus
2023 816 2084 848 lvo

1200 867 1289 909 supra
1323 866 1408 900 dixit
1438 867 1500 900 esse
1526 867 1713 901 institutum
1748 867 1979 911 Apostolicum
2004 890 2010 897 .
2040 864 2084 898 Et

1199 917 1275 950 hinc
1298 914 1338 949 de
1359 916 1470 957 Felice
1493 917 1640 951 Idicrenfi
1668 918 1854 962 Episcopo,
1878 916 1966 961 quod
1989 915 2085 949 sacris

1198 965 1401 1010 Virginibus
1418 968 1764 1010 mitrasimposuiffet‚
1790 968 1881 1011 supra
1902 966 2086 1000 audivimus

1197 1018 1214 1049 a
1237 1017 1355 1051 SanCto
1376 1018 1523 1063 Optato·
1553 1017 1595 1050 Et
1618 1018 1650 1050 in
1677 1018 1814 1052 secunda
1836 1015 2087 1060 Carthaginensi

1198 1066 1335 1108 Synodo
1348 1067 1460 1100 nescio
1472 1065 1561 1107 cuius
1574 1067 1726 1101 Civitatis
1741 1069 1921 1112 Episcopus
1931 1068 2091 1100 Fortuna-

1199 1126 1249 1150 tus
1283 1115 1368 1149 dixit
1398 1128 1405 1147 ;
1454 1118 1485 1149 51·
1506 1116 1592 1156 jubet
1614 1118 1765 1151 sanc‘lz'tas
1788 1118 1885 1156 vesira
1907 1143 1917 1158 ‚
1947 1115 2089 1160 suggero.

1200 1171 1286 1199 Nam
1312 1171 1434 1199 memini
1453 1172 1608 1208 praeterito
1623 1169 1750 1200 Concilio
1761 1167 1851 1211 futffe
1866 1167 2031 1208 statutum,
2057 1173 2089 1198 ut

1200 1214 1361 1258 chrisma,
1387 1218 1440 1249 vel
1460 1217 1895 1258 Reconciliatiopoenitentium‚
1925 1227 2035 1250 necnon
2057 1217 2091 1249 (5·

1196 1267 1364 1310 puellarum
1392 1265 1577 1308 Consecratio
1600 1269 1619 1299 ὰ
1646 1268 1827 1307 Presbyteris
1852 1280 1909 1301 non
1931 1266 2006 1308 fiant
2027 1291 2034 1298 .
2061 1267 2090 1297 51

1199 1322 1267 1360 quis
1279 1326 1378 1349 autem
1398 1316 1546 1358 emerserit
1557 1316 1607 1350 hoc
1622 1316 1761 1360 faciens,
1788 1319 1862 1361 quid
1872 1321 1908 1351 de
1918 1330 1949 1352 eo
1963 1316 2095 1357 statuen-

1200 1366 1334 1409 dumfit?
1365 1367 1406 1399 Et
1431 1367 1586 1401 Aurelius
1603 1367 1868 1412 Carthaginenfis
1894 1368 2095 1410 Episcopus,

1202 1429 1238 1453 ac
1259 1417 1361 1451 totius
1383 1416 1571 1450 Dioeceseos
1599 1416 1724 1451 Primas
1744 1442 1753 1456 ,
1785 1418 1922 1459 Synodo
1957 1417 2068 1449 retulit
2088 1428 2095 1449 ;

1205 1467 1331 1500 Audi-vit
1344 1469 1486 1509 Dignatlo
1496 1465 1594 1506 vestra
1601 1465 1811 1510 suggesturum
1817 1467 1931 1507 fratris
1946 1468 1979 1499 ὢ·
1993 1470 2096 1507 Coepi·

1199 1515 1375 1559 scoplnostri
1388 1520 1568 1548 Fortunati.
1594 1516 1683 1557 ,Quid
1692 1516 1735 1547 ad
1743 1514 1806 1548 baec
1817 1517 1939 1549 dicitis?
1971 1515 2098 1549 Etom-

1206 1577 1262 1599 nes
1284 1563 1438 1607 Episcopi
1451 1562 1687 1606 responderunt
1701 1576 1714 1596 .-
1736 1563 1916 1607 Cbrtfmatis
1934 1564 2097 1607 confec‘h'o,

1205 1614 1410 1658 &puellarum
1429 1611 1614 1654 Consecutio
1625 1616 1644 1646 ἁ
1659 1614 1840 1653 Ρνιυὶυτενὶε
1853 1627 1911 1649 non
1918 1614 2014 1656 fiant.
2044 1615 2100 1648 Vel

1206 1664 1389 1699 reconciliare
1417 1674 1591 1708 quemquam
1613 1670 1644 1697 in
1668 1664 1790 1707 publica
1810 1666 1898 1709 Miffa
1927 1676 1985 1698 non
2014 1666 2099 1698 licere

2106 1138 2180 1176 Cap.
2196 1146 2224 1173 3·

1209 1715 1375 1754 Presb5tero
1387 1737 1399 1754 ‚
1424 1713 1476 1748 boc
1495 1714 1629 1748 omnibus
1636 1716 1733 1757 placet
1745 1729 1756 1747 .·
1783 1715 1904 1750 Canon
1917 1715 2023 1760 palam
2040 1715 2098 1749 sia-

1206 1766 1269 1800 tuit
1283 1790 1293 1805 ‚
1319 1766 1353 1799 &
1366 1764 1383 1798 a
1395 1764 1493 1807 priori
1507 1764 1643 1807 synodo
1657 1765 1812 1799 statutum
1824 1767 1929 1801 asserit
1947 1764 2100 1800 adversus

1208 1817 1315 1850 nescio
1326 1825 1465 1858 quorum
1478 1814 1748 1858 Presbyterorum
1759 1817 1923 1851 anteriora
1945 1817 2098 1850 Attenta-

1207 1878 1258 1901 ta.
1288 1865 1442 1899 Eundem
1454 1874 1578 1899 morem
1591 1865 1776 1900 constanter
1790 1867 1927 1912 viguisse
1948 1865 1983 1899 in
1996 1864 2101 1900 Galli-

1207 1927 1289 1951 cana
1312 1914 1477 1955 Ecclesia,
1507 1915 1629 1950 evincit
1655 1927 1710 1959 per
1732 1917 1903 1960 Rejensem
1925 1914 2101 1960 Synodum

1209 1968 1290 2003 faita
1302 1965 1514 2000 Armentario
1537 1964 1814 2001 Ebredunenfium
1825 1967 2002 2012 degradato
2021 1966 2100 2009 Epi·

1210 2019 1308 2061 scopo
1331 2017 1434 2062 gratia
1447 2040 1455 2048 .
1483 2016 1619 2051 Nicaena
1641 2017 1796 2060 Synodus
1816 2017 1970 2051 omnibus
1990 2015 2103 2049 Nova·

1210 2066 1404 2102 tianenfibus
1417 2066 1585 2110 Episcopis
1598 2091 1609 2107 ,
1635 2077 1717 2109 quos
1741 2066 1834 2099 exuit
1858 2065 1952 2099 omni
1970 2065 2103 2108 Episco-

1210 2117 1272 2161 pali
1284 2107 1446 2162 dignitate
1457 2127 1493 2150 ac
1505 2117 1694 2154 functione,
1722 2114 1802 2149 fecit
1815 2125 1921 2150 tamen
1935 2116 2073 2160 gratiam
2087 2138 2100 2156 ,

1210 2179 1246 2202 ut
1269 2178 1337 2201 non
1348 2161 1579 2200 tantummodo
1593 2164 1718 2207 possent
1741 2176 1871 2201 manere
1890 2164 2099 2209 Presbyteri,

1213 2215 1262 2249 sed
1274 2217 1368 2257 &per
1381 2213 1527 2257 quemvis
1538 2213 1751 2249 Catholicum
1767 2215 1963 2261 Episcopum
1983 2217 2097 2251 affumi

1212 2266 1243 2298 in
1258 2263 1521 2306 Chorepiscopos
1532 2287 1539 2295 .
1567 2263 1714 2299 Eandem
1731 2268 1870 2310 gratiam
1883 2267 2026 2311 Rejenfis
2040 2268 2099 2310 Sy-

1212 2313 1316 2346 nodus
1340 2311 1548 2354 fecitdejeeco
1574 2313 1806 2358 Armentario,
1832 2317 2015 2360 &adJecitz
2043 2322 2099 2351 Ar-

1209 2367 1371 2395 mentarius
1394 2365 1426 2393 in
1449 2359 1574 2402 Ecclefia
1585 2374 1718 2406 quoque,
1744 2370 1776 2398 in
1799 2380 1858 2410 qua
1868 2370 2023 2402 ordinatus
2029 2368 2098 2410 fuo-

1208 2418 1250 2444 rit
1270 2409 1476 2454 corepiscopus
1499 2410 1691 2454 consecrandi
1705 2419 1857 2460 Virginem
1870 2441 1881 2458 ,
1900 2418 1975 2461 ficut
1995 2418 2100 2460 confir-

1209 2463 1313 2495 mandi
1337 2460 1540 2503 Neopbymm,
1561 2464 1615 2504 jus
1638 2462 1777 2499 babebit.
1811 2468 1850 2501 Ei
1868 2469 2026 2512 permittit
2038 2468 2098 2503 has

1209 2512 1289 2546 duas
1321 2511 1525 2555 Episcopales
1559 2514 1744 2549 funstiones
1767 2541 1774 2548 .
1802 2518 1904 2565 Qod
1934 2518 2038 2552 ambae
2059 2518 2109 2557 in,

1209 2561 1378 2596 Gallicana
1391 2562 1533 2595 Ecclesia
1550 2563 1706 2605 privative
1719 2589 1730 2605 ,
1757 2567 1932 2610 spectarent
1953 2569 1993 2603 ad
2012 2568 2096 2611 Epi«

1210 2614 1342 2656 scopos.
1370 2612 1411 2645 Et
1432 2612 1516 2655 apud
1541 2615 1691 2648 Sanctum
1704 2615 1950 2662 Hieronymum
1967 2618 2070 2654 exstat
2082 2643 2096 2659 ,

1209 2663 1280 2697 ficta
1302 2662 1435 2706 quidem
1460 2663 1494 2696 δε
1517 2663 1618 2706 spuria
1640 2688 1651 2705 ,
1678 2666 1812 2710 antiqua
1830 2679 1937 2704 tamen
1967 2681 2005 2704 ac
2025 2680 2096 2703 eru-

1207 2713 1275 2747 dita
1289 2713 1397 2746 nescio
1410 2712 1500 2754 cujus
1512 2713 1677 2748 Gallicani
1690 2717 1845 2752 Dostoris
1857 2719 1896 2753 ad
1919 2719 2095 2753 Rusticum

1210 2761 1454 2796 Narbonensem
1478 2763 1728 2807 Metropolitam
1765 2769 1901 2811 epistola
1920 2792 1930 2807 ,
1956 2779 1993 2802 ac
2012 2767 2095 2802 dicit

1209 2813 1275 2845 sola
1294 2820 1415 2854 propter
1437 2812 1646 2846 authoritatem
1663 2813 1777 2856 summo
1794 2810 1943 2850 sacer'doti
1971 2818 2094 2851 Clerico-
2156 2849 2162 2855 ,

1210 2874 1276 2895 rum
1287 2864 1436 2895 ordinatio
1445 2885 1456 2901 ,
1479 2865 1514 2897 Θ
1529 2867 1556 2896 V
1555 2869 1684 2907 {rglnum
1693 2863 1865 2906 consecratio
1876 2865 2028 2907 reservata
2040 2868 2093 2907 est,
2113 2848 2194 2887 Ἐρῶ
2205 2860 2245 2888 ¹3'

1210 2924 1273 2945 cum
1296 2910 1449 2952 Basila'cae,
1478 2914 1589 2946 Altam
1612 2915 1646 2947 (θ’
1658 2913 1836 2956 chrismatis
1848 2918 2031 2954 dedicatione,
2042 2919 2096 2951 vel

1206 2961 1459 3006 [nullificationn
1488 2965 1554 2995 nea
1566 2966 1667 2996 multu
1689 2962 1848 3007 disciplina
1868 2966 1999 3008 Ecclefiae
2020 2979 2094 3001 ven·

1212 3014 1313 3045 dicata
1324 3013 1503 3045 concordiam
1515 3013 1703 3047 sacerdotum
1708 3011 1839 3056 filverer
1850 3041 1861 3057 ,
1882 3015 2029 3059 scandala
2040 3029 2093 3061 ge·

1214 3069 1344 3095 ner-aret.
1376 3061 1418 3095 Et
1438 3060 1611 3106 antiquus,
1638 3063 1740 3105 quiin
1751 3065 1923 3101 Gallicana
1948 3068 2094 3103 Ecclefia

1215 3110 1393 3155 pleniffime
1425 3110 1529 3156 viguit
1550 3135 1560 3151 ,
1588 3111 1815 3148 Romanorum
1849 3116 1944 3151 Ordo
1972 3114 2088 3152 habet:

1218 3161 1399 3200 presbyteris
1425 3163 1491 3195 licet
1512 3162 1621 3195 viduas
1632 3163 1751 3205 velare,
1779 3165 1932 3209 Episcopis
1940 3167 2010 3211 solis
2023 3172 2090 3202 Vir-

1210 3218 1298 3256 gines
1310 3236 1318 3244 .
1347 3212 1388 3244 Et
1400 3213 1485 3245 sexta
1498 3210 1676 3246 parisiensis
1688 3213 1842 3256 Synodus
1855 3216 1962 3252 statuit
1975 3230 1982 3249 ι
2008 3220 2089 3261 ρης.
2105 3190 2163 3221 F⁰L
2177 3195 2240 3227 ¹⁶7'

1160 3299 1162 3302 v
1214 3263 1343 3296 rundam
1362 3262 1457 3296 relatu
1477 3261 1650 3302 didicimus,
1676 3263 1817 3307 quosdam
1836 3267 2015 3306 Presbyteros
2024 3267 2088 3310 sirae
2104 3270 2165 3300 Lib.
2189 3280 2216 3299 1.

1606 3313 1641 3348 D
1691 3325 1716 3352 2
2103 3318 2222 3348 cap-41.

1930 3333 1932 3335 ’
1962 3330 2040 3353 men·
