2346 3724
367 150 465 194 292

290 229 336 264 Et
363 229 452 264 haud
478 227 577 264 dubi&
600 228 731 265 locutus
755 230 800 264 est
834 241 872 263 ex
897 230 1067 263 communi
1093 230 1185 263 sensu

289 280 475 314 Orientalis
498 280 647 314 Ecclefiae
671 305 677 312 .
707 281 891 314 Audiamus
914 280 1095 314 Clementis
1120 292 1186 313 ver-

291 329 353 363 ba:
383 333 509 372 Propter
521 334 736 364 aemulationem
763 330 961 363 &invidiam
976 355 986 370 ,
1011 337 1063 373 qui
1080 331 1183 373 fideles

290 381 494 422 &justtffimae
509 380 643 421 Ecclefiae
655 382 795 412 columnae
812 390 898 412 crant
911 405 920 420 ‚
948 381 991 413 ad
1001 391 1123 414 mortem
1132 379 1182 423 us-

288 442 345 474 que
366 432 503 464 acerbam
524 429 749 473 persecutionem
771 431 843 471 paffl
861 428 936 473 sunt
961 456 968 462 .
993 431 1092 463 Nobis
1113 439 1182 464 ante

287 483 379 515 oculos
388 490 532 523 ponamus
545 480 668 513 Sanc‘los
682 479 842 521 Apostolos.
876 483 1002 522 Propter
1016 482 1174 515 aemulatio

286 543 354 566 nem
377 538 512 574 iniquam
534 534 641 564 Petrus
663 541 720 563 non
741 542 833 563 unum
859 541 912 563 aut
940 532 1066 565 alterum
1084 555 1094 570 ‚
1118 530 1177 573 sed

282 584 385 625 plures
410 582 522 615 labores
544 580 680 624 sustulit,
708 590 799 623 atque
818 586 863 614 ita
879 585 1051 620 Martyrium
1076 582 1176 623 passus

854 140 1366 185 Sciron!

1436 154 1469 184 0
1539 156 1569 184 N

1254 229 1450 274 crucifigerent
1467 254 1474 261 .
1502 231 1601 266 Haud
1606 235 1712 274 quippe
1719 240 1778 274 par
1788 234 1860 277 effic,
1886 242 1918 267 ut
1939 235 1990 268 vel
2009 238 2042 268 in
2052 246 2132 269 mor.

1251 288 1279 311 te
1289 279 1510 323 aqualesservi
1535 282 1569 314 (ν
1581 283 1700 314 Domini
1708 291 1815 323 partes
1825 284 1928 327 essent.
1958 287 2046 317 Dixit
2056 310 2067 325 ,
2093 296 2129 319 ae

1249 336 1312 362 voti
1322 339 1436 372 compos
1447 330 1564 371 efflc‘lus
1576 331 1613 370 est
1624 357 1633 371 ‚
1660 331 1804 374 crucisque
1813 336 1906 367 medio
1915 336 1959 367 ad
1968 347 2032 369 eum
2042 336 2132 377 abiit,

1250 386 1302 421 qui
1314 382 1473 424 crucifixus
1483 379 1661 424 resurrexit.
1691 381 1734 414 Et
1744 383 1777 415 in
1789 386 1978 419 eorumdem
1999 386 2131 419 Princi-

1245 439 1322 472 pum
1352 432 1510 465 encomio
1531 432 1666 465 Sanetus
1686 432 1827 474 Ioannes
1848 433 2128 477 chrysostomus.-

1244 482 1388 514 Gaudeas
1412 485 1500 515 Petre
1513 505 1523 521 ,
1549 483 1687 525 quiligno
1704 489 1798 515 crucis
1812 482 1930 524 fruitus
1949 497 1982 519 es
1994 512 2004 527 ,
2032 488 2066 520 (ν
2085 488 2132 519 ad

1245 530 1374 573 magistri
1378 531 1601 573 similitudinem
1613 532 1693 564 rec‘la
1706 533 1824 574 quidem
1831 532 1951 576 figura,
1970 536 2043 577 ficut
2069 539 2127 569 Do·

1242 585 1340 612 minus
1355 582 1444 619 noster
1454 582 1581 626 crucifigi
1593 582 1707 621 noluisti
1719 608 1729 623 ‚
1749 582 1806 626 sed
1816 589 1912 627 magis
1933 585 2049 629 inverso
2073 598 2127 619 ca·—

284 638 319 666 in
341 632 474 665 debitum
493 634 597 675 gloriae
608 632 699 663 locum
723 629 894 674 adscendit.
925 634 1039 664 Paulus
1050 640 1174 673 propter
1237 636 1322 671 pite,
1348 634 1442 663 veluti
1463 634 1617 665 §terrain
1628 635 1729 665 coelum
1750 639 1806 666 iter
1813 641 1949 674 parans.
1976 640 1999 668 ο
2021 638 2123 670 clavos

285 684 505 716 aemulationem
532 688 564 714 in
579 683 700 714 vincula
719 680 834 724 septies
856 683 1021 722 coniecyus,
1047 683 1090 714 ad
1099 687 1174 715 Occi—

283 734 384 765 dentis
398 738 538 766 terminu
549 738 674 765 veniens
689 757 699 772 ‚
726 734 759 765 Θ
778 731 835 775 sub
846 732 1077 775 Imperatoribus
1091 735 1173 765 Mar·

285 782 540 824 tyriumsubiem,
563 781 601 823 fic
624 783 761 815 e'muna'o
771 789 937 826 migravit.
966 782 1106 816 Nullum
1129 783 1174 824 jo-

281 843 314 867 ta
326 857 337 873 ,
365 833 474 866 nulius
487 843 569 875 apex
593 832 729 866 affirmat
743 832 876 867 Petrum
891 835 1012 876 passum
1034 832 1172 874 Babylo·

280 895 341 918 ne.
372 882 466 929 Quin
491 888 625 926 uterque
649 882 830 927 Apostolus
855 884 892 917 fit
906 883 1022 916 Romae
1046 884 1171 926 passus,

277 942 353 967 ante
366 932 550 966 Marfiiium
563 932 760 967 Patavinum
786 945 886 967 nemo
900 944 1056 976 umquam
1070 933 1171 967 dubi-

276 982 380 1017 tavit.
408 983 470 1018 Sed
484 995 590 1028 neque
607 983 648 1017 de
661 994 817 1026 tempore.
845 984 934 1032 Qis
945 984 1033 1019 enim
1047 983 1091 1017 est
1106 985 1166 1018 Eu·

275 1032 408 1076 tychius
435 1031 626 1068 patriarcha
650 1033 923 1068 Alexandrinus?
951 1034 1115 1079 Loquitur
1126 1046 1166 1068 ex

274 1083 424 1128 Georgio
447 1083 600 1118 Cedreno
625 1109 631 1115 .
670 1084 712 1118 Et
734 1096 792 1118 cur
823 1082 913 1118 hune
936 1096 1004 1118 non
1029 1084 1164 1125 adduxit

274 1135 439 1179 Georgius
466 1134 644 1168 Hornius?
673 1134 745 1167 Effe
758 1133 944 1168 haereticum
968 1134 1162 1178 figmentum

271 1183 376 1219 edixit
389 1185 543 1222 Romana
555 1183 708 1227 Synodus
719 1185 827 1218 Sansti
853 1184 989 1218 Gelani.
1021 1185 1163 1218 Conclu-

269 1234 314 1268 do
338 1234 446 1268 verbis
470 1234 578 1268 Sansti
596 1234 740 1267 Maximi
752 1234 965 1268 Taurinensis
988 1236 1160 1278 Episcopi:

90 1280 178 1310 Serm-
205 1290 217 1317 5
224 1292 250 1317 4-
270 1290 345 1318 Non
357 1283 419 1326 fine
431 1283 518 1327 causa
521 1283 646 1325 sac‘ium
652 1293 819 1326 putamus,
848 1285 930 1326 quod
940 1296 1000 1317 una
1011 1287 1079 1324 die,
1105 1297 1162 1318 uno

101 1328 115 1346 ὣ
268 1341 301 1368 in
313 1336 390 1374 Ioco,
420 1339 507 1367 unius
528 1337 648 1372 tyranni
673 1338 786 1367 Petrus
812 1336 845 1367 Θ
860 1336 975 1367 Paulus
997 1337 1162 1368 toleravere

261 1383 448 1428 sementiam
461 1409 467 1415 .
497 1387 563 1415 Una
575 1385 625 1415 die
633 1384 705 1423 paffi
712 1383 785 1425 sunt
796 1408 807 1423 ‚
835 1392 869 1415 ut
884 1384 928 1415 ad
941 1382 1089 1423 christum
1107 1393 1164 1426 pa-

265 1441 340 1467 riter
358 1439 555 1475 pervenirem
568 1458 575 1464 .
604 1437 666 1465 Uno
677 1437 709 1464 in
732 1434 811 1471 loco,
837 1444 873 1465 ne
889 1434 980 1465 alteri
1001 1437 1096 1466 Roma
1115 1435 1163 1467 de·

265 1484 331 1529 esset
358 1509 364 1516 .
393 1484 451 1517 Sub
475 1494 531 1516 uno
551 1480 739 1525 persecutore
760 1506 770 1521 ‚
795 1490 827 1515 ut
850 1483 978 1525 aequalis
1001 1486 1162 1517 crudelitas

265 1545 424 1576 utrumque
437 1533 644 1576 constringeret
656 1558 663 1565 .
694 1534 765 1565 Dies
779 1536 847 1576 ergo
858 1541 914 1574 pro
936 1540 1037 1566 merito
1047 1558 1057 1574 ‚
1084 1535 1163 1567 Iocus

260 1593 316 1627 pro
322 1586 421 1629 gloria
436 1608 445 1623 ,
467 1581 637 1626 perseeutor
663 1583 799 1616 decretus
823 1582 859 1623 est
867 1591 925 1625 pro
936 1589 1048 1617 virtute
1066 1607 1072 1615 .
1101 1584 1162 1618 Uti

265 1635 470 1678 prophetam
484 1643 574 1667 extra
589 1632 797 1666 Hierusalem
813 1657 824 1673 ‚
852 1633 897 1666 ita
921 1633 1159 1676 Apostolorum

264 1685 519 1730 Principesnon
533 1683 643 1718 decuit
656 1684 723 1727 pati
739 1693 829 1718 extra
843 1683 988 1718 Romam
999 1708 1008 1717 .

427 1820 561 1862 Petrus
602 1809 766 1880 paffiom'
808 1816 1010 1860 Dominicae

595 1882 810 1950 adaequatur
822 1918 835 1931 .

316 2033 418 2083 Qod
442 2032 588 2080 benigna
612 2033 756 2068 Domini
771 2030 838 2067 Dei
862 2032 895 2066 in
907 2030 1089 2066 humanum
1102 2041 1160 2077 ger-

267 2099 330 2122 nus
361 2087 572 2130 providentia
609 2086 763 2119 Sandium
793 2083 924 2118 Petrum
959 2082 1160 2126 Apostolum

88 2137 249 2174 lib-²⁴1³?-
267 2150 337 2173 non
363 2138 533 2170 dumtaxat
558 2134 682 2169 miserit
703 2136 849 2169 Romam
863 2158 874 2174 ,
901 2134 951 2167 sed
969 2131 1054 2176 quafi
1071 2143 1178 2182 ννιιιηιιιι

88 2189 132 2210 ¹²·
148 2188 248 2216 13·¹4·
265 2189 429 2223 deduxerit
451 2212 462 2227 ‚
509 2187 647 2220 affirmat
672 2185 830 2219 Eusebius
854 2184 1084 2225 Caesareenfis;
1119 2183 1176 2217 ad÷

267 2236 538 2282 supprimendum
566 2237 736 2271 Simonem
750 2235 891 2280 Magum
904 2259 915 2276 ,
942 2246 1032 2268 anno
1051 2234 1160 2267 secun-

267 2288 313 2323 do
334 2286 543 2332 Imperatoris
563 2285 699 2321 Claudii
731 2310 739 2319 .
768 2286 812 2319 Et
835 2296 916 2319 tunc
938 2284 1061 2318 ibidem
1086 2284 1159 2318 fixit

267 2338 499 2383 Episcopalem
522 2336 721 2371 Cathedram
735 2361 742 2368 .
770 2335 813 2370 Et
836 2335 959 2369 ibidem
974 2334 1176 2396 praedicavit‘

267 2390 368 2425 etiam
394 2387 452 2423 sub
474 2387 621 2422 Neronis
644 2385 806 2429 Imperio.
834 2385 889 2418 De
911 2384 981 2428 ejus
999 2384 1160 2425 martyrio

126 2451 194 2485 fib,
226 2461 252 2488 3-
268 2440 374 2485 pergit
388 2437 547 2474 Eusebius
562 2451 569 2470 :
596 2439 701 2470 Petrus
715 2436 759 2469 ad
769 2445 933 2469 extremum
944 2459 955 2475 ,
982 2444 1047 2466 cum
1059 2437 1176 2467 Romaei

128 2501 193 2531 cap.
230 2502 253 2520 1-
270 2489 442 2532 versaretur
454 2513 464 2529 ,
493 2492 590 2529 capite
611 2485 746 2529 deorsum
753 2486 865 2526 statuto
879 2509 890 2525 ,
908 2483 949 2526 fic
958 2489 1036 2517 enim
1048 2469 1176 2552 perpeti}

272 2538 408 2581 cupiebat
432 2563 443 2578 ‚
469 2543 544 2571 cruci
562 2536 687 2579 suffixus
711 2536 765 2576 est.
793 2535 836 2568 Et
864 2536 895 2568 in
919 2534 1065 2568 vitorum
1091 2532 1161 2566 iliu-

271 2589 382 2623 strium
407 2588 563 2630 catalogo
582 2588 715 2620 Sandius
748 2585 978 2628 Hieronymus
1005 2597 1013 2616 :
1055 2561 1176 2616 Parasi

271 2644 349 2673 cruci
374 2639 481 2679 affixus
492 2662 503 2677 ,
530 2641 663 2674 martyrio
683 2644 834 2667 coronatus
846 2635 884 2673 est
896 2659 905 2673 ,
933 2641 1031 2675 capite
1049 2636 1094 2666 ad
1104 2642 1160 2666 ter-

272 2699 340 2722 ram
352 2686 436 2730 verso
448 2711 459 2726 ,
485 2689 519 2720 θ
531 2692 563 2718 in
581 2684 706 2728 sublime
715 2683 841 2726 pedibus
855 2685 985 2717 elevatis
999 2707 1010 2722 ,
1035 2685 1161 2727 afferens
1178 2696 1181 2698 ’

268 2738 305 2782 se
313 2739 469 2781 indignum
482 2758 491 2774 ,
517 2737 596 2778 quod
601 2733 638 2776 fic
649 2734 864 2778 crucifigeretur
875 2744 907 2767 ut
919 2738 1062 2766 Dominus
1067 2735 1159 2780 Juue.

92 2800 255 2837 'tract-123.
272 2789 383 2822 Fuisse
403 2786 599 2821 crucifixum
622 2784 755 2818 testatur
779 2785 813 2818 in
840 2784 1050 2818 Trastatibus
1073 2785 1163 2827 super

274 2839 380 2873 sancti
407 2837 543 2881 Joannis
569 2835 785 2879 Evangelinm
816 2835 917 2868 etiam
939 2835 1074 2868 Sanstus
1097 2835 1162 2868 Au-

95 2881 250 2917 se‘md49'
273 2889 423 2935 gustinus
436 2911 447 2927 ,
467 2887 548 2920 &in
564 2884 774 2920 Sermonibus
785 2884 826 2918 de
838 2880 998 2928 tempore.
1028 2886 1162 2919 sancius

113 2928 177 2958 ΦΨ
191 2929 217 2957 3‘
229 2931 255 2955 ‘³'
273 2941 355 2974 item
373 2937 519 2971 Asterius
531 2961 541 2976 ,
570 2936 754 2970 Amasenus
777 2934 958 2979 Episcopus
971 2960 981 2975 ,
1008 2934 1162 2968 Heleno-

274 2988 378 3024 Ponti
392 2986 609 3028 Metropolita
622 3011 632 3026 ,
660 2987 694 3020 in
708 2984 900 3028 Principum
924 2984 1160 3028 Apostolorum

273 3038 430 3074 encomio
444 3037 580 3071 affirmat
593 3037 729 3072 Petrum
739 3035 757 3068 'a
770 3036 904 3069 Nerone
915 3035 1107 3069 damnatum
1121 3034 1160 3068 ad

272 3100 402 3125 crucem
421 3113 432 3128 ,
458 3087 492 3120 &
504 3087 706 3131 prosequitur
719 3100 730 3120 .·
758 3088 867 3119 Petrus
880 3095 1026 3128 tanquam
1040 3085 1160 3118 humilis

273 3151 310 3174 ac
334 3138 479 3183 sapiens,
506 3138 558 3169 vel
579 3136 684 3180 inipso
696 3142 871 3170 certaminis
886 3144 1013 3177 tempore
1038 3147 1073 3168 ac
1083 3135 1161 3167 lulla

273 3200 337 3224 cum
347 3192 451 3222 morus
462 3195 598 3229 pavore,
620 3186 805 3229 perspec‘i'um
825 3185 938 3218 habens
960 3186 1036 3228 quid
1057 3188 1162 3218 Domi-

274 3250 347 3272 num
359 3245 437 3271 inter
462 3248 497 3270 ac
511 3236 634 3279 servum
648 3237 812 3279 intereffet‚
840 3247 930 3269 unum
950 3236 1026 3277 quid
1035 3233 1163 3275 beneficii

276 3289 333 3320 ioco
344 3287 380 3319 ab
393 3286 516 3327 hostibus
535 3293 652 3330 rogavit
670 3300 679 3329 3
706 3298 742 3320 ne
749 3285 860 3330 scilicet
870 3286 974 3320 eadem
990 3295 1054 3318 cum
1065 3287 1162 3317 Domi-

277 3347 316 3371 uo
321 3335 419 3379 figura
430 3338 580 3381 affigerem
593 3338 672 3382 ligno
685 3361 697 3379 ,
722 3335 779 3380 sed
792 3334 875 3379 verso
884 3337 929 3370 ad
937 3344 1047 3370 terram
1067 3340 1163 3378 capite

1239 681 1304 712 illos
1332 679 1433 714 beatos
1460 706 1472 722 ,
1499 689 1549 724 qui
1569 683 1702 716 membra
1722 685 1775 716 ilia
1792 682 1970 727 sanffiffima
1985 694 2126 728 pertran-

1230 730 1359 771 fierunt.

1287 781 1340 815 De
1366 781 1472 816 Sancti
1488 782 1577 816 Petri
1600 785 1741 826 paffione
1753 783 1861 819 scribit
1875 785 1907 818 in
1919 786 2066 820 sermone
2082 787 2124 821 de

1237 831 1382 865 Bafiiicis
1400 845 1467 866 non
1484 833 1649 867 tradendis
1658 835 1755 867 etiam
1768 835 1901 869 Sandius
1914 835 2124 869 Ambrosius:

1235 884 1341 914 Petrus
1354 883 1432 915 virio
1445 886 1464 915 5
1465 889 1559 917 imone
1572 908 1582 923 ,
1610 896 1672 917 cum
1686 888 1840 927 Praecepta
1855 889 1912 919 Dei
1919 887 2027 927 populo
2035 884 2126 927 semi-

1232 940 1318 965 naret
1332 957 1342 973 ,
1358 935 1471 966 doceret
1485 934 1684 973 castimoniam
1695 960 1704 975 ‚
1730 942 1882 969 excitavit
1903 943 2018 968 animo]
2026 940 2126 979 genti-

1231 984 1302 1015 lium
1317 1006 1326 1022 ,
1353 984 1459 1024 quibus
1479 995 1545 1016 eum
1569 984 1772 1027 quarentibus
1785 1011 1795 1026 ‚
1821 985 2001 1026 Christianae
2013 991 2124 1019 animae

1231 1034 1384 1074 deprecate
1405 1032 1478 1075 sunt
1491 1060 1500 1075 ,
1527 1044 1561 1066 ut
1579 1034 1732 1078 paulisper
1754 1037 1886 1069 cederet.
1915 1040 1960 1068 Et
1982 1041 2124 1078 quamvis

1230 1085 1293 1125 esset
1309 1084 1431 1124 cupidus
1454 1085 1589 1125 paffionis
1604 1109 1613 1124 ,
1640 1094 1741 1118 tamen
1761 1087 2006 1127 contemplatione
2017 1087 2125 1128 populi

1227 1139 1378 1175 precantis
1387 1132 1512 1174 inflexus
1524 1134 1577 1172 est.
1609 1135 1782 1178 Rogabatur
1793 1141 1891 1176 enim,
1920 1145 1955 1169 ut
1977 1137 2023 1168 ad
2042 1136 2123 1174 insti-

1229 1184 1369 1216 tuendum
1403 1185 1437 1217 Gr
1462 1183 1693 1225 confirmandum
1708 1186 1848 1226 populum
1869 1183 1903 1227 se
1929 1185 2118 1228 reservaret.

1227 1234 1317 1275 Quid
1332 1234 1425 1265 multa
1450 1234 1463 1266 ἓ
1491 1233 1586 1266 Nolle
1605 1244 1687 1265 muro
1706 1236 1806 1276 egredi
1828 1240 1915 1274 coepn
1927 1259 1937 1273 ‚
1962 1237 1997 1267 ό·
2009 1237 2121 1268 videns

1218 1282 1273 1323 sihi
1292 1284 1326 1313 in
1343 1291 1433 1323 porta
1445 1281 1594 1321 christum
1611 1294 1755 1316 occurrere
1768 1308 1777 1324 ,
1804 1283 1962 1325 urbemque
1979 1286 2093 1327 ingredi
2105 1307 2120 1325 ‚

1226 1338 1270 1364 ait
1284 1346 1294 1366 .·
1322 1333 1446 1364 Domine
1467 1334 1525 1373 quo
1548 1334 1637 1364 vadis
1652 1333 1669 1364 ,ἓ
1696 1332 1859 1375 Respondit
1882 1332 2016 1372 cbristus
2029 1347 2041 1366 .-
2067 1337 2123 1366 Ve-

1226 1388 1273 1414 nio
1297 1385 1424 1413 Romam
1444 1385 1554 1414 iterum
1576 1381 1707 1425 crucifigi
1732 1393 1741 1413 ¹.
1773 1383 1923 1415 Intellexit
1947 1385 2054 1416 Petrus
2078 1384 2124 1416 ad

1220 1430 1307 1474 suam
1331 1443 1446 1464 crucem
1466 1433 1615 1465 Divinum
1623 1436 1773 1473 pertinere
1797 1431 1996 1475 Responsum.
2025 1432 2122 1466 chri-

1219 1482 1282 1523 stus
1296 1488 1376 1515 enim
1390 1493 1448 1515 non
1456 1490 1573 1523 poterat
1585 1488 1691 1515 iterum
1704 1483 1834 1526 crucifigi
1847 1508 1854 1515 .
1882 1483 2035 1515 Intellexit
2051 1485 2119 1527 ergo

1226 1535 1349 1573 Petrus,
1380 1532 1460 1574 quod
1484 1537 1592 1565 iterum
1609 1531 1742 1573 Christus
1761 1532 1975 1576 crucifigendus
1998 1533 2064 1576 esset
2083 1539 2118 1566 in

1218 1581 1336 1625 servulo
1358 1607 1368 1614 .
1404 1586 1509 1623 Itaque
1527 1580 1634 1624 sponte*
1657 1588 1805 1616 remeavit
1823 1607 1834 1624 ,
1856 1582 2111 1626 interrogantibus

1223 1632 1402 1672 CbristIanis
1413 1630 1582 1674 responsum
1608 1633 1742 1665 reddum
1756 1657 1767 1674 ‚
1788 1632 1951 1675 statimque
1964 1641 2118 1674 correptus

1219 1691 1276 1724 per
1303 1693 1414 1714 crucem
1434 1680 1524 1724 suam
1545 1681 1750 1724 honorificavit
1763 1686 1920 1714 Dominum
1941 1681 2118 1725 JESUM.
2138 1711 2158 1739 p

1225 1733 1267 1766 Et
1285 1730 1351 1766 haec
1375 1731 1541 1765 Ambrosii
1557 1732 1652 1766 verba
1665 1734 1722 1765 suo
1736 1733 1881 1766 Decreto
1894 1732 2027 1766 inseruit
2041 1733 2118 1766 san·
2133 1718 2275 1790 3522}-

1223 1785 1291 1816 stus
1304 1782 1363 1816 lvo
1377 1782 1559 1825 Episcopus
1571 1781 1792 1817 Carnutenfis.
1808 1782 1933 1816 Eadem
1945 1793 2014 1815 uon
2029 1781 2116 1815 nihil
2134 1790 2196 1821 Lib,
2208 1803 2235 1823 ι.

1224 1841 1346 1865 mutata
1361 1856 1371 1871 ,
1399 1832 1463 1864 suis
1475 1830 1627 1865 adversus
1640 1833 1840 1874 Eiipandum
1858 1830 2117 1874 Archi-Episco-

1223 1893 1301 1924 pum
1323 1880 1528 1914 Toletanum
1556 1880 1645 1912 libris
1680 1881 1872 1915 indiderunt
1898 1880 2054 1915 Etherius
2078 1882 2115 1916 δε

1222 1931 1354 1965 Beatus.
1382 1928 1484 1976 Qud
1496 1929 1587 1962 Nero
1602 1930 1705 1972 plures
1717 1929 1923 1963 Christianos
1937 1932 1970 1964 in
1984 1941 2112 1965 crucem

1221 1981 1348 2024 egerit,
1373 1981 1507 2011 testatur
1521 1979 1554 2009 in
1568 1978 1788 2011 Ecclesiastico
1812 1979 1961 2014 Historia
1974 1981 2110 2015 Sanetus
2128 1982 2189 2013 Lib.
2220 1995 2250 2015 ι.

1222 2028 1380 2072 Sulpitius
1388 2027 1522 2060 Severus
1533 2050 1540 2059 .
1569 2025 1662 2058 Hinc
1674 2027 1742 2070 egit
1754 2028 1954 2062 &Sanctum
1964 2029 2112 2072 Petrum,
2125 2031 2191 2062 0³9-
2200 2035 2253 2061 41-

1223 2077 1336 2125 utpote
1349 2086 1445 2123 caput
1463 2075 1616 2112 omnium
1629 2074 1935 2112 Christianorum-⁴·
2025 2094 2027 2099 ·
2075 2097 2077 2099 ·
2102 2084 2110 2102 ν’

1305 2229 1447 2281 Paulus
1480 2234 1640 2296 joannis
1673 2230 1779 2278 exitu
1803 2232 2019 2282 coronatur.

1226 2398 1229 2402 Α
1275 2380 1376 2416 Exitu
1393 2382 1532 2425 Ioannis
1544 2380 1695 2425 Baptistae
1707 2405 1715 2412 .
1734 2381 1860 2415 Feritur
1869 2381 2000 2426 gladio.
2011 2392 2014 2398 ·
2026 2379 2112 2427 Qiss

1222 2429 1299 2464 dam
1323 2442 1431 2471 tamen
1459 2433 1577 2466 volunt
1601 2432 1702 2463 securi
1725 2432 1933 2472 percussurus
1953 2431 1983 2464 Ε
2004 2432 2110 2474 primu

1223 2482 1279 2514 sua
1303 2482 1495 2524 captivitate
1519 2482 1652 2515 Sanetus
1675 2478 1797 2513 Paulus
1816 2477 1858 2512 de
1882 2480 2110 2522 Epaphrodito

1224 2530 1479 2575 Philippensium
1506 2530 1695 2577 Episcopo,
1723 2530 1779 2573 qui
1792 2529 1895 2572 ipsum
1911 2529 2028 2564 Roma»
2039 2530 2111 2564 vista

1222 2590 1362 2619 taverat‚
1392 2582 1575 2615 nummaria
1597 2579 1744 2613 fidelium
1770 2579 1904 2612 subsidia
1930 2580 2109 2620 euaderet,

1223 2643 1260 2664 ac
1276 2629 1319 2664 ibi
1333 2633 1435 2675 usque
1452 2630 1493 2665 ad
1515 2639 1653 2664 mortem
1667 2630 1770 2662 fuerat
1799 2629 2007 2671 infirmatus,
2033 2630 2108 2664 scri-

1222 2680 1271 2714 bit
1291 2681 1331 2715 ad
1346 2681 1589 2725 Philippenses:
1620 2681 1774 2723 ,Quoniam
1791 2685 1913 2721 propter
1935 2687 2006 2722 opus
2015 2679 2112 2713 ‘Chri‘-

1213 2729 1356 2774 stiusque
1377 2733 1421 2764 ad
1443 2740 1565 2764 mortem
1589 2731 1695 2770 acceffit
1710 2754 1720 2770 ,
1748 2731 1871 2762 tradens
1893 2730 2049 2768 animam,
2073 2736 2110 2763 ur
2123 2713 2199 2762 9²1¹·
2210 2721 2246 2760 ἦ·

1224 2782 1359 2823 impleret
1383 2783 1419 2814 id
1440 2783 1522 2824 quod
1543 2792 1580 2815 ex
1600 2780 1685 2813 vobis
1709 2780 1812 2812 deerat
1832 2790 1906 2823 erga
1923 2790 2020 2814 meum
2034 2776 2111 2822 obse·
2144 2797 2146 2800 ·

1222 2838 1341 2874 quium.
1368 2832 1516 2878 Qidam
1530 2830 1595 2864 haec
1610 2829 1802 2874 intelligunt
1823 2829 1865 2863 de
1887 2828 1955 2872 ejus
1970 2829 2108 2863 infirmi-¹

1222 2892 1289 2916 tate
1309 2906 1317 2915 .
1347 2883 1396 2915 At
1422 2881 1524 2927 longe
1550 2880 1639 2914 aliud
1666 2881 1776 2913 censet
1803 2879 1938 2914 Sanctus
1955 2878 2108 2926 'Joannq

1223 2931 1499 2975 Chrysostomus:
1528 2928 1686 2971 Verisimile
1696 2929 1733 2970 est
1747 2928 2013 2972 Epaphroditum,
2037 2923 2104 2963 cuni!

1223 2987 1348 3016 Romam
1358 2981 1538 3026 pervenisset
1550 3005 1562 3022 ,
1589 2981 1717 3014 Paulum
1734 2986 1769 3013 in
1779 2991 1891 3024 magno
1909 2980 1944 3014 ό·
1950 2982 2043 3024 gravi
2052 2985 2106 3019 pe-

1221 3035 1310 3067 riculo
1321 3033 1450 3075 reperff·
1463 3056 1475 3072 ‚
1501 3040 1534 3066 ut
1543 3036 1596 3074 qui
1605 3032 1692 3064 adire
1703 3031 1788 3063 iilum
1813 3030 1949 3068 vellent,
1973 3025 2107 3069 ipfiqms·

1221 3094 1277 3126 que
1302 3083 1425 3116 minime*
1452 3084 1516 3116 tuto
1551 3083 1590 3114 id
1604 3082 1716 3124 possent
1731 3079 1860 3122 facere,
1881 3077 1938 3121 sed
1951 3075 2010 3119 suoa
2024 3081 2106 3118 perh

1221 3134 1284 3167 culo
1307 3134 1477 3167 accederent
1495 3157 1503 3164 .
1529 3133 1623 3176 ,Quod
1647 3136 1769 3165 evenire
1784 3127 1925 3164 »maxime
1949 3123 2100 3168 consuevit

1223 3196 1334 3228 magna
1353 3192 1495 3217 commota
1519 3180 1708 3224 tempestate,
1733 3189 1824 3223 atque
1847 3178 1898 3212 ubi
1919 3179 2033 3220 Regum
2055 3181 2106 3209 ira

1222 3237 1363 3275 maJorem
1388 3239 1420 3266 in
1442 3235 1559 3266 modum
1575 3230 1755 3273 effervefitir⁴
1782 3231 1906 3262 Etenim
1926 3236 1990 3259 cum
2012 3230 2103 3267 quis,

1221 3285 1302 3327 quod
1311 3290 1343 3318 in
1355 3287 1446 3329 Regis
1459 3282 1638 3325 offenfionem
1657 3283 1830 3317 incurrerit,
1856 3282 1890 3310 in
1898 3286 2039 3310 carcerem
2049 3275 2103 3309 de-

1222 3336 1360 3369 truditur
1372 3358 1386 3378 ,
1410 3334 1551 3378 araeque
1567 3331 1693 3373 custodie
1715 3328 1851 3363 eraditur
1863 3350 1877 3369 ,
1901 3335 1971 3418 tur?
1979 3323 2105 3409 Σῧίὶρβ

1960 3387 1978 3408 a
