2346 3724
142 2082 222 2120 Cap·
236 2088 260 2119 3.

138 2122 219 2162 cap»
234 2131 262 2158 7·

378 168 476 214 372

892 153 1314 200 Senos

1384 166 1403 197 1
1469 166 1506 199 Ο
1556 166 1607 199 v21¹¹

302 236 476 283 praesertim
492 234 748 273 consecrationis
762 259 773 277 ,
795 236 830 271 dc
851 236 994 270 colleciae
1016 247 1070 282 per
1082 238 1186 271 Sacer·
1229 268 1232 286 ζ
1247 234 1374 269 laudat.
1404 235 1507 278 Ipsam
1523 235 1556 269 in
1569 235 1677 279 primo
1694 237 1878 275 officiorum
1894 237 1978 274 libro
1988 239 2128 285 exponit

302 286 417 322 dotem
438 286 598 325 orationis
619 297 766 330 ternpore
788 297 887 321 nemo
908 288 994 325 tuffit
1008 312 1019 331 ,
1046 287 1159 320 oscitat
1170 308 1182 327 ,
1229 310 1232 331 3
1246 287 1378 322 Saucius
1393 285 1585 320 Ambrosius
1598 312 1609 326 ,
1622 288 1758 321 afferens
1769 291 1875 331 nescio
1888 302 1984 332 quem
2000 293 2127 335 suspen·

301 338 458 381 exspuit,
483 338 610 383 gemit,
637 337 783 379 suspirat.
812 335 895 369 Haec
914 337 964 371 est
983 337 1116 380 antiqua
1139 347 1184 370 to·
1229 337 1316 375 1sum
1330 336 1495 371 Clericum
1510 337 1602 371 fullie
1614 337 1758 372 officio&
1780 339 1813 372 se
1823 339 2004 375 restitutum
2017 354 2124 382 ‚cum

301 387 369 425 tius
391 387 542 426 Ecclefiae
566 388 701 424 devotio
721 410 732 426 ,
758 396 828 429 quae
849 396 925 421 cum
952 389 1064 421 multis
1091 389 1185 420 avitae
1230 382 1308 421 'hac
1329 398 1436 420 tamen
1460 388 1679 431 exceptione:
1707 392 1758 421 Ne
1781 398 1921 431 umquam
1939 391 2125 435 ipsumpraee
2141 395 2278 434 Cap-na

301 438 524 476 sanctimonia:
536 436 607 470 aliis
619 435 782 479 capitibus
791 445 857 470 erat
871 447 951 474 tunc
967 439 1130 473 conti-asta
1143 437 1184 470 ad
1228 441 1319 473 Aret.
1353 437 1484 479 Utique
1506 440 1537 471 in
1563 440 1697 473 solemni
1712 438 1860 472 Eccleliae
1880 443 2011 477 officio.
2039 442 2125 483 Prae7

301 489 388 525 solos
400 485 587 523 Monachos
600 510 611 527 ‚
640 485 726 529 apud
740 497 822 530 quos
834 498 923 521 nunc
947 487 1073 524 utinam
1087 487 1185 532 perse·
1228 475 1231 494 Ι
1245 487 1352 521 sertim
1368 488 1399 520 in
1414 488 1598 523 Sacrificio.
1633 490 1672 522 Et
1687 489 1719 523 in
1746 490 1862 523 litteris
1872 493 1912 524 ad
1924 491 2123 528 Dioscorum

300 548 405 574 vetet.
433 537 636 576 Divinorum
659 536 694 570 in
719 536 860 573 Ecclesia
886 538 1084 575 Officiorum
1103 548 1184 572 tem-

298 599 377 634 pore
396 587 521 623 fabulas
546 611 557 629 ,
581 587 661 625 risus
681 611 694 630 ‚
721 586 755 621 &
776 598 911 622 omnem
939 588 1183 623 immodestiam
1228 587 1316 640 'Leo
1339 599 1347 620 :

298 636 464 674 duriffime
476 636 671 676 infestantur
682 647 798 674 omnes
807 638 935 684 antiqui
949 638 1059 672 Patres
1073 663 1084 678 ‚
1110 649 1183 682 prae-

299 688 409 722 sertim
435 698 545 723 tamen
571 687 703 725 Sanetus
740 687 882 731 Ioannes
910 687 1182 732 Chrysostomus.

297 737 416 778 videri
441 737 535 782 poffit
557 738 657 781 Jonas
678 733 922 773 Aurelianensis
948 739 1127 784 Episcopus
1145 740 1181 776 iu

294 788 459 837 opusculis
470 787 512 824 de
524 787 630 838 Regia
650 787 782 827 &laica
802 788 1028 827 institutione.

531 937 716 1010 Procffo
750 940 915 992 modefla
930 977 945 993 ο

340 1089 546 1129 Christianos
561 1090 669 1133 olim,
695 1093 864 1137 praesertim
888 1092 1062 1134 foeminas,
1089 1092 1175 1126 raris·

289 1142 368 1180 {ime
381 1154 419 1178 ac
430 1141 660 1180 modestissime
673 1167 684 1184 ,
711 1142 777 1177 fine
791 1143 953 1188 superfluo
976 1143 1112 1178 vestium
1125 1153 1175 1176 or·

287 1202 368 1229 natu
393 1217 404 1236 ,
431 1192 610 1237 proceffiffe
633 1195 666 1227 in
693 1194 860 1237 publicum
887 1216 897 1232 ,
922 1194 1020 1229 docet
1042 1194 1176 1238 vulgare

288 1252 370 1279 tunc
384 1244 517 1287 gentilis
532 1245 565 1275 in
580 1253 640 1277 nos
659 1244 842 1278 dicacitatis
853 1244 1023 1289 adagium:
1055 1246 1108 1277 Ex
1121 1254 1176 1287 quo

283 1292 373 1337 sada
384 1293 421 1332 est
428 1292 597 1332 christiana
614 1317 624 1332 ,
647 1295 812 1335 pauperinis
826 1295 952 1328 incedit.
981 1294 1075 1328 Hinc
1086 1294 1120 1328 ἀ
1134 1293 1174 1328 ad

286 1343 438 1378 Sanctam
453 1340 622 1386 Agatham
635 1343 721 1377 dixit
737 1344 956 1390 Qinctianus
966 1344 1085 1378 Siciliae
1099 1344 1173 1376 Prae-

284 1400 338 1425 tor
355 1403 363 1423 ι
391 1395 504 1426 Nonne
515 1401 545 1426 te
556 1392 649 1434 pudet
660 1393 752 1427 nobili
754 1404 864 1437 genere
880 1402 987 1426 natam
998 1418 1007 1432 ,
1034 1393 1175 1427 humilem

283 1441 318 1477 ἐν
323 1440 465 1485 servilem
490 1440 724 1484 Christianorum
752 1450 851 1477 vitam
874 1445 983 1488 agere?
1008 1443 1086 1477 Haec
1113 1443 1173 1478 im-

282 1492 433 1536 properia
447 1502 483 1528 ut
495 1491 690 1527 Christianae
712 1494 855 1528 foeminae
867 1494 1027 1529 discerent
1041 1505 1107 1528 non
1120 1505 1170 1528 cu<

281 1553 353 1577 rare
378 1567 389 1583 ‚
426 1542 677 1578 eruditiffimum
701 1544 742 1578 de
765 1544 905 1587 ipsarum
932 1545 1024 1580 cultu
1051 1543 1171 1578 librum

283 1591 406 1637 scripsit
428 1593 625 1637 Septimius,
654 1594 688 1629 ὅ(
712 1593 784 1629 istic
809 1593 908 1629 habet
930 1595 971 1629 de
982 1596 1171 1630 earumdem

257 1680 265 1691 ι
281 1641 318 1677 in
348 1643 517 1687 publicum
530 1645 693 1687 proceffu:
721 1644 812 1678 Vobis
824 1646 908 1678 nulla
921 1643 1009 1688 causa
1015 1647 1171 1687 proceden-

280 1694 315 1727 dt
340 1705 397 1727 non
422 1700 546 1729 tetrica.
576 1698 634 1727 Aut
651 1694 805 1728 imbecillis
826 1697 936 1738 aliquis
956 1706 992 1728 ex
1011 1694 1171 1737 fratribus

279 1743 444 1786 vificatur,
470 1753 523 1778 aue
546 1743 726 1786 sacrificium
749 1744 869 1787 offertur
887 1770 898 1788 ,
925 1755 979 1780 aut
1002 1748 1059 1780 Dei
1074 1745 1172 1789 sermo

278 1794 506 1833 administratur
521 1817 528 1826 ,
563 1796 701 1836 ,Quidvis
715 1794 819 1827 borum
830 1819 841 1834 ,
861 1801 1035 1836 gravitatis
1059 1798 1093 1830 Θ
1100 1795 1169 1839 san·

278 1841 394 1876 Hiram
409 1848 556 1887 negotium
568 1840 607 1881 est
620 1864 632 1881 ‚
658 1848 703 1876 cui
712 1850 786 1883 opus
799 1854 856 1875 non
870 1842 908 1883 fit
918 1843 1022 1877 habitu
1038 1854 1168 1878 extraor-

279 1894 423 1932 dinario,
441 1889 664 1932 '&compofito,
692 1892 727 1925 ὁ·
743 1889 836 1934 soluto
852 1914 860 1925 .
891 1892 1001 1928 Etiam
1022 1894 1101 1929 dum
1127 1906 1169 1929 ex

278 1939 396 1986 quovis
411 1940 559 1974 humano
571 1938 684 1972 officio
699 1949 840 1984 paganas
852 1941 1004 1982 personas
1017 1944 1145 1975 visitant
1159 1966 1170 1982 ,

278 1991 350 2026 vult
368 1990 462 2025 aliter
489 2000 557 2023 non
583 1987 714 2033 procedi
741 2013 748 2022 .
779 1989 904 2023 Eodem
935 1991 1026 2023 sensu
1055 2001 1168 2025 vocem

278 2039 550 2084 hancusurpatin
562 2039 706 2073 secundo
718 2038 758 2073 ad
773 2050 909 2072 uxorem
925 2039 1029 2074 libro:
1059 2042 1166 2082 stpro-

278 2092 444 2126 cedendum
454 2094 530 2124 erit.
560 2089 602 2123 Et
618 2087 756 2123 iteriim:
781 2090 918 2131 procedet
940 2091 979 2122 de
981 2092 1083 2130 janua
1106 2091 1169 2123 lau-

277 2151 386 2179 reata.
416 2140 565 2178 Eandem
580 2141 611 2173 in
628 2139 838 2174 foeminarum
863 2140 1008 2182 processu
1029 2139 1170 2182 discipli·

279 2205 360 2230 nam
386 2191 543 2228 acerrime
567 2200 660 2236 urget
685 2190 719 2225 iu
743 2190 800 2224 suo
828 2189 1016 2234 Paedagogo
1035 2190 1170 2224 sanetus

280 2244 437 2279 Clemens
452 2241 695 2276 Alexandrinus
711 2264 722 2280 ,
748 2240 872 2274 addens
883 2240 983 2274 etiam
1004 2239 1022 2273 a
1035 2240 1166 2284 gentili-

281 2294 343 2331 bus
356 2291 614 2328 Lacedaemoniis
626 2302 738 2325 aurum
761 2291 794 2325 ὅ(
807 2289 941 2326 floridas
966 2292 1065 2325 vesses
1076 2290 1170 2324 fuisse

280 2344 448 2391 permissas
460 2342 535 2378 solis
550 2340 774 2376 meretricibus
787 2366 794 2373 .
821 2340 926 2388 Qdd
948 2341 1168 2375 foeminae'non

280 2394 410 2431 tantum
434 2395 469 2429 in
492 2394 638 2436 compita
660 2391 836 2432 &forum‚
864 2390 917 2425 sed
942 2390 1086 2426 etiamin
1109 2389 1168 2424 Ec·

279 2445 408 2482 cleliam
430 2444 592 2488 pomposae
614 2443 781 2478 &ornatae
803 2440 1015 2485 procederent
1037 2464 1049 2482 ,
1074 2440 1169 2483 adeo7

280 2507 345 2541 que
359 2495 443 2530 hanc
454 2492 542 2537 quasi
555 2493 588 2526 in
599 2494 757 2527 fornicem
780 2491 813 2526 ὅ(
828 2492 963 2535 lupanar
978 2491 1168 2524 transmuta-

281 2555 354 2580 reut
371 2569 382 2583 ,
412 2545 446 2578 in
459 2542 597 2578 homilia
621 2543 663 2577 de
676 2554 744 2577 non
766 2541 1018 2576 contemnendis
1031 2541 1096 2574 Dei
1111 2540 1167 2573 Ec-

281 2593 386 2630 clefiis
408 2593 590 2638 gravissime
628 2593 773 2636 queritur
812 2591 846 2627 δε
874 2591 1010 2626 damnat
1036 2591 1170 2625 Sanstus

282 2644 427 2690 joannes
439 2641 697 2686 Chrysostomus
707 2665 714 2673 .
746 2641 880 2675 Avitam
895 2640 1087 2684 procedendi
1101 2652 1157 2676 mo

280 2693 419 2728 destiam
439 2692 546 2726 voluit
566 2690 683 2725 abillis
703 2689 814 2725 saltem
828 2691 863 2724 in
880 2691 1020 2725 Ecclesia
1034 2691 1168 2725 servari.

282 2743 446 2779 Eamdem
467 2740 547 2775 dum
570 2740 746 2775 incondito
772 2740 846 2774 zelo
867 2750 1012 2783 reparare
1035 2740 1169 2775 molitur

284 2794 453 2828 Eustatius
474 2789 667 2826 Sebastenus
687 2790 721 2824 in
745 2790 848 2834 prima
871 2788 1028 2824 Armenia
1055 2790 1170 2825 Archi-

283 2845 466 2888 Episcopus
477 2868 487 2883 ,
501 2839 624 2876 decidit
637 2841 669 2875 in
683 2851 804 2875 errores
815 2840 988 2875 damnatos
999 2841 1016 2874 a
1030 2840 1169 2884 synodo

283 2893 483 2939 Gangrenli.
513 2892 687 2927 Eratenim
707 2890 976 2932 Macedoniam,
997 2891 1087 2935 cujus
1099 2903 1169 2934 prz-

282 2945 394 2980 sertim
407 2943 582 2986 Episcopos
606 2941 800 2977 &Clericos
823 2952 899 2975 cum
923 2942 1073 2986 singulari
1099 2954 1167 2976 mo-

282 2994 384 3030 destia
406 2995 441 3029 ὅ(
456 2993 644 3026 humilitate
669 2990 822 3035 prodiisse
847 2993 879 3024 in
897 2990 1062 3035 publicum
1076 2991 1167 3026 testa-

282 3054 338 3081 tur
358 3045 493 3079 Sanetus
515 3041 694 3087 Gregorius
722 3042 952 3076 Nazianzenus
970 3065 980 3081 ‚
1011 3041 1166 3076 haereseos

281 3096 419 3131 sestator
439 3094 472 3128 δε
484 3103 672 3127 vertumnus
684 3116 695 3132 ,
722 3101 819 3135 atque
833 3092 876 3126 ita
886 3092 1023 3126 eandem
1035 3093 1164 3126 virtutis

281 3147 419 3190 speciem
440 3141 564 3178 studuit
588 3143 621 3177 in
638 3144 699 3176 suae
722 3141 872 3176 factionis
886 3144 1042 3186 populum
1058 3143 1166 3177 tradu-

282 3207 374 3230 cere.
401 3194 527 3229 Verum
554 3205 622 3228 non
646 3202 714 3226 erat
738 3192 780 3228 de
803 3193 925 3227 semine
941 3192 1072 3227 illorum
1086 3192 1164 3227 viro<

283 3255 376 3286 rum,
406 3256 461 3289 per
485 3253 568 3289 quos
587 3242 632 3277 est
655 3244 736 3276 fasta
761 3244 846 3276 salus
869 3244 901 3276 in
915 3242 1033 3277 lsrael.
1063 3243 1163 3276 Hanc

281 3295 414 3328 interim
428 3293 622 3337 procedendi
644 3291 837 3328 modestiam
858 3293 962 3339 aliqui
978 3290 1162 3327 volunthic

282 3343 407 3379 laudari
428 3345 446 3377 a
460 3344 616 3389 Septimio
628 3369 636 3377 .

332 3390 457 3428 Verum
479 3405 545 3426 non
560 3394 666 3435 hanc,
692 3392 745 3428 sed
769 3394 871 3428 solam
888 3393 922 3427 in
936 3389 1156 3427 Ecclesiastica

280 3442 485 3491 apparitione
502 3442 573 3477 fieri
591 3445 785 3480 consuetam
809 3442 1044 3489 proceffionem
1054 3442 1161 3478 lucide

1246 535 1455 571 Alexandriae
1481 539 1702 573 Patriarcham
1726 540 1833 573 scribit
1858 540 2004 585 Magnus
2032 543 2123 587 Papa

1386 589 1560 629 Pqffidomus
1591 590 1740 629 Presbyter
1775 590 1879 631 nostris
1903 594 2121 632 proceffiombus

1227 648 1230 676 ;
1244 648 1335 680 atque
1355 639 1593 672 ordinationibus
1609 640 1786 683 frequenter
1797 639 1938 684 interfuit
1951 664 1962 681 ,
1989 645 2022 676 (θ’
2035 651 2123 681 toties

1244 689 1288 721 ad
1299 699 1350 721 nos
1362 690 1459 733 m¹ffi⁴5
1471 713 1481 730 ,
1504 692 1582 732 quid
1593 697 1625 724 in
1645 691 1776 725 omnibus
1786 693 1954 733 ..apostolicae
1970 695 2052 726 Sedis
2064 705 2124 733 eru‘·¹

1242 737 1385 772 thoritate
1405 747 1591 781 teneremus,
1617 749 1761 785 agnovit.
1790 742 1941 776 Affirmat
1968 742 2126 781 Romanas

1247 788 1397 823 Eccleliae
1408 789 1442 823 in
1458 791 1593 825 Divinis
1604 792 1722 826 officiis
1734 793 1832 826 ritum
1852 803 1916 826 non
1930 793 2017 835 posse
2028 792 2126 837 igno-

1243 839 1303 872 rari
1320 839 1335 872 ὲ
1351 839 1516 875 Dioscoro
1527 865 1538 882 ‚
1564 842 1654 885 cujus
1666 842 1836 885 Presbyter
1848 854 1884 876 ac
1895 842 2038 887 Legatus
2049 842 2128 877 Pos-

1242 889 1387 924 sidonius
1419 891 1603 934 frequenter
1623 904 1699 926 cum
1725 892 1889 928 Pontifice
1915 892 1955 926 ad
1980 893 2126 938 solemne

1242 939 1441 975 Sacrificium
1462 942 1496 977 δε
1510 943 1571 976 alia
1591 944 1700 977 officia
1726 945 1915 986 procefliffet
1935 968 1944 976 .
1975 943 2018 977 Et
2041 943 2125 978 Aca*

1239 992 1326 1024 cium
1340 991 1963 1038 Constantinopolitanum-Episcopum
1976 1017 1987 1035 ,
2020 994 2124 1028 multa

1242 1040 1564 1082 Eutychianistatum
1576 1044 1814 1080 communione
1827 1048 1990 1089 pollutum
2004 1068 2015 1084 ,
2034 1042 2124 1088 quod

1242 1090 1386 1125 vitalem
1405 1103 1443 1125 ac
1456 1092 1619 1127 Misenum
1631 1117 1641 1133 ,
1668 1095 1813 1139 Legatos
1834 1096 1853 1128 ὲ,
1876 1097 1907 1128 se
1920 1090 2100 1137 Episcopos
2112 1114 2124 1135 ,

1240 1140 1399 1175 violenter
1422 1142 1574 1185 coegisset
1599 1145 1706 1178 secum
1733 1143 1927 1187 procedrre‚
1952 1142 2125 1179 damnavit

1239 1190 1332 1225 Felix
1357 1191 1488 1225 tertius.
1518 1191 1628 1226 Etiam
1653 1193 1900 1233 Sebastianum,
1925 1193 2017 1226 suum
2045 1192 2123 1227 Dia·
2140 1189 2193 1228 Ep.
2207 1189 2238 1221 6·

1234 1251 1359 1286 ‚conum
1382 1264 1393 1281 ‚
1419 1240 1508 1285 quod
1533 1252 1608 1276 cum
1630 1242 1790 1276 Honorio
1822 1243 2017 1277 Salonitano
2037 1241 2124 1286 apud

1240 1291 1409 1325 Dalmatas
1435 1291 1716 1336 Archi-Episcopo
1740 1316 1751 1332 ‚
1778 1293 1812 1327 ἃ
1830 1306 1883 1336 per
1909 1294 2014 1335 ipsum
2039 1292 2124 1329 mal&

1236 1340 1396 1375 ordinatis
1408 1341 1543 1376 Clericis
1555 1342 1745 1385 proceffiffet
1759 1367 1769 1383 ,
1796 1355 1891 1387 atque
1906 1343 1955 1378 itav
1978 1342 2047 1386 ejus
2061 1345 2124 1379 scae

1238 1391 1326 1426 biosa
1340 1393 1580 1426 communione
1601 1393 1632 1427 se
1652 1392 1697 1427 ob
1720 1393 1931 1428 venalitatem
1952 1394 2096 1428 foedaffet
2110 1415 2126 1434 ‚

1239 1441 1384 1486 Vigilius
1403 1443 1562 1476 Pontifex
1585 1442 1777 1488 degradavit
1800 1467 1809 1476 .
1838 1444 1998 1488 Diploma
2019 1443 2124 1478 exstat

1238 1491 1270 1526 in
1289 1493 1404 1536 quinta
1431 1493 1588 1536 Synodo.
1617 1494 1659 1528 Et
1683 1504 1757 1527 cum
1769 1493 1897 1538 Joanne
1915 1494 2122 1537 Jejunatore,
2142 1495 2251 1534 Actor.

1237 1543 1614 1586 Constantinopolitano
1641 1543 1828 1587 Episcopo,
1857 1543 1947 1589 quod
1963 1541 2122 1586 universa-v

1233 1594 1271 1627 lis
1283 1592 1422 1637 Episcopi
1443 1593 1498 1628 fibi
1511 1595 1684 1638 arrogasset
1696 1594 1830 1629 titulum
1843 1619 1854 1635 ‚
1879 1594 2123 1639 procederesuo

1236 1644 1448 1687 Apocrisario
1480 1643 1637 1679 Diacono
1661 1644 1801 1688 primum
1829 1644 1984 1690 Pelagius
2011 1647 2125 1678 secun.-

1233 1694 1293 1728 dus
1302 1718 1314 1736 ‚
1339 1693 1458 1728 deinde
1471 1694 1618 1739 Magnus
1631 1693 1811 1740 Gregorius
1822 1684 2013 1739 rigidiflime
2024 1694 2121 1729 inten-

1233 1744 1386 1779 dixerunt
1399 1769 1406 1777 .
1434 1744 1632 1779 Mandatum
1663 1744 1727 1788 hoc
1740 1745 1888 1790 pluribus
1907 1744 2124 1789 epistolisite'·

1232 1796 1312 1829 ravit
1324 1795 1525 1839 Gregorius,
1552 1795 1638 1829 &de
1662 1795 1730 1830 istis
1743 1794 1853 1831 scribit
1875 1796 1915 1830 ad
1930 1796 2022 1828 suum
2041 1793 2123 1828 Dia·

1232 1855 1355 1878 conum
1378 1856 1416 1877 ac
1429 1843 1674 1886 Apocrisarium
1699 1845 1936 1879 Sabinianum:
1961 1846 2042 1878 sicut
2062 1843 2122 1877 tibi
2140 1857 2201 1890 Lib,
2215 1869 2247 1896 4,

1224 1897 1295 1934 Jam
1317 1891 1479 1935 transac‘i‘ts
1497 1890 1622 1933 epistolis
1637 1889 1743 1933 scripsi
1760 1915 1772 1932 ‚
1817 1904 1983 1936 numquam
2001 1905 2067 1927 cum
2089 1903 2120 1927 eo
2136 1907 2183 1937 ep.
2198 1909 2247 1937 39.

1227 1944 1383 1983 procedere
1391 1939 1560 1980 prasumat
1570 1963 1577 1970 .
1610 1940 1652 1971 Et
1667 1941 1701 1971 in
1713 1941 1829 1973 litteris
1845 1944 1885 1976 ad
1901 1944 2005 1985 ipsum
2021 1943 2119 1987 Joan·
2137 1942 2184 1979 ER
2199 1944 2245 1976 38.

1232 1998 1306 2023 nem
1320 2013 1331 2028 ,
1359 1990 1440 2021 acin
1454 1987 1568 2020 litteris
1579 1987 1618 2021 ad
1635 1986 1817 2032 Eulogium
1829 1987 2094 2028 Alexandrinum
2103 2015 2118 2034 ,

1232 2050 1267 2073 ac
1287 2037 1491 2073 Anastafium
1504 2036 1725 2072 patriarcham
1742 2037 1992 2074 Antiochenam
2006 2040 2120 2076 scribit
2187 2032 2189 2034 ¹

1231 2090 1270 2123 de
1285 2087 1498 2122 Antecessore
1513 2088 1568 2121 suo
1583 2086 1722 2131 Pelagio
1736 2089 1880 2122 secundo
1894 2103 1901 2122 z
1930 2091 2118 2131 Diaconum,

1231 2145 1280 2182 qui
1295 2140 1394 2179 Juxta
1417 2148 1524 2171 morem
1546 2146 1602 2180 pro
1631 2136 1782 2180 Responfis
1811 2137 1944 2178 Ecclefiae
1962 2139 2118 2182 faciendis
2185 2159 2197 2170 ι

1228 2189 1417 2231 piiffimorum
1444 2190 1632 2220 Dominarum
1655 2187 1784 2232 vestigiis
1807 2189 1988 2223 adbaerebat
2013 2214 2026 2231 ,
2051 2201 2118 2224 cum

1223 2242 1352 2284 Joanne
1373 2237 1524 2280 Missurum
1539 2235 1683 2280 solemnia
1704 2237 1848 2272 celebrare
1868 2238 2041 2281 probibuit.
2070 2240 2115 2275 Et

1230 2289 1271 2324 de
1283 2289 1418 2331 Ioannis
1440 2288 1487 2321 uti
1512 2289 1545 2320 in
1561 2286 1782 2329 Cubedram,
1811 2291 1854 2323 ita
1877 2290 1911 2322 in
1937 2289 2114 2333 superbum

1231 2339 1363 2374 titulum
1378 2337 1563 2372 Successore
1580 2337 1725 2380 Cyriaco
1747 2337 1849 2384 pergit
1861 2337 1901 2372 ad
1916 2339 2115 2376 Mauritium

1234 2389 1437 2433 Augustum:
1469 2391 1583 2427 cyriaci
1594 2386 1787 2430 Responsales
1800 2400 1864 2422 cum
1886 2401 1992 2432 magno
2003 2387 2115 2432 offella

1225 2437 1354 2482 sufi‘epi.
1384 2438 1546 2482 ,Quidquid
1565 2438 1665 2471 debuit
1685 2437 1847 2472 charitatis
1871 2439 1996 2473 exhibui
2017 2464 2029 2480 ,
2055 2451 2117 2474 me·

1233 2488 1346 2533 liusque
1369 2499 1439 2527 eos,
1463 2491 1554 2530 quim
1577 2486 1749 2531 conficerudo
1768 2487 2004 2531 priJ‘cafuer-at,
2029 2487 2117 2523 bono-

1230 2546 1302 2573 ravi
1317 2565 1326 2580 ‚
1353 2540 1386 2574 (5
1398 2549 1508 2571 mecum
1514 2537 1578 2579 fect
1587 2549 1633 2572 eos
1647 2536 1737 2581 sacra
1753 2539 1902 2580 Miffarum
1921 2537 2064 2582 solemnia
2073 2551 2117 2574 ce·

1229 2589 1361 2625 lebrare-
1389 2590 1474 2632 ,Quia
1493 2587 1565 2629 sicut
1600 2600 1680 2621 meus
1709 2591 1856 2622 Diaconus
1878 2589 1923 2621 ad
1941 2588 2114 2624 exhibenda

1223 2638 1331 2684 sanila
1344 2639 1472 2679 mysteria
1481 2639 1531 2671 'illi
1558 2648 1617 2671 non
1630 2638 1715 2672 debet
1727 2639 1892 2677 ministrare
1905 2662 1915 2678 ,
1940 2644 1992 2680 qui
2015 2640 2116 2673 elatio·

1230 2696 1277 2723 nis
1299 2690 1419 2731 culpam
1444 2697 1497 2722 aut
1519 2687 1655 2727 commisit
1668 2712 1679 2728 ‚
1704 2699 1759 2723 aut
1778 2690 1819 2723 ab
1848 2690 1918 2722 alm
1940 2689 2114 2732 commeffam

1232 2752 1287 2774 non
1306 2744 1441 2783 corrigit,
1472 2744 1516 2772 ita
1538 2738 1668 2779 Ministri
1686 2739 1765 2773 illius
1791 2743 1824 2772 in
1840 2737 2029 2773 celebratione
2044 2737 2115 2784 M'fi

1228 2791 1329 2835 sarum
1343 2788 1415 2823 mihi
1426 2788 1520 2832 adesse
1540 2790 1708 2823 debuerunt
1720 2813 1731 2829 ‚
1756 2795 1850 2832 quiin
1868 2787 2017 2831 superbiae
2038 2801 2118 2825 erres

1230 2854 1291 2876 rem
1319 2853 1376 2874 non
1399 2840 1496 2873 decidi
1509 2867 1511 2870 .
1545 2839 1585 2873 Et
1599 2839 1719 2882 Joanni
1741 2838 1904 2874 Ravennae
1923 2840 2118 2884 ArchiEpi·

1231 2895 1328 2936 scopo
1341 2915 1351 2932 ,
1380 2891 1463 2924 inter
1477 2890 1622 2923 Ecclefiae
1650 2891 1710 2923 suae
1722 2889 1891 2935 privilegia
1906 2891 2118 2933 numeranti,

1230 2941 1318 2986 quod
1344 2943 1452 2975 secum
1477 2940 1523 2974 sui
1551 2938 1735 2984 Presbyteri
1757 2953 1795 2974 ac
1824 2940 1969 2976 Diaconi
1994 2942 2117 2985 semper

1231 2994 1344 3027 Romae
1365 2992 1397 3025 in
1415 2990 1557 3025 Domini
1582 2989 1677 3032 Papa:
1697 2988 1856 3036 obsequio
1878 2991 2126 3075 procedereztd'

1229 3044 1376 3086 &ipsum
1392 3052 1458 3075 non
1473 3038 1588 3074 auferri
1604 3041 1820 3084 supplicanti,
1850 3042 2014 3085 respondit
2026 3055 2037 3075 .-

1227 3096 1331 3127 credas
1344 3118 1354 3133 ,
1380 3092 1462 3134 quod
1482 3101 1531 3136 ego
1546 3090 1701 3132 Ecclefiam
1721 3101 1803 3137 niam
1822 3098 1855 3125 tn
1877 3093 1973 3135 aliquo
1981 3100 2098 3136 gravia

1228 3154 1281 3177 aut
1298 3147 1390 3176 minui
1400 3143 1466 3176 volo
1483 3166 1489 3173 .
1520 3143 1683 3175 Recordare
1695 3149 1726 3174 in
1739 3145 1940 3176 Romanarum
1961 3143 2107 3184 Miffaerum

1222 3193 1401 3237 solemnibus
1413 3216 1423 3232 ,
1450 3191 1500 3224 ubi
1528 3194 1696 3226 Ravennas
1712 3195 1856 3226 Diaconus
1869 3193 1991 3234 stabat,
2015 3189 2050 3221 θ
2063 3199 2107 3221 ⁷0·

1226 3250 1307 3287 quire
1319 3242 1368 3276 ubi·
1380 3242 1466 3275 bodri?
1472 3242 1533 3282 stat
1546 3267 1558 3283 ‚
1585 3244 1619 3277 (9
1628 3240 1775 3286 cognosces
1790 3249 1863 3286 quia
1878 3236 2032 3279 Ecclefiam
2042 3240 2106 3271 Ra-

1227 3345 1340 3378 nienfis
1362 3343 1396 3376 in
1409 3342 1579 3385 Lycaonia
1591 3366 1603 3382 ,
1627 3343 1663 3377 ἀ
1678 3341 1848 3375 Zacharias
1869 3337 2107 3371 Tauromenita

1226 3397 1258 3427 in
1279 3392 1389 3428 Sicilia
1418 3393 1616 3437 Episcopus,
1644 3390 1796 3424 homiues
1817 3386 1978 3421 Photiani
1995 3410 2006 3427 ,
2032 3399 2105 3431 quo

1224 3445 1304 3480 sein
1327 3445 1440 3479 offlwa
1451 3440 1589 3487 synodo
1607 3440 1806 3475 ostentarent
1818 3437 2033 3523 Cathogcos,
2057 3438 2105 3483 jan¹

1956 3493 2051 3523 arunt

2232 3026 2247 3057 ‘t

2098 3092 2111 3120 ι
2131 3078 2191 3109 Lib.
2209 3089 2238 3109 2.

2127 3118 2224 3150 indi&-
2236 3128 2284 3151 tr.
2336 3154 2342 3161 ,

2127 3161 2178 3197 Ep.
2197 3168 2243 3195 55.

1225 3302 1386 3328 vennaetem
1400 3291 1543 3326 bonorare
1585 3292 1730 3334 desidero.
1761 3292 1804 3327 Et
1817 3287 2025 3331 Theophilus
2036 3287 2108 3322 100,
2123 3269 2183 3350 ἐξ).
2206 3281 2239 3347 54.
