2346 3724
726 172 768 215 C

839 184 865 212 A
935 182 962 211 P*
1030 182 1045 211 1

137 263 140 267 ’
195 259 312 305 giumu
328 253 425 303 ·Qis
436 259 503 287 non
517 242 625 286 videat
641 251 747 287 'etiam
774 251 823 287 his
835 263 967 286 omnem
979 250 1079 285 fidem

59 1075 159 1118 μὴ),
169 1108 172 1110 ,

55 1122 124 1154 ἀρ»
134 1123 180 1152 23.

47 1272 120 1310 Cap.
130 1282 180 1309 ²4·

56 1766 119 1798 Lib.
130 1777 153 1796 ι.

53 1816 121 1845 cap.
130 1810 177 1843 56.

35 2537 96 2573 Ful·
106 2542 172 2575 363·

196 309 288 344 fuiffe
298 304 525 350 probabilem?
549 302 648 346 Apud
665 303 749 346 ipsos
762 312 855 338 erant
865 313 915 336 tot
930 302 1079 346 Dogma-

197 369 229 393 ta
244 382 254 399 ,
279 365 359 400 quot
371 354 546 388 hominum
570 354 698 396 capita:
726 354 770 387 Et
783 363 898 387 omnes
910 362 1002 385 erant
1014 362 1079 385 una

195 406 336 442 Eeclefia
348 403 600 444 Gnosticorum,
618 403 759 438 Ecclesia
774 402 966 446 Vesparum.
982 401 1077 449 Qid

194 456 352 492 miramur
363 454 565 488 Gnosticos?
593 452 695 500 Qod
707 453 838 497 quidam
855 451 952 486 etiam
967 451 1079 485 Dona-

195 506 275 541 tistae
291 503 485 540 crediderint
510 516 546 537 ac
571 503 741 537 docuerint
753 504 862 537 Deum
884 500 965 535 reste
987 502 1078 540 coli,

194 558 229 591 &
241 555 408 590 hominem
423 555 511 598 posse
533 553 646 587 salvari
675 554 708 587 in
724 553 835 596 quavis
849 553 913 586 fide
926 577 937 592 ,
963 551 1080 585 diserte

193 606 231 640 in
245 606 330 640 libro
343 605 383 640 de
394 603 582 638 Pastoribus
593 605 688 637 docet
703 604 837 637 Sanetus
854 602 1078 646 Augustinus.

197 656 301 702 Quod
316 657 421 700 ipsum
435 653 534 688 hodie
548 655 667 688 docent
680 653 784 696 plures
797 653 993 687 Calvinistae.
1025 653 1081 686 Et-

193 707 260 740 iam
272 705 320 747 hi,
332 704 474 740 adinstar
487 704 721 738 Gnosticorum
734 728 745 743 ,
760 714 810 737 tot
825 703 946 738 habent
957 702 1079 737 diversa

192 757 362 801 Dogmata
375 781 386 796 ‚
401 767 481 799 quot
497 754 672 788 hominum
684 755 788 797 capita
802 766 808 785 :
839 753 881 787 Et
895 764 1001 787 tamen
1014 763 1080 786 om-

193 817 251 840 nes
263 808 326 840 effe
341 806 457 839 volunt
470 817 534 839 una
545 806 657 839 Sancta
670 803 1079 838 EcclefiaCalvinistarum.

243 856 348 904 Qod
369 854 500 891 haereses
522 865 638 888 omnes
661 853 808 887 arbitrari
836 853 1080 891 indifferentes,

194 906 335 949 ideoque
357 907 440 949 ipsas
466 916 534 938 uon
549 914 717 936 numerare
742 903 827 936 inter
848 914 944 946 prava
957 914 1055 946 opera
1070 927 1080 943 ‚

194 956 233 989 sit
247 954 444 990 Gnosticum
456 954 590 998 Dogma
601 977 612 993 ‚
631 954 730 987 etiam
744 953 822 987 alibi
837 954 935 987 tradit
948 954 1082 988 Sanstus

194 1004 351 1040 Ire'naeus.
374 1005 508 1039 Etenim
531 1004 614 1037 inter
625 1002 792 1037 Saturnini
804 1005 971 1047 Dogmata
984 1003 1080 1046 ponit

193 1054 257 1089 hos
278 1055 457 1090 articulos.-
483 1055 724 1087 Contemnere&
745 1053 927 1094 idolothyta,
955 1054 988 1087 ὀ·
1005 1052 1084 1086 nibil

194 1105 361 1144 arbitrari,
388 1106 422 1138 ὁ·
433 1103 495 1145 fine
517 1103 620 1146 aliqua
637 1104 834 1144 trepidatione
854 1109 897 1136 eis
921 1109 986 1137 uti.
1014 1107 1081 1136 Ha-

193 1154 260 1189 bere
276 1162 373 1189 autem
385 1156 419 1187 (θ’
430 1154 612 1196 reliquarum
636 1159 835 1195 operationum
857 1151 941 1196 usum
964 1152 1082 1194 indiffe-

193 1213 328 1246 rentem,
356 1201 553 1246 &universae
568 1203 701 1236 libidinis
715 1229 722 1235 .
752 1204 796 1237 Et
818 1203 859 1238 de
883 1204 1082 1248 Carpocrate

194 1267 232 1290 ac
242 1255 311 1299 ejus
320 1253 538 1290 Senatoribus
559 1253 670 1287 scribit
681 1266 693 1286 .·
720 1255 740 1286 5
741 1256 782 1287 ed
791 1255 824 1288 (5
836 1259 936 1287 vitam
962 1256 1081 1297 quidem

195 1305 382 1348 luxuriosam
395 1330 406 1345 ‚
421 1303 606 1347 sententiam.
628 1313 727 1337 autem
750 1309 876 1346 implam
887 1306 933 1337 ad
943 1305 1082 1338 velamen

194 1358 320 1389 malitiae
343 1354 471 1397 ipsorum
497 1359 613 1386 nomine
640 1354 819 1386 abutuntur.
847 1357 894 1385 Et
915 1359 947 1386 in
959 1363 1081 1386 tantum

194 1403 315 1448 insania
327 1404 474 1445 effroenati
483 1401 556 1445 sunt
566 1426 577 1441 ,
604 1409 638 1434 ut
650 1403 684 1435 <w
694 1409 792 1435 omnIa
805 1413 993 1445 quaecumque
1011 1403 1083 1446 sunt

194 1452 406 1497 irreligiosa&
419 1458 533 1493 impia,
555 1449 731 1492 potestatem
754 1450 860 1500 babere
886 1452 1035 1493 operandi
1047 1452 1082 1495 se

193 1505 299 1536 dicarit
309 1527 321 1534 .
345 1503 411 1535 sola
421 1507 500 1534 enim
513 1499 645 1532 humana
664 1504 798 1540 opinione
822 1508 939 1544 negotia
957 1504 1039 1535 mala
1049 1504 1083 1535 ὁ·

192 1554 271 1587 bona
285 1554 388 1586 dicunt
399 1575 406 1582 .
433 1549 534 1594 Apud
549 1548 711 1582 Divinum
721 1548 880 1591 judicium
892 1552 1006 1584 omnia
1019 1552 1081 1585 effi:

191 1601 415 1638 indifferentia
428 1625 435 1632 .
463 1597 629 1633 Adversus
639 1599 781 1633 eundem
792 1611 930 1635 errorem
944 1600 1081 1635 Irenaeus

193 1654 295 1688 etiam
319 1652 354 1686 in
376 1651 444 1685 alio
465 1649 551 1684 libro
570 1649 771 1687 demonstrat
789 1661 857 1684 non
870 1649 1081 1686 solummodo

193 1714 292 1747 prava
303 1712 403 1745 opera
419 1725 431 1742 ,
456 1700 509 1734 sed
519 1699 553 1733 &
563 1701 711 1744 cogitata
734 1702 835 1734 vetari
855 1712 894 1735 ac
905 1701 1081 1736 damnaria

193 1752 349 1788 Domino
360 1751 458 1793 Deo,
484 1759 581 1794 atque
598 1748 767 1794 adjungit:
796 1753 842 1783 Et
854 1750 884 1791 fi
898 1753 1018 1793 quidem
1038 1756 1082 1785 ni-

192 1803 242 1837 bil
258 1803 348 1847 effent
367 1801 472 1842 mala,
497 1808 549 1834 aut
571 1800 676 1834 eunus
702 1799 797 1841 bona,
826 1806 961 1843 opimone
981 1811 1081 1836 autem

189 1851 254 1897 sola
264 1852 399 1888 bumana
410 1852 550 1894 quaedam
571 1850 691 1892 quidem
712 1850 844 1891 injusta,
870 1853 1010 1894 quadam
1030 1865 1080 1887 au·

192 1903 340 1945 temjusta
357 1909 559 1944 putarentur,
584 1910 644 1931 non
664 1906 768 1942 utique
787 1902 1018 1945 dogmatizans,
1047 1904 1083 1936 id

193 1953 234 1995 est
246 1977 259 1995 ‚
285 1954 388 1986 docens
400 1954 547 1984 Dominus
560 1949 694 1992 dixtffet,
717 1951 744 1992 J
749 1950 803 1989 usti
814 1960 914 1985 autem
917 1952 1079 1997 fulgebunt

188 2002 259 2046 ficut
269 2004 319 2036 soi
338 2007 370 2035 in
382 2005 480 2045 Regno
492 2003 595 2033 Patris
607 2011 705 2032 eorum
719 2024 730 2040 ‚
756 2000 877 2040 injustos
895 2012 995 2035 autem
1007 2027 1018 2043 ‚
1045 2005 1080 2037 <9⁴

192 2058 246 2096 qui
256 2064 314 2086 mm
319 2051 442 2093 faciunt
454 2059 542 2092 opera
543 2049 676 2090 justitiae
685 2075 695 2091 ‚
722 2057 819 2084 mittet
838 2058 872 2085 in
885 2057 986 2096 ignem
996 2063 1079 2087 aeter-

193 2112 283 2137 num.
311 2101 392 2135 Haec
405 2101 553 2134 scelerata
567 2100 725 2144 principia
738 2112 806 2135 non
819 2102 1029 2137 solummodo
1043 2105 1077 2137 in

191 2152 415 2191 facinoribus,
441 2151 599 2195 flagitiis,
626 2161 664 2183 ae
680 2150 752 2184 aliis
774 2152 954 2187 voluntatis
976 2155 1079 2197 operi-

191 2203 254 2237 bus
267 2211 292 2244 ,²
306 2200 358 2236 sed
369 2202 469 2235 etiam
484 2201 516 2234 in
531 2200 714 2234 intellectus
732 2201 864 2243 judiciis
875 2202 1017 2236 omnino
1027 2203 1078 2236 ha-

1120 165 1484 212 r1sv.
1898 172 1956 218 81

1140 255 1257 283 omnia.
1285 248 1420 293 ,Quodsi
1435 261 1511 290 nor,
1534 256 1689 293 tamquam
1711 257 1847 287 inanima
1860 277 1870 294 ,
1897 265 2027 290 natura·-

1140 301 1217 333 libus
1227 300 1446 342 operationibus
1457 325 1467 341 ‚
1495 300 1724 342 velutifunibus
1738 325 1749 340 ‚
1775 303 1930 338 trahamur
1942 330 1953 345 ‚
1975 303 2028 347 su-

1137 359 1319 393 pervacuum
1340 350 1622 384 &involuntarium
1642 350 1681 391 est
1697 351 1731 384 (9¹
1742 358 1887 392 appetitio
1911 366 1976 395 quae
1987 367 2023 388 ea

1137 402 1281 442 praecedit
1294 424 1301 431 .
1324 405 1395 434 Nec
1413 403 1479 445 ergo
1500 401 1579 435 illud
1588 407 1688 444 utique
1700 402 1818 434 animal
1836 403 1922 443 quale
1931 402 1967 442 fit
1980 408 2026 434 in-

1142 451 1238 494 telligo
1248 475 1259 491 ‚
1280 452 1360 491 cujus
1370 456 1435 485 vim
1444 453 1607 493 appetendi
1621 475 1632 492 ,
1660 461 1726 493 quae
1739 451 1778 484 ab
1800 459 1926 485 externa
1936 452 2011 493 caus
2007 465 2025 484 a

1143 510 1294 539 movetur,
1315 499 1425 543 sortita
1434 501 1471 541 est
1488 503 1631 542 neceffitas
1642 526 1649 533 .
1678 501 1832 536 Basilides
1842 512 1918 535 curn
1933 501 2027 534 Mar-

1143 556 1215 585 tino
1226 547 1374 585 Luthero
1397 551 1531 585 tradidit
1544 552 1682 587 liberum
1701 551 1872 586 arbitrium
1883 551 1946 584 effe
1961 561 2028 587 rem

1144 602 1243 635 solius
1254 601 1365 641 tituli,
1395 602 1448 635 seu
1464 601 1597 636 titulum
1621 603 1686 636 sine
1699 613 1748 636 re.
1778 603 1851 636 Effe
1865 601 1948 635 mere
1961 602 2027 644 pas-

1143 651 1246 684 sivum
1267 651 1398 685 Divinae
1419 651 1597 686 influentiae
1619 651 1870 686 instrumentum
1885 676 1895 691 ,
1921 651 1954 684 &
1974 662 2029 693 per

1145 701 1322 735 naturalem
1351 702 1568 736 necessitatem
1595 705 1661 746 pati
1686 703 1799 737 omnia
1821 727 1828 734 .
1856 701 1948 734 Hinc
1972 700 2030 744 ipsi

1146 752 1273 785 nullum
1297 752 1476 786 effelaudis
1497 763 1552 786 aut
1567 753 1719 796 vituperii
1742 753 1874 787 locum:
1901 752 2029 785 Omnes

1145 801 1318 845 opiniones
1344 826 1355 841 ,
1381 813 1495 837 omnes
1521 801 1652 837 haereses
1673 828 1685 844 ,
1722 803 1839 837 emula
1864 803 2031 841 facinora,

1145 851 1257 885 omnia
1273 851 1398 896 flagitia
1410 853 1472 886 effe
1484 854 1540 895 ipsi
1551 853 1790 888 indifferentia.
2028 874 2031 878 -

1195 901 1304 946 Pergit
1319 903 1452 936 Sanflus
1467 903 1623 938 Clemens
1635 904 1667 937 in
1684 903 1876 938 tertiolibro
1887 902 2035 946 eiusdem

1145 951 1273 995 operis:
1303 952 1480 994 Bafilidiani
1498 965 1555 987 non
1582 954 1658 988 rede*
1682 961 1796 988 vivunt
1819 979 1831 994 ,
1856 963 1889 986 at
1912 959 1962 996 qui
1984 952 2036 985 vel
2052 940 2186 975 F⁰¹⁴4²7·

1143 1003 1290 1043 peccandi
1311 1003 1486 1044 potestatem
1506 1015 1565 1037 non
1584 1003 1716 1038 babeant
1735 1013 1858 1047 propter
1877 1002 2034 1047 perfessio-

1147 1063 1213 1085 nem
1223 1077 1233 1092 ‚
1246 1053 1301 1085 vel
1313 1056 1429 1086 omnino
1442 1055 1562 1096 quidem
1581 1065 1693 1088 natura
1699 1054 1783 1097 salvi
1799 1054 1967 1097 futuri'fint
1977 1079 1986 1094 ,
2000 1054 2034 1086 6*

1140 1101 1294 1144 fipeccent
1304 1127 1314 1142 ‚
1322 1111 1447 1144 propter
1458 1108 1598 1137 innatam
1609 1106 1775 1138 elefflonem
1787 1131 1794 1139 .
1823 1105 1932 1138 Etiam
1951 1103 2035 1138 infra
2063 1137 2069 1142 ,

1147 1152 1253 1187 scribit
1281 1153 1454 1187 sceleratos
1466 1152 1618 1188 homines
1641 1155 1735 1188 fuisse
1745 1154 1860 1189 abusos
1880 1153 2037 1198 Apostoli
2053 1135 2107 1166 rol,
2119 1144 2188 1170 44²⁸

1146 1201 1258 1237 verbis:
1275 1207 1385 1236 Omnia
1396 1203 1471 1236 mibi
1489 1204 1576 1237 licent
1587 1229 1594 1236 .
1622 1210 1660 1237 In
1671 1203 1837 1238 libertatem
1848 1211 1947 1238 vocati
1960 1204 2036 1244 estis.

1147 1253 1343 1287 Docuerunt
1364 1254 1398 1287 ὅ(
1413 1254 1550 1297 impiam
1563 1256 1595 1289 ἀ
1608 1256 1695 1298 piam
1710 1254 1918 1289 voluntatem
1930 1265 2037 1297 neque

1145 1303 1289 1346 prodesse
1304 1315 1409 1345 neque
1424 1305 1532 1338 obesse
1543 1330 1554 1345 ‚
1580 1306 1721 1350 ideoque
1732 1304 1787 1339 sibi
1800 1305 1926 1349 placere
1938 1304 2039 1338 vitam

1146 1352 1402 1387 indifferentem.
1434 1354 1525 1388 Etin
1550 1355 1668 1398 quinto
1692 1355 1776 1389 libro
1789 1356 1943 1389 Clemens
1966 1355 2039 1387 scri-

1147 1404 1214 1437 bit:
1241 1406 1273 1435 St
1296 1408 1362 1445 quis
1377 1407 1473 1436 Deum
1482 1404 1542 1446 scit
1566 1415 1677 1438 natura
1693 1429 1704 1445 ,
1732 1414 1765 1438 ut
1775 1404 1922 1444 existimat
1934 1403 2039 1444 Basili-

1149 1454 1222 1493 des,
1250 1454 1483 1497 intelligentiam
1508 1460 1652 1488 eximiam
1673 1466 1786 1489 vocans
1802 1454 1892 1496 simul
1896 1455 1987 1497 fidem
2005 1455 2040 1487 &¹

1148 1506 1284 1545 Regnum
1298 1527 1310 1543 ,
1333 1505 1366 1536 (θ’
1379 1507 1559 1536 ereaturam
1571 1506 1687 1546 effemia
1699 1507 1823 1547 dignam
1832 1529 1842 1545 ,
1849 1506 1943 1546 prope
1953 1516 2018 1537 eum
2027 1530 2038 1543 ,

1147 1558 1198 1593 qui
1205 1551 1284 1592 fecit
1297 1551 1395 1593 ipsam
1407 1575 1419 1591 ,
1444 1553 1494 1594 me
1507 1557 1712 1594 interpretans
1723 1555 1873 1596 effentiam
1883 1578 1894 1594 ‚
1915 1553 1973 1596 sed
1981 1565 2038 1587 non

1143 1600 1314 1642 potestatem
1328 1624 1339 1641 ,
1366 1603 1400 1635 (9⁶
1416 1610 1558 1634 naturam
1572 1627 1583 1642 ‚
1610 1605 1643 1637 (τ
1651 1602 1850 1647 substantiam
1861 1628 1872 1644 ,
1900 1605 1934 1638 ὦ·
1951 1614 2039 1637 crea·-

1144 1661 1221 1685 turae
1233 1675 1244 1691 ,
1271 1663 1338 1692 quae
1358 1650 1497 1694 superari
1522 1664 1580 1685 non
1595 1660 1708 1695 poterit
1728 1678 1740 1694 ,
1766 1654 1954 1696 indefinitam
1969 1655 2041 1695 pul-

1143 1700 1345 1735 chritudinem
1365 1726 1376 1742 ,
1402 1713 1459 1734 non
1471 1710 1571 1736 autem
1582 1709 1694 1738 animae
1715 1704 1811 1738 libero
1819 1704 1948 1738 arbitrio
1956 1713 2038 1741 uten-¹

1144 1759 1184 1785 tis
1197 1753 1373 1786 rationalem
1395 1751 1576 1795 affenfionem
1589 1755 1662 1787 dicit
1689 1754 1782 1796 fidem
1792 1781 1799 1788 .
1828 1753 2038 1798 Suntergofic·

1140 1810 1330 1844 pervacanea
1347 1810 1504 1844 praecepta
1524 1814 1588 1837 tam
1612 1809 1645 1838 in
1656 1811 1772 1846 veteri,
1801 1807 1893 1848 quam
1914 1811 1947 1839 in
1959 1815 2036 1838 novo

1143 1851 1323 1892 Testamento
1336 1876 1347 1893 ,
1373 1853 1437 1885 cum
1450 1862 1562 1886 natura
1569 1852 1687 1896 salvus
1696 1854 1754 1896 fiat
1766 1856 1875 1898 aliquis
1885 1880 1895 1898 ‚
1921 1865 1953 1888 ut
1961 1856 2030 1888 vult

1144 1902 1323 1936 Valentinus
1333 1927 1344 1943 ‚
1372 1902 1447 1944 &fit
1459 1913 1570 1937 natura
1576 1904 1679 1947 fidelis
1692 1916 1727 1938 ac
1738 1905 1845 1940 elecYus
1859 1931 1870 1947 ‚
1895 1916 1929 1939 ut
1935 1914 2030 1949 putat

1142 1952 1307 1995 Bafilides.
1336 1956 1421 1986 Fieri
1446 1964 1545 1988 autem
1564 1963 1709 1997 poterat,
1734 1963 1768 1989 ut
1787 1955 1898 2000 absque
1908 1958 2029 1990 Adven-

1142 2011 1175 2035 tu
1197 2005 1365 2036 Servatoris
1385 2003 1486 2046 aliquo
1506 2007 1630 2039 tandem
1655 2014 1784 2047 tempore
1806 2008 1898 2048 poffet
1917 2013 2029 2039 natura

1141 2051 1372 2096 resplendescere
1394 2079 1401 2086 .
1439 2057 1493 2087 sin
1530 2064 1632 2089 autem
1669 2055 1851 2098 neceffarium
1884 2055 2030 2089 duxerint

1144 2105 1316 2137 Adventum
1335 2107 1475 2144 Domini,
1502 2103 1681 2145 evanescunt
1705 2108 1748 2136 eis
1770 2110 2029 2147 naturaeproprie-

1141 2161 1220 2186 tates
1244 2178 1255 2193 ‚
1280 2165 1345 2187 cum
1366 2154 1501 2186 domina
1519 2176 1529 2192 ‚
1556 2153 1783 2197 &purgatione
1800 2179 1811 2195 ,
1835 2156 1870 2189 <a
1891 2155 2030 2190 bonorum

1121 2207 1123 2241 j
1140 2212 1256 2242 operum
1268 2202 1414 2241 effedlione
1427 2225 1438 2242 ,
1465 2212 1522 2234 non
1533 2210 1633 2235 autem
1646 2210 1756 2237 natura
1763 2202 1902 2247 servetur
1912 2207 2010 2240 cicilio
2020 2230 2028 2239 .

2054 1292 2111 1323 Fol.
2124 1301 2188 1327 545·

194 2252 393 2287 benrloc'um
406 2277 417 2292 ‚
444 2262 543 2292 atque
557 2251 600 2282 ita
612 2259 747 2282 ornnem
758 2251 952 2292 opinionem
963 2276 974 2291 ‚
1002 2262 1078 2284 om-
1120 2262 1123 2278 ι
1142 2250 1298 2285 Basilides
1308 2251 1341 2285 δε
1354 2251 1552 2286 Valentinus
1563 2263 1603 2286 ex
1617 2251 1744 2287 diversis
1755 2265 1934 2298 utcumque
1944 2257 2031 2300 prin-

194 2313 238 2336 ne
250 2303 385 2346 Dogma
398 2325 410 2340 ,
435 2310 567 2333 omnem
581 2298 720 2333 haerefim
733 2300 938 2343 garriverunt
957 2301 1020 2335 esse
1030 2300 1077 2335 in-

193 2351 399 2386 differentem
411 2375 419 2382 .

243 2400 322 2434 Alia
335 2398 477 2432 scelerati
499 2397 614 2431 erroris
634 2396 846 2431 fundamenta
860 2397 969 2441 prodit
985 2398 1018 2432 in
1034 2399 1078 2433 se·
1099 2402 1102 2405 ’

190 2450 306 2486 cundo
326 2449 527 2482 stromatum
554 2446 639 2481 libro
667 2448 800 2481 Sanctus
821 2447 977 2483 Clemens
1001 2448 1077 2483 Aie-

190 2499 391 2535 xandrinus:
419 2499 694 2531 Valentinianiciim
709 2495 791 2530 nobis
816 2498 1077 2541 quidemfimplici-

190 2551 246 2584 bus
265 2548 541 2593 fidembtribuerint
563 2571 575 2587 ‚
597 2546 649 2588 fibi
669 2555 720 2589 qui
741 2555 849 2581 natura
865 2547 952 2592 salvi
972 2550 1052 2592 fiunt
1066 2574 1077 2591 ‚

191 2601 297 2635 volunt
319 2598 372 2642 effe
392 2602 581 2642 cognitionem
602 2597 641 2630 ab
651 2598 817 2632 excellentis
838 2598 1028 2633 abundantia
1033 2599 1077 2644 se

192 2653 285 2684 minis
297 2650 426 2681 dicentes
439 2659 506 2682 eam
518 2647 566 2690 effi
578 2648 661 2691 longe
671 2653 768 2692 magis
780 2650 800 2680 ἁ
808 2647 868 2690 fide
875 2647 1054 2692 separatam
1066 2675 1077 2691 ‚

191 2701 284 2744 quam
291 2697 437 2742 spiritale
453 2698 492 2730 ab
505 2699 645 2731 animali.
675 2701 828 2732 Praeterea
842 2700 1024 2741 Bafilidiani
1033 2703 1076 2734 di-

191 2750 263 2784 eum
271 2748 362 2791 fidem
373 2746 459 2790 fimul
479 2749 512 2781 ὑ·
524 2748 686 2781 cicaronem
706 2748 757 2791 effe
775 2755 932 2790 propriam
953 2757 987 2784 in
999 2762 1075 2784 uno·

191 2799 303 2843 quoque
318 2797 437 2842 spatio*
460 2799 575 2831 Rursia
600 2806 697 2832 autem
719 2809 757 2832 ex
767 2798 969 2842 consequentia
975 2799 1078 2843 super·

191 2850 358 2883 mundanae
368 2848 511 2881 electionis
522 2846 655 2891 consequi
666 2849 847 2883 mundanam
858 2855 947 2883 totius
961 2859 1076 2885 naturae

189 2900 280 2943 fidem
293 2923 304 2939 ,
333 2901 366 2932 t&
380 2899 545 2940 ¹pro‘modo
563 2897 631 2941 spei
651 2897 873 2943 uniuscujusque
897 2903 1074 2935 conveniens

192 2948 305 2993 quoqu'e
326 2950 378 2992 effe
388 2949 497 2980 donum
511 2950 619 2982 Fidei.
647 2950 829 2984 Voluntaria.-
845 2953 911 2994 ergo
931 2952 1074 2985 &liberae

191 2999 343 3033 cicazonis
355 3007 412 3031 non
423 2997 460 3039 est
477 2997 554 3039 fides
574 3003 674 3041 utique
694 3000 814 3041 officium
826 3026 836 3041 ,
858 3001 888 3043 fi
904 3001 942 3042 est
955 3011 1073 3036 naturae

195 3045 429 3092 Praerogativa.
458 3052 563 3089 Neque
577 3048 691 3089 justam
710 3048 894 3093 consequitur
912 3053 1076 3086 retributio.

190 3108 260 3134 nem
272 3123 284 3139 ,
312 3110 364 3133 nec
385 3103 437 3141 qui
446 3109 504 3131 non
515 3098 661 3138 credidit,
686 3105 755 3140 quia
776 3102 843 3142 ejus
865 3102 951 3144 culpa
971 3104 1007 3136 id
1017 3115 1075 3138 non

118 3140 120 3142 ,
138 3143 144 3155 '⁴
190 3154 316 3191 evenit,
342 3159 394 3182 nec
411 3154 439 3181 is
460 3153 511 3191 qui
533 3148 661 3181 credidit
673 3170 684 3187 ,
710 3155 782 3191 quia
804 3150 893 3191 causa
914 3163 971 3185 non
984 3153 1051 3194 fuit
1063 3179 1070 3187 .

1119 2296 1124 2369 ⁸
1141 2301 1236 2343 cipiis
1255 2300 1437 2334 docuerunt
1458 2300 1606 2336 eamdem
1622 2301 1857 2346 blasphemiam
1869 2330 1876 2338 .
1904 2306 2030 2340 Valen-

1140 2350 1230 2382 tinus
1247 2349 1362 2383 docuit
1384 2348 1537 2384 homines
1552 2361 1665 2386 natura
1692 2354 1763 2387 fieri
1784 2355 1888 2389 salvos
1909 2380 1917 2388 .
1944 2358 2030 2391 Suos

1140 2399 1318 2433 sectatores
1329 2399 1393 2433 esse
1404 2399 1488 2433 istud
1500 2399 1638 2434 eiectum
1651 2413 1688 2437 ac
1701 2404 1839 2447 spiritale
1851 2404 2030 2441 hominum

1139 2459 1242 2493 genus
1256 2473 1267 2490 ,
1291 2450 1344 2484 cui
1357 2449 1451 2484 Deus
1469 2450 1502 2484 in
1520 2451 1717 2487 conditione
1738 2453 1913 2490 admiscuit
1928 2457 2028 2492 virtu-

1139 2499 1182 2532 tis
1192 2510 1328 2540 aurum,
1354 2498 1496 2543 ideoque
1520 2502 1610 2545 quod
1632 2503 1725 2537 nullo
1746 2515 1890 2540 errorum
1914 2516 1970 2540 aut
1981 2507 2029 2540 vi-

1138 2550 1260 2583 tiorum
1273 2550 1344 2584 luto
1356 2551 1450 2594 possit
1463 2551 1578 2585 foedari
1592 2576 1599 2583 .
1628 2552 1785 2589 Basilides
1804 2556 1930 2590 censuit
1952 2558 2026 2591 suos

1139 2611 1207 2634 non
1231 2599 1333 2634 libera
1354 2601 1537 2641 electione,
1565 2601 1618 2636 sed
1632 2603 1758 2638 Divina
1777 2616 1833 2648 per
1853 2607 2024 2641 neceffita-

1138 2659 1206 2683 tem
1226 2650 1421 2685 immiffione
1443 2652 1512 2685 fieri
1534 2651 1646 2687 fideles
1675 2654 1709 2688 &
1730 2654 1856 2697 justos,
1882 2657 2025 2701 ideoque

1137 2710 1272 2735 omnem
1294 2699 1526 2735 immissionem
1546 2703 1609 2736 effe
1631 2702 1699 2738 fine
1718 2705 1814 2739 laude
1835 2716 1892 2739 aut
1918 2707 2022 2746 vitio,

1136 2750 1198 2784 esse
1224 2749 1320 2784 nobis
1350 2751 1592 2786 indifferentem
1622 2777 1628 2784 .
1666 2753 1831 2788 Martinus
1856 2754 2022 2788 Lutherus

1136 2802 1293 2844 agnoscat
1316 2802 1409 2835 suum
1436 2802 1633 2845 Magistrum
1658 2826 1666 2833 .
1704 2804 1837 2836 Sanctus
1864 2803 2020 2838 Clemens

1138 2850 1220 2884 recte
1241 2850 1380 2885 affirmat
1403 2862 1460 2894 per
1480 2851 1539 2885 ista
1560 2851 1709 2886 scelerata
1725 2853 1892 2897 Dogmata
1916 2854 2019 2889 everti

1136 2911 1271 2935 omnem
1286 2899 1505 2935 necessitatem
1527 2900 1717 2935 Dominicae
1732 2901 1970 2938 Incarnationis
1981 2929 1989 2938 .

1184 2950 1411 2985 Tertullianus
1419 2961 1459 2984 ex
1470 2950 1605 2985 laudato
1618 2951 1769 2994 Apostoli
1792 2952 1870 2988 loco
1878 2954 2017 2988 affirmat

1135 3002 1195 3037 tria
1209 3027 1217 3035 .
1243 3000 1378 3041 Primo,
1404 2998 1534 3035 haereses
1554 3002 1616 3034 effe
1636 3001 1737 3036 malas
1755 3013 1763 3034 :
1789 3002 1863 3037 Esse
1887 3004 2006 3039 scelus.

1133 3051 1288 3087 Secundo
1309 3076 1320 3092 ,
1355 3049 1445 3086 aliud
1469 3052 1530 3085 esse
1554 3049 1689 3085 haerefim
1708 3074 1719 3090 ‚
1746 3051 1834 3087 aliud
1853 3052 1985 3088 schisma
2000 3075 2009 3085 .

1131 3101 1272 3143 Tertio,
1299 3101 1440 3136 haeresim
1465 3100 1527 3134 effe
1539 3101 1661 3135 crimen
1682 3100 1850 3137 schismate
1859 3104 2008 3148 gravius.

1130 3152 1240 3187 Prima
1249 3152 1376 3186 assertio
1397 3151 1442 3186 est
1454 3149 1534 3184 adeo
1546 3150 1652 3185 lucida
1663 3175 1674 3192 ‚
1701 3161 1736 3187 ut
1748 3153 1880 3188 sanetus
1893 3154 2010 3198 Augu-

192 3203 407 3233 omnisautem
415 3198 768 3240 fidei‚&incredulitatis
775 3207 946 3242 proprietas
968 3203 1072 3246 &dif-
1130 3203 1232 3237 stinus
1253 3202 1410 3237 censuerit
1425 3199 1575 3235 Rhetorii
1598 3201 1760 3237 insaniam
1778 3215 1847 3238 non
1869 3203 2007 3247 potuisse

185 3248 322 3290 ferentia
344 3259 397 3282 nec
406 3248 492 3281 laudi
515 3260 565 3282 nec
574 3253 791 3290 vituperationi
804 3249 903 3291 fuerit
923 3252 1068 3295 obnoxia,

192 3298 282 3333 *εὸτι*
293 3297 543 3341 confideruntibus
554 3322 566 3340 ,
591 3298 654 3332 cu'm
671 3297 781 3332 babeat
786 3303 1004 3341 pra-cedentem
1017 3314 1068 3337 na-

190 3348 318 3385 turalem
340 3349 547 3390 neceffitatem‚
575 3360 643 3391 quae
663 3357 730 3381 orta
744 3347 781 3390 eff
792 3350 831 3384 ab
843 3362 896 3394 eo,
920 3354 1069 3398 qua'potest

267 3397 395 3439 zcbrist.
409 3402 487 3442 Lupi
502 3402 600 3443 Opera
617 3401 651 3433 T.
663 3400 721 3433 ΙΧ.

1130 3254 1242 3288 cadere
1255 3253 1287 3287 in
1301 3251 1471 3287 hominem
1486 3251 1607 3295 integri
1619 3252 1739 3287 cerebri
1752 3279 1758 3285 .
1787 3254 1883 3287 Circa
1896 3254 2007 3288 secun-

1129 3304 1208 3338 dum
1230 3303 1344 3337 erravit
1367 3301 1600 3336 parmenianus
1621 3326 1632 3343 ‚
1659 3303 1905 3337 Donatistarum
1928 3303 2007 3337 Car-

1128 3353 1325 3399 thaginensis
1345 3352 1534 3397 -Episcopus
1554 3374 1566 3393 ,
1592 3351 1745 3435 advgsus
1765 3363 1863 3397 quem
1883 3352 2005 3437 §iripfit

1926 3413 1958 3437 n.
