2346 3724
130 950 193 981 lib.
215 954 242 980 ⁶.

105 1000 161 1028 cap
196 1000 242 1030 35·

110 1258 244 1299 Epist-55·

134 1715 195 1746 [ib.
223 1725 252 1749 4.

134 1765 196 1794 cap.
208 1765 254 1791 ²4·

733 147 1148 190 CAPIT

256 235 321 266 Nec
337 231 391 271 fibi·
412 228 537 268 constare
552 228 649 267 statut
671 228 716 271 sui
728 234 843 263 noverit
853 227 1051 268 firmitatem,
1082 229 1134 268 qui

256 292 314 315 non
335 282 382 313 die
401 277 547 312 sabbathi
568 278 686 322 ‘vespm³
699 303 708 318 ‚
736 281 815 320 quod
823 275 936 320 lucescit
949 284 981 309 in
1003 281 1135 318 primam

253 328 421 369 sabbathi,
449 329 502 362 vel
520 327 580 372 ipſs>
604 333 752 362 Dominico
773 330 821 361 die
834 327 934 371 fuerit
953 328 1130 359 ordinatus.

254 379 367 424 Hujus
378 378 457 424 ergo
470 379 523 414 seu
536 379 764 418 authoritatis,
794 377 848 412 seu
868 375 1081 409 solemnitatis
1091 376 1134 419 ju·

254 430 305 465 sto
329 430 472 471 pondere
492 440 636 464 carentes
659 427 894 464 Ordinationes
909 426 1136 460 Tertullianus

255 479 396 524 appellat
416 479 522 520 leves,
547 480 713 520 infirmas,
739 476 825 514 &ab
838 475 930 511 omni
942 476 1138 512 executione

255 529 497 576 proscribendas
509 554 516 562 .

312 578 353 614 Et
385 578 608 614 haereticorum
638 577 873 615 Ordinationes
907 577 1019 620 passim
1046 576 1138 611 fuisse

259 630 420 675 ejusmodi
439 655 448 671 ,
476 630 570 673 possit
594 629 807 663 demonstrari
829 628 1009 662 innumeris
1030 638 1138 660 exem-

259 682 340 724 plis.
367 679 498 715 Etenim
522 679 750 713 Novatianum
769 703 779 719 ‚
805 677 901 721 primi
923 678 958 712 in
986 678 1137 713 Romana

261 729 426 765 Cathedra
447 728 625 765 schismatis
639 727 822 764 Authorem
836 752 847 768 ‚
874 729 892 764 a
913 727 1016 763 tribus
1037 737 1138 761 extra·

260 782 332 816 neis
345 803 355 819 ‚
366 781 535 824 imperitis,
546 792 582 815 ac
592 779 687 815 ebriis
699 778 868 823 Episcopis
877 777 971 814 fuiffe
981 776 1061 813 hora
1072 776 1137 811 diei

259 831 389 867 decima
401 831 560 865 donatum
582 835 762 875 imaginaria
784 840 819 863 ac
830 832 915 863 vana
927 829 1059 871 quadam
1069 837 1138 859 ma·-

261 894 319 917 nus
332 879 505 924 impositione
515 905 525 920 ,
539 881 571 914 in
586 879 717 915 Eusebii
729 879 934 915 Caesareensis
947 875 1140 912 Ecclesiasti-

262 945 302 967 ca
314 930 447 966 historia
459 929 565 965 scribit
577 929 615 964 ad
631 929 769 965 Fabium
783 927 973 964 Antiochiae
995 927 1137 961 Patriar-

263 981 359 1017 cham
371 981 504 1017 Sanctus
518 981 604 1023 Papa
616 980 789 1015 Cornelius
802 1003 810 1012 .
839 979 884 1013 Et
898 979 1114 1014 Fortunatam
1129 998 1139 1016 ‚

263 1035 324 1067 suae
334 1029 424 1065 Sedis
436 1030 620 1065 invasorem
647 1041 686 1063 ac
697 1026 948 1064 Novatianensis
960 1024 1141 1060 schismatis

263 1084 425 1117 fautorem
436 1079 470 1112 in
486 1079 620 1118 Africa,
645 1077 820 1121 &quinque
843 1076 1027 1116 extraneis,
1052 1075 1142 1111 &ob

263 1129 404 1164 haerefim
431 1127 483 1160 vel
508 1126 650 1171 Lapsum
667 1127 733 1171 jam
755 1126 882 1161 dudum
904 1125 1067 1161 damnatis
1079 1126 1144 1161 Ex·

264 1177 539 1224 Episcopisfuiffe
551 1177 711 1211 intrusum
737 1175 991 1217 &ordinatum,
1017 1177 1057 1210 ad
1082 1177 1145 1210 lau-

264 1230 378 1265 datum
392 1226 583 1261 Cornelium
598 1226 706 1260 scribit
717 1227 850 1261 Sanetus
864 1226 1058 1270 Cyprianus.
1085 1225 1146 1260 Per

264 1289 399 1315 ornnem
412 1276 557 1321 AEgypti
570 1277 743 1311 Dioecefim
755 1288 796 1310 ex
812 1276 1003 1320 Apostolica
1016 1278 1146 1310 consue·

265 1327 380 1364 tudine
402 1327 510 1361 nullus
532 1326 684 1363 ordinare
707 1337 831 1370 poterat
853 1325 1033 1371 Episcopos
1050 1351 1060 1366 ,
1087 1326 1144 1360 nisi

266 1379 355 1415 solus
376 1374 561 1412 patriarcha
595 1375 841 1412 Alexandrinus
864 1401 871 1410 .
912 1377 963 1410 Eo
984 1377 1053 1419 ipso
1076 1376 1148 1410 istic

266 1427 431 1475 gaudebat
442 1428 511 1470 jure
520 1452 531 1469 ,
557 1436 624 1469 quo
636 1427 809 1463 Romanus
819 1425 977 1461 Pontifex
989 1427 1023 1460 iu
1038 1426 1149 1460 Eccle-

265 1480 328 1514 fias
341 1477 574 1512 suburbicarias
588 1500 596 1510 .
619 1477 720 1512 Hanc
732 1476 806 1510 vero
819 1475 1054 1512 authoritatem
1066 1473 1150 1510 adeo

267 1527 490 1573 praevaricatus
500 1527 564 1562 fuit
575 1525 733 1561 Meletius
745 1526 943 1569 Lycopolita
949 1537 1008 1560 nus
1019 1525 1152 1568 Episco-

203 1623 206 1625 μ
270 1588 351 1624 pus,
377 1587 414 1611 ut
437 1577 487 1611 illi
509 1576 690 1620 reparandae
709 1577 807 1611 fuerit
831 1576 1023 1611 necessarius
1046 1577 1162 1610 sextus

271 1629 391 1663 Canon
404 1627 557 1666 Nicaenus
568 1649 576 1658 .
604 1626 647 1661 Et
659 1627 701 1661 de
715 1626 872 1661 Ursicino
884 1625 1070 1669 Anti-Papa
1081 1625 1153 1661 scri·

271 1678 322 1713 bit
331 1679 498 1713 Socrates:
524 1682 599 1710 Non
622 1682 656 1711 in
678 1675 804 1717 Ecclesia
823 1685 940 1710 creatus
962 1675 999 1716 eff
1013 1699 1024 1716 ‚
1043 1673 1100 1719 sed
1122 1681 1155 1707 in

272 1730 330 1762 loco
348 1736 446 1770 operto
471 1726 607 1769 Bafilicae
630 1750 642 1767 ‚
668 1738 734 1771 quae
756 1729 858 1761 saona
878 1728 988 1760 dicitur
1008 1750 1015 1759 .
1046 1724 1154 1762 Etiam

272 1779 463 1812 Maximum
474 1777 644 1821 Cynicum
655 1776 691 1811 in
702 1775 903 1812 Cathedram
922 1775 1154 1811 Constantino-

274 1827 457 1873 politanam
475 1828 569 1861 fuisse
579 1826 779 1862 clandestine
804 1827 837 1862 &
857 1825 976 1861 furtive
997 1826 1157 1860 intrusum

271 1877 315 1914 ab
337 1877 508 1919 Episcopis
530 1875 710 1919 AEgyptiis
730 1895 741 1913 ,
777 1874 823 1908 est
844 1874 1000 1908 omnibus
1022 1885 1157 1908 notum.

272 1927 335 1963 Ab.
355 1926 501 1970 AEgypti
526 1925 672 1964 Errone,
698 1923 946 1968 acimaginario
969 1924 1155 1967 Episcopo,

273 1976 389 2021 utpote
413 1977 470 2017 qui
495 1973 667 2015 Presbyter
687 1973 717 2005 se
728 1972 932 2014 Episcopum
949 1973 1159 2010 mentiretur,

273 2024 439 2062 collutho
464 2022 634 2056 ordinatos
653 2021 746 2056 fuisse
767 2020 874 2064 plures
887 2019 1096 2064 Presbyteros
1120 2031 1158 2054 ac

273 2077 358 2112 alios
370 2071 517 2107 Clericos
529 2096 540 2111 ,
565 2071 599 2105 iri
611 2071 728 2105 litteris
742 2071 811 2114 post
826 2070 970 2115 Tyriam
985 2070 1159 2114 Synodum

274 2121 478 2162 exstantibus
499 2122 662 2156 affirmant
682 2119 802 2156 Clerici
815 2120 1012 2163 Mareotici,
1037 2131 1075 2156 ac
1097 2120 1161 2166 ple·

275 2189 317 2211 na
331 2173 485 2217 Synodus
500 2171 725 2208 Alexandrina
737 2196 745 2204 .
771 2171 1011 2207 Ordinationes
1025 2172 1097 2206 istas
1108 2183 1159 2205 ex·

275 2226 421 2262 sufflarat
442 2223 565 2259 Hosius
586 2220 804 2257 Cordubensis
827 2221 1025 2265 Episcopus,
1053 2223 1159 2257 Sancti

276 2275 432 2320 sylvestri
472 2272 645 2308 pontificis
681 2284 734 2315 per
760 2271 953 2316 AEgyptum
993 2271 1160 2317 Legatus·,

277 2327 441 2369 ischyram
464 2334 597 2361 tamen,
622 2334 663 2356 ex
689 2322 756 2355 istis
777 2322 979 2366 imaginariis
994 2322 1159 2366 Presbyte-

278 2381 320 2411 ris
333 2387 435 2411 unum
449 2398 460 2414 ,
493 2372 673 2407 Eusebiana
685 2371 783 2406 factio
800 2373 922 2407 creavit
945 2373 1160 2417 Episcopum.

278 2429 373 2474 Qot
383 2424 475 2459 simul
487 2423 643 2457 Canones
656 2421 794 2467 Georgii
807 2421 1014 2465 Cappadocis
1029 2424 1064 2456 in
1083 2423 1162 2457 Ale-

278 2476 476 2512 xandrinam
488 2473 684 2508 Cathedram
706 2472 843 2506 intrusio
864 2471 960 2506 fuerit
984 2473 1163 2516 praevarica-

280 2539 312 2563 ta
326 2551 337 2567 ,
363 2525 473 2560 videre
494 2523 636 2567 possisin
650 2523 767 2556 litteris
783 2522 1001 2565 -siinffipapae
1021 2523 1100 2566 Julii
1121 2523 1163 2558 ad

279 2576 452 2618 Synodum
492 2572 737 2607 Antiochenam
773 2597 781 2605 .
821 2572 925 2618 Quod
961 2572 1162 2608 Timotheus

284 2626 424 2660 AElurus
436 2625 467 2658 se
489 2635 547 2657 nec
559 2622 577 2656 ὲ
590 2623 690 2657 Clero
716 2633 775 2656 nec
786 2622 803 2656 a
815 2621 940 2667 populo
957 2622 1095 2658 eiectum
1107 2649 1119 2665 ‚
1144 2624 1161 2657 ὲ

281 2676 410 2711 duobus
432 2674 594 2707 extraneis
618 2684 655 2706 ac
677 2672 842 2707 damnatis
865 2672 1031 2716 Episcopis
1052 2675 1162 2708 conse·

281 2726 362 2760 crati
374 2724 486 2760 fecerit
497 2746 507 2761 ,
534 2735 570 2756 ac
584 2723 786 2765 semetipsum
805 2722 839 2754 in
853 2722 1086 2757 Alexandrinae
1102 2724 1164 2758 Ec-

282 2777 384 2810 clesiae
418 2773 599 2807 Thronum
632 2773 796 2805 intruserit
825 2796 836 2811 ,
872 2771 1030 2806 testantur
1059 2773 1162 2816 plures

284 2824 464 2870 Synodales
475 2823 584 2856 litterae
594 2823 633 2856 ad
648 2822 793 2856 Leonem
806 2821 993 2865 Augustum
1004 2845 1015 2861 ,
1039 2825 1165 2858 exstan-

284 2888 331 2910 tes
343 2874 412 2918 post
425 2873 601 2916 Synodum
619 2871 923 2907 Chalcedonensem
934 2897 941 2904 .
970 2874 1163 2909 Gennadius

242 2950 245 2952 -
286 2924 493 2960 Massiliensis
505 2923 642 2956 affirmat
655 2923 747 2956 fuisse
758 2923 982 2956 consecratum
993 2921 1035 2957 ab
1045 2925 1146 2960 unico
1155 2952 1162 2960 .

285 2978 376 3011 iliius
404 2976 484 3009 item
505 2973 719 3007 successorem
752 2971 883 3007 Petrum
903 2972 1047 3018 Mogum
1070 2975 1162 3010 fuisse

284 3027 327 3061 ab
339 3027 440 3060 unico
452 3034 527 3057 cum
541 3024 625 3057 varia
637 3023 777 3055 aliorum
790 3022 967 3056 Canonum
986 3025 1161 3067 praevarica-

285 3079 377 3111 tione
399 3075 621 3110 consecratum
644 3073 780 3108 affirmat
805 3074 837 3105 in
851 3073 965 3106 litteris
985 3074 1023 3107 ad
1035 3073 1163 3118 Simpli-

285 3129 373 3161 cium
397 3124 594 3159 Pont'ificem
620 3123 762 3156 Aeacius
776 3122 955 3165 Episcopus
978 3124 1164 3159 Constanti-

285 3175 514 3220 nopolitanus.
543 3174 676 3207 Sanstus
699 3172 832 3207 Basilius
855 3172 937 3206 reste
961 3174 1079 3216 scripsit
1103 3175 1164 3210 Ca-

288 3238 414 3262 nonum
438 3224 734 3270 praevaricationem
756 3224 817 3257 esse
842 3223 947 3257 lusum
978 3223 1162 3260 Haeretico-

289 3286 371 3310 rum.

1219 156 1234 185 1
1306 154 1325 184 s
1429 141 1592 189 XLI.

1913 159 2000 203 351

1500 325 1739 393 Inconstantes
1749 360 1760 372 .

1252 476 1320 512 Uti
1330 474 1443 511 datum
1454 476 1495 511 ab
1506 474 1664 512 haereticis
1682 476 1868 520 Baptisma‚
1895 477 1940 513 ita
1967 481 2000 514 δε
2021 481 2080 516 im⁴

1202 528 1337 570 pressum
1348 527 1471 571 abipfis
1480 527 1641 563 Ordinem
1652 527 1852 570 effepenitns
1864 529 1991 563 nullum
2005 554 2016 570 ,
2043 543 2082 566 ac

1201 577 1439 612 exsufflandam
1452 601 1463 616 ,
1490 577 1606 612 docuit
1619 577 1760 611 omnino
1771 577 1877 611 noster
1886 581 2083 623 Septimius,

1202 627 1342 671 ideoque
1367 627 1468 661 videri
1492 626 1651 671 poffithic
1673 627 1930 673 dixiffeillorum
1942 630 2082 666 Ordina-

1201 678 1308 713 tiones
1329 679 1391 710 esre
1412 677 1632 711 inconstantes
1650 703 1656 709 .
1686 677 1811 711 Verum
1834 679 1902 711 alio
1925 680 2081 722 respexit.

1205 729 1326 761 Eorum
1349 725 1582 761 Ordinationes
1603 726 1676 761 vult
1698 729 1798 762 etiam
1817 728 1903 772 apud
1929 730 2010 772 ipsos
2031 730 2082 764 sui

1202 777 1355 812 authores
1367 788 1434 812 non
1446 777 1593 817 constare
1607 801 1618 817 ,
1646 777 1697 811 sed
1710 778 1873 812 exsufflari
1884 778 1924 813 ad
1938 780 2084 821 libitum,

1202 829 1236 863 ἀ
1258 827 1316 861 has
1337 839 1404 861 nori
1430 826 1538 861 minus
1559 827 1656 872 quam
1672 827 1772 868 istos,
1799 829 1862 863 ess'e
1874 839 2059 863 vertumnas
2074 854 2082 862 .

1206 878 1337 911 Etenim
1348 876 1388 911 de
1398 876 1530 912 diversis
1555 889 1593 911 ac
1604 879 1744 911 invicem
1754 880 1937 922 capitaliter
1947 879 2084 915 adversis

1205 928 1402 963 Arianorum
1414 926 1732 963 fastionibusscribit
1754 929 1796 962 ad
1820 929 1986 964 Evasenos
2007 932 2084 965 San-

1204 981 1271 1014 &us
1293 977 1449 1012 Basilius.-
1478 981 1588 1012 Di'cant
1606 1002 1617 1018 ‚
1645 979 1783 1022 quomodo
1810 983 1950 1013 Haeretici
1963 980 2084 1022 fuerint

1204 1029 1248 1062 iili
1259 1053 1269 1069 ‚
1297 1039 1420 1071 quorum
1433 1028 1616 1070 depofitiom's
1626 1027 1808 1070 sententiam
1820 1042 1876 1063 non
1887 1040 2084 1073 agnoverunt,
2103 1023 2236 1064 Epist-⁷²·

1206 1080 1390 1119 &quomodo
1392 1080 1464 1120 jam
1486 1078 1652 1111 Orthodoxt'
1668 1078 1749 1120 fint,
1777 1085 1829 1121 qui
1853 1081 1886 1113 (Θ
1908 1081 1948 1113 ab
1969 1081 2030 1113 illis
2044 1081 2088 1113 ad

1209 1126 1403 1169 Episcopatus
1412 1126 1586 1170 evth'sunt
1600 1152 1611 1167 ‚
1636 1130 1671 1162 (θ’
1686 1130 1809 1161 eandem
1817 1128 1998 1172 sententiam
2021 1141 2087 1163 cum

1210 1177 1375 1217 Maioribus
1399 1176 1463 1220 ficis
1485 1185 1605 1210 tuentur
1627 1202 1633 1209 .
1673 1179 1704 1209 Si
1729 1184 1809 1210 enim
1829 1179 2020 1213 orthodoxus
2049 1179 2089 1220 est

1210 1232 1388 1269 Evippius,
1415 1228 1553 1269 quomodo
1574 1238 1630 1259 non
1643 1229 1754 1259 Latous
1776 1227 1813 1266 est
1832 1229 1986 1267 Bullatius
2000 1254 2011 1270 ,
2036 1234 2089 1272 qui

1204 1279 1248 1312 ‘ab
1262 1281 1395 1318 Evippt'o
1406 1277 1442 1318 est
1454 1275 1637 1319 Episcopatu
1648 1275 1791 1318 depofitus
1805 1278 1823 1309 ἓ
1848 1281 1884 1311 si
1894 1282 1967 1313 vero
1988 1287 2092 1314 Haere-

1211 1334 1283 1363 titus
1296 1326 1333 1368 est
1345 1330 1500 1368 Evippius
1512 1352 1522 1366 ‚
1549 1328 1689 1368 quomodo
1707 1326 1747 1358 ab
1759 1330 1789 1358 E
1791 1326 1893 1366 ustatio
1912 1335 1946 1361 in
1967 1340 2092 1362 commu-

1213 1384 1325 1412 nionem
1337 1385 1468 1419 receptus
1482 1376 1519 1416 est
1530 1382 1581 1416 is-,
1608 1382 1659 1418 qui
1667 1383 1722 1417 per
1732 1388 1854 1409 manum
1865 1380 1996 1421 EvippIi
2014 1380 2093 1411 ordi·

1214 1438 1301 1461 natus
1313 1425 1350 1467 est
1364 1427 1376 1461 ἓ
1401 1428 1421 1459 5
1422 1426 1459 1458 ed
1468 1424 1579 1470 bisunt
1591 1425 1704 1465 istorum
1717 1427 1781 1459 iudi
1791 1451 1802 1467 ‚
1828 1428 1934 1470 quibus
1957 1427 2092 1471 Ecclesi‘is

1216 1483 1271 1513 Dei·
1278 1486 1334 1518 pro
1343 1474 1394 1517 suo
1403 1474 1529 1517 ipsorum
1540 1477 1685 1510 commodo
1694 1476 1825 1510 illudunt
1838 1502 1845 1510 .
1875 1479 1918 1512 Et
1931 1479 1965 1512 iri
1977 1479 2093 1513 litteris

1216 1528 1255 1562 ad
1277 1524 1504 1569 patrophilum
1530 1525 1730 1571 Episcopum
1751 1526 2066 1571 Schytopoliranum
2084 1542 2095 1561 z

1218 1580 1282 1621 ‚Qui
1295 1581 1521 1619 quingentorum
1533 1580 1563 1610 E
1561 1574 1744 1621 piscoporum
1756 1586 1859 1610 contra
1864 1577 1898 1622 se
1907 1581 2097 1624 promulgata

1221 1631 1339 1662 Decreta
1348 1636 1405 1658 non
1414 1625 1585 1660 obedierunt
1596 1650 1607 1667 ‚
1634 1638 1686 1660 nec
1696 1626 1735 1659 ab
1748 1627 1943 1669 Ecclesi‘arum
1960 1631 2097 1662 adtami-

1214 1677 1355 1719 stratione
1376 1681 1507 1711 amoveri
1523 1674 1741 1720 sustinuerunt,
1767 1688 1832 1709 cum
1854 1688 1898 1710 tot
1921 1677 2100 1722 consentien-

1221 1733 1295 1761 tium
1307 1724 1516 1767 Episcoporum
1533 1725 1686 1771 sententia
1704 1727 1742 1760 ab
1754 1729 1841 1769 officio
1853 1728 1938 1770 effent
1957 1729 2075 1770 depositi
2089 1754 2100 1768 ,

1219 1777 1377 1821 propterea
1389 1776 1470 1817 quod
1478 1776 1522 1809 illi·
1533 1799 1545 1814 ,
1569 1785 1604 1809 ut
1615 1777 1742 1814 ajebant
1755 1800 1766 1817 ,
1792 1780 1920 1818 spiritus
1931 1778 2031 1810 sandi
2042 1789 2101 1811 noia

1222 1827 1308 1868 efflent
1323 1830 1507 1865 participes,
1533 1834 1584 1856 nec
1607 1831 1664 1865 per
1683 1827 1742 1857 Dei
1748 1831 1885 1868 gratiam
1900 1827 2103 1872 gubernarent

1226 1872 1367 1915 Ecclesia:
1387 1896 1401 1912 v,
1422 1870 1481 1916 sed
1493 1881 1551 1915 per
1570 1872 1735 1907 humanam
1755 1882 1922 1916 potentiam
1941 1889 1979 1910 ex
1999 1883 2105 1913 inanis

1220 1926 1322 1969 gloriae
1333 1921 1472 1964 desiderio
1481 1922 1674 1962 Ecclefiarum
1680 1922 1921 1966 gubernationem
1932 1928 2108 1970 rapuiffimt,

1225 1974 1257 2006 hi
1277 1982 1353 2006 nunc
1377 1982 1444 2011 eos,
1470 1976 1521 2015 qui
1540 1970 1651 2005 abillis
1667 1972 1892 2017 ordinatificnt,
1918 1984 1976 2017 pro
1987 1975 2106 2020 Episco-

1222 2027 1274 2065 pIs
1297 2018 1473 2066 agnoscunt.
1501 2023 1586 2064 ‚Quos
1612 2032 1673 2056 meo
1691 2034 1769 2068 roges
1782 2031 1898 2059 nomine
1922 2027 2037 2066 velim,
2061 2038 2106 2059 ait

1225 2070 1381 2116 universos
1396 2073 1533 2107 mortales.
1548 2081 1758 2115 contemnant,
1783 2074 1868 2117 quafi
1883 2087 1935 2110 nec
1946 2078 2037 2110 oculos
2050 2076 2104 2115 ha·

1225 2124 1316 2158 beant
1336 2148 1348 2165 ,
1376 2134 1428 2158 nec
1448 2135 1560 2166 auree,
1587 2135 1639 2159 nec
1648 2135 1693 2158 cor
1707 2122 1796 2168 sensu
1801 2129 1988 2168 puccinum,
2014 2135 2047 2161 ut
2059 2139 2104 2164 eo·

1226 2186 1291 2208 rum
1303 2186 1370 2216 quae
1375 2185 1521 2218 gerantur
1531 2175 1774 2210 incohaerentiam
1783 2176 1958 2219 confiderare
1969 2190 2079 2224 queant
2091 2206 2101 2214 .

1227 2223 1367 2268 Versatur
1388 2227 1460 2258 talis
1479 2226 1513 2259 in
1536 2225 1670 2260 cordibus
1691 2225 1821 2270 ipsiirum
1836 2236 1972 2275 cogitatio
1984 2245 1995 2264 .-
2022 2233 2106 2275 ,Quo-

1228 2277 1310 2309 modo
1322 2276 1377 2308 duo
1383 2275 1499 2318 poffunt
1509 2276 1561 2319 effe
1571 2276 1712 2322 Episcopi
1724 2303 1735 2319 ,
1760 2290 1837 2313 unus
1850 2286 1901 2323 qui
1919 2280 1958 2314 ab
1969 2285 2110 2324 Evippio·

1229 2325 1367 2367 depofitus
1381 2324 1419 2365 est
1432 2324 1617 2369 Episcopatu
1629 2350 1640 2366 ,
1666 2329 1742 2361 alter
1753 2335 1805 2371 qui
1814 2330 1852 2363 ab
1864 2332 1914 2367 illo
1925 2331 1965 2372 est
1986 2332 2106 2369 ordina-

1229 2377 1303 2409 tus?
1330 2374 1616 2420 Agitinipsorum
1633 2378 1889 2421 Seleuciensem‚
1916 2381 2108 2416 Constanti-

1232 2425 1457 2468 nopolitanam
1468 2450 1480 2466 ‚
1504 2437 1542 2460 ac
1558 2428 1637 2461 alias
1657 2439 1777 2463 coaevas
1788 2430 1941 2473 Synodos
1951 2456 1963 2472 ,
1988 2431 2023 2467 in
2034 2432 2107 2475 qui-

1232 2476 1364 2510 bussese
1374 2476 1462 2510 ultro
1472 2478 1622 2521 citroque
1632 2478 1829 2514 damnarunt
1840 2506 1852 2522 ,
1878 2493 2008 2517 mutuas
2019 2481 2108 2516 dam-

1233 2527 1384 2559 nationes
1395 2528 1580 2569 spreverunt
1592 2552 1603 2567 ‚
1628 2529 1719 2573 atqui
1732 2530 1776 2564 ita
1789 2541 1891 2565 unum
1918 2543 1954 2565 ac
1965 2533 2107 2566 eundem

1231 2574 1400 2611 hominem
1422 2576 1458 2610 in
1479 2588 1547 2611 uno
1559 2578 1779 2623 Episcopum,
1807 2581 1840 2613 in
1859 2582 1925 2615 alio
1944 2583 2013 2616 astu
2026 2593 2109 2616 non·

1230 2626 1287 2659 nisi
1298 2624 1436 2660 Laicum
1447 2638 1676 2670 agnoverunt.
1707 2629 1843 2663 Eustatii
1865 2632 2058 2666 Sebastensis
2071 2633 2107 2666 in

1228 2677 1329 2719 prima
1351 2675 1508 2711 Armenia
1535 2676 1757 2721 Metropolitae
1771 2681 1922 2721 majorem
1935 2682 2106 2716 audaciam

1226 2726 1364 2769 exponit
1388 2724 1474 2760 idem
1496 2726 1631 2760 Basilius
1652 2729 1685 2759 in
1704 2729 1819 2760 litteris
1830 2729 1871 2762 ad
1884 2728 2106 2766 Theodotum
2124 2754 2145 2783 Ε
2168 2748 2226 2783 istd
2253 2755 2271 2782 6

1230 2775 1425 2818 Episcopum
1437 2788 1448 2807 .·
1474 2778 1533 2808 Cui
1544 2785 1602 2809 non
1612 2775 1759 2809 horrorem
1771 2775 1914 2811 incuteret
1924 2780 2080 2818 Eustatius
2094 2805 2106 2822 ‚
2133 2760 2166 2791 'p
2232 2763 2250 2788 9
2272 2773 2278 2782 ’

1226 2830 1276 2868 qui
1285 2830 1375 2859 etiam
1386 2835 1494 2858 manus
1507 2823 1687 2867 quibusdam
1699 2827 1794 2860 denuo
1804 2833 1950 2870 imponere
1962 2829 2106 2874 praesum-

1224 2874 1302 2917 psit,
1328 2876 1406 2917 quod
1428 2886 1510 2908 nemo
1530 2886 1661 2917 unquam
1671 2887 1710 2909 ex
1723 2879 1881 2911 Haereticls
1902 2879 2002 2923 fecisse
2013 2883 2107 2915 vide-

1226 2936 1293 2958 tur.
1320 2926 1404 2959 Suos
1424 2925 1541 2960 similes
1566 2937 1633 2959 non
1659 2927 1892 2962 tantummodo
1910 2929 2107 2975 degradare,

1227 2975 1278 3009 sed
1304 2975 1491 3018 &ipsorum
1506 2975 1776 3010 Consecrationes
1796 2979 1964 3015 exsufflare
1990 2981 2024 3015 ἀ
2044 2982 2108 3015 ite-

1228 3037 1293 3059 rare
1316 3025 1529 3069 praesumpsit,
1554 3026 1645 3068 atqui
1668 3027 1713 3060 ita
1735 3026 1874 3070 ipsarum
1889 3054 1900 3070 ‚
1926 3032 1973 3064 uti
1993 3041 2108 3064 execu-

1226 3078 1352 3110 tionem
1366 3099 1377 3115 ,
1404 3075 1448 3108 ita
1474 3075 1507 3108 ὅ(
1529 3075 1740 3110 substantiam
1761 3079 1865 3113 facere
1884 3091 2104 3116 vertumnam.

1227 3127 1360 3160 Sanctus
1391 3124 1526 3159 Basilius
1556 3125 1674 3160 merito
1703 3127 1850 3171 loquitur
1887 3131 2073 3165 dubitanter
2096 3144 2105 3164 ε

1227 3177 1319 3219 ‚Quod
1326 3187 1409 3208 nemo
1420 3186 1553 3217 unquam
1563 3187 1600 3209 ex
1614 3175 1763 3210 baeticis
1775 3177 1874 3222 feciffe
1885 3182 2004 3214 videtur
2013 3208 2021 3215 .
2052 3181 2107 3216 Ut

1228 3228 1317 3261 enirn
1330 3237 1407 3259 cum
1420 3225 1604 3260 Donatistis
1614 3238 1729 3261 ornnes
1740 3252 1751 3269 ,
1777 3240 1859 3273 quos
1872 3231 1969 3265 etiam
1988 3232 2109 3266 reordi-

1231 3279 1315 3311 nasse
1325 3275 1475 3314 constat,
1501 3275 1733 3320 rebaptizantes
1754 3279 1907 3314 omittam
1921 3306 1932 3321 ,
1958 3281 2040 3316 illud
2064 3282 2109 3315 fe-

1232 3328 1305 3363 cine
1319 3326 1419 3362 etiam
1437 3325 1617 3372 Georgium
1630 3351 1652 3368 ,‚
1667 3327 1875 3364 Alexandria:
1885 3330 2110 3368 patriarcham

1878 3380 2036 3418 Arianun·
2051 3404 2062 3421 ,

2114 1557 2247 1599 Epist-82.
