2346 3724
78 1287 133 1321 fol.
152 1293 217 1326 ὕας.

106 1674 168 1704 Lib.
190 1686 217 1710 4.

66 1712 128 1744 1³01.
151 1725 166 1743 2
173 1725 185 1744 2
193 1726 216 1744 ι.

86 2053 150 2085 Lib.
210 2074 216 2081 .

100 2102 163 2132 cap.
191 2102 216 2129 5.

108 2987 170 3019 Lib.
190 3000 220 3026 4.

102 3038 166 3066 cap.
191 3039 218 3067 3.

101 3068 134 3099 δέ
174 3090 182 3099 ’
233 3084 333 3118 etiam
350 3084 368 3117 a
390 3083 503 3128 quavis
525 3083 559 3117 in
582 3084 723 3119 Ecclesia
733 3085 907 3126 oratione,
932 3086 1036 3120 immo
1052 3088 1113 3122 &a

235 191 322 236 {pud
341 193 491 227 Sanstum
519 188 752 223 Innocentium
763 187 959 222 Pontificem
984 187 1120 232 graviffi·

235 242 289 276 me
299 242 459 276 accusavit
469 242 601 274 sanstus
613 240 753 282 Joannes
775 238 1049 282 Chrysostomus.
1080 239 1120 271 Et

236 294 272 328 in
285 292 399 326 litteris
419 290 461 324 ad
472 290 648 324 Africanos
666 290 844 333 Episcopos
855 289 1000 332 Magnus
1017 285 1120 321 Atha-

235 343 342 377 nasius
361 340 540 384 parimodo
550 342 679 375 accusat
692 339 908 376 Eusebianatn
923 337 1119 371 Arianorurn

234 390 407 427 factionem
423 415 433 431 ‚
457 389 545 433 qued
560 393 652 425 suum
663 389 843 425 Satellitem
851 400 888 422 ac
900 387 1120 431 Pseudo-Epi·

234 442 371 485 scopum
394 442 576 485 Georgium
601 438 869 476 intrhonizaffent
880 449 935 481 per
948 437 1075 482 Judaeos
1084 449 1120 471 ac

233 490 375 537 gentiles
387 516 398 531 ‚
423 502 519 535 atque
530 491 574 525 ita
587 489 621 525 hi
631 490 782 525 vidissent
792 491 930 523 sanetam
954 489 1096 522 mensam
1110 512 1120 528 ,

234 553 274 576 ac
295 541 463 576 intrassent
480 542 728 584 Baptisterium.
757 539 955 574 Nostrorum
976 540 1120 573 Arcano-

234 600 306 626 rum
328 590 412 624 nihil
433 602 560 635 poterat
583 590 684 624 videri
706 589 964 624 abinfidelibus.
993 589 1038 622 Et
1063 588 1119 623 ho·

234 640 348 675 dierna
370 642 540 684 disciplina
553 641 687 675 mandat
697 664 708 680 ,
734 650 770 674 ut
782 640 1009 683 superveniens
1021 639 1120 672 etiam

843 120 870 146 A
940 119 963 147 Ρ
1033 119 1049 148 Ι
1120 119 1144 146 T

234 691 555 727 Excommunicatus
574 691 740 734 ejiciatur,
766 700 822 723 aut
844 690 865 723 si
879 701 946 723 non
960 689 1055 733 poffit
1077 688 1121 722 ob

234 740 324 775 illius
346 742 524 786 potentiam
536 766 548 785 ,
574 739 767 776 inchoatum
779 740 979 776 sacrificium
996 739 1120 775 abrum-

233 802 352 834 parur«.

285 841 331 876 Et
354 840 450 885 hujus
468 841 647 885 disciplinae
670 840 860 885 posteriores
884 840 985 875 etiam
1016 838 1123 873 Graeci

228 891 369 926 fuerunt
387 893 510 936 semper
530 891 815 927 observantiffimi.
844 892 978 926 Etenim
997 890 1040 924 de
1058 888 1121 923 Im-

232 951 382 985 peratore
392 942 507 976 Leone
518 942 661 985 sapiente
670 966 681 982 ,
705 941 764 986 qui
775 943 1008 976 Saracenorum
1019 941 1122 982 Lega-

234 1000 288 1025 tos
324 992 455 1037 excepit
482 990 809 1026 honorificentiffime
832 1014 844 1031 ,
869 990 1023 1033 adjungit
1049 988 1120 1021 Leo

234 1040 499 1077 Grammaticus:
526 1045 691 1083 Imperator
711 1050 853 1082 magnam
874 1035 1121 1081 Ecclefiamsum-

230 1089 334 1132 ptuoso
355 1093 508 1124 decoravit
520 1099 627 1123 ornatu
638 1113 650 1130 ,
676 1094 831 1131 omniaque
849 1087 978 1131 pretiosa
989 1087 1068 1132 vasa
1087 1092 1121 1121 A·

230 1145 354 1184 garenis
375 1139 523 1181 ostendit,
551 1140 633 1182 quod
651 1141 809 1183 indignum
831 1143 1033 1181 Imperatoriae
1052 1164 1062 1179 ‚
1087 1141 1122 1172 ὁ*

237 1187 418 1229 chrsstaenae
441 1189 631 1228 institutionis
651 1190 763 1229 exstitit
783 1212 794 1229 ,
816 1186 902 1232 sacra
925 1191 979 1222 Dei
1001 1188 1079 1232 vasa
1102 1192 1122 1221 ἃ

235 1239 406 1273 Gentilibus
428 1238 569 1282 conspici.
598 1238 688 1273 lstud
710 1238 815 1282 ipsum
842 1249 948 1273 narrat
960 1238 1123 1284 Georgius

237 1289 407 1324 Cedrenus
418 1314 428 1329 ‚
453 1290 485 1323 ὃς
496 1288 647 1333 adjungit
659 1300 667 1320 ε
693 1290 733 1321 Id
743 1290 861 1332 quidem
869 1287 945 1328 statu
956 1289 1122 1331 Christiano

217 1339 464 1384 ,indignumfuit
474 1364 484 1379 ,
508 1345 675 1383 peregrinis
687 1338 851 1372 bominibus
862 1364 873 1380 ,
898 1338 994 1382 eisque
1016 1342 1038 1373 ἃ
1051 1350 1125 1372 vera

217 1384 389 1434 'Religione
410 1390 542 1430 alienis,
567 1401 604 1423 ea
626 1389 785 1430 ostendere,
811 1400 878 1431 quae
900 1401 937 1423 ne
959 1392 1051 1432 apiis
1061 1396 1123 1432 qui-

235 1440 324 1478 dem,
350 1441 385 1473 (9⁹
413 1444 540 1483 integrae
563 1445 639 1472 vitae
650 1439 817 1472 bominibus
836 1442 944 1474 temer?
966 1439 1122 1483 visuntur.

235 1485 451 1523 Duodecimn
465 1489 587 1523 Christi
600 1489 741 1522 Domini
755 1489 868 1523 saeculo
880 1491 978 1525 etiarn
991 1491 1124 1524 Clitzie-

233 1539 303 1573 slan
315 1539 504 1573 Turcorum
514 1539 667 1573 Sultanus
678 1540 768 1572 venit
782 1540 1123 1584 Constantinopolim,

233 1589 276 1623 ab
289 1589 486 1632 Imperatore
498 1589 716 1623 Emmanuele
733 1589 911 1623 Comneno
933 1589 996 1624 fuit
1022 1591 1122 1633 super-

235 1639 361 1673 biffime
381 1650 557 1682 exceptus,
581 1641 614 1673 δε
644 1641 786 1684 Joannes
805 1640 991 1674 Cinnamus
1012 1641 1124 1682 adjun-

235 1690 286 1733 git
301 1702 312 1722 .·
337 1693 500 1730 Imperator
512 1701 610 1722 rerum
619 1688 828 1732 prosperarum
846 1691 1052 1734 magnitudine
1066 1691 1124 1723 ela-

233 1747 285 1772 tus
307 1762 318 1778 ,
345 1738 529 1783 triumphum
555 1739 716 1779 instruebat
751 1742 1005 1783 apparatiffimum
1032 1764 1043 1780 ,
1068 1752 1125 1783 quo

234 1790 410 1822 Clitzieslan
436 1789 474 1821 ab
487 1801 552 1822 arce
556 1789 677 1831 summa
699 1789 788 1833 usque
799 1792 843 1823 ad
853 1793 987 1829 inclytum
999 1794 1124 1823 Divinae

232 1841 395 1880 sap1entiae
407 1840 548 1879 templum
561 1845 594 1870 in
601 1847 713 1880 pompa
724 1841 906 1872 traduceret.
935 1842 996 1873 Sed
1018 1851 1076 1873 non
1087 1839 1124 1880 est

233 1887 386 1931 exsecutus
404 1887 579 1930 propositum
591 1911 599 1919 .
626 1891 725 1920 Lucas
747 1893 828 1920 enim
840 1887 973 1930 Ecclefiae
985 1898 1055 1922 tunc
1068 1894 1125 1922 An-

234 1938 316 1979 tistes
341 1937 407 1970 huic
424 1938 508 1974 ac‘lui
530 1935 671 1979 resistere:
700 1943 772 1970 Non
782 1939 884 1972 decere
893 1945 1034 1981 inquiens
1045 1946 1124 1973 inter

231 1990 384 2032 religionis
398 1988 631 2028 instrumenta&
641 1985 728 2028 sacra
739 1996 913 2019 ornamenta
932 1992 1058 2028 impium
1078 1988 1124 2019 ho·
1164 2005 1166 2008 v

232 2043 344 2070 minem
355 2035 479 2076 tranfire
488 2060 495 2067 .
525 2035 568 2068 Et
580 2034 738 2069 accedens
751 2033 932 2069 horrendus
955 2047 1123 2070 terrae-mo-

234 2095 288 2120 tus
299 2083 493 2119 Patriarchae
515 2083 600 2118 dista
623 2085 833 2119 confirmavit
847 2110 854 2117 .
895 2085 996 2132 Qod
1019 2087 1122 2129 ipsum

232 2134 342 2179 ample
363 2135 459 2169 refert
480 2134 614 2168 Nicetas
634 2134 818 2169 Choniates
838 2160 846 2167 .
882 2135 992 2170 Etiam
1015 2136 1123 2171 Azati-

234 2197 298 2220 nus
321 2185 510 2219 Graecorum
522 2185 676 2219 Sultanus
689 2185 746 2219 sub
757 2184 934 2220 Michaelis
945 2185 1121 2231 Palaeologi

234 2235 378 2279 Imperio
402 2234 491 2269 venit
503 2235 830 2278 Constantinopolim
845 2260 856 2275 ‚
872 2237 915 2270 2&
934 2235 1122 2272 Patriarcha

235 2284 391 2319 Arsenius
410 2284 474 2318 fuit
497 2284 554 2327 ipfi
566 2285 649 2319 adet}
661 2285 852 2326 familiaris,
879 2295 915 2319 ut
937 2287 968 2320 se
978 2287 1124 2321 reddide*

232 2336 279 2370 rit
290 2334 465 2369 calumniis
475 2334 659 2369 obnoxium
674 2360 681 2367 .
709 2336 845 2370 Etenim
856 2336 988 2379 quidam
1000 2337 1122 2372 Clerici

232 2383 385 2419 adversus
408 2384 503 2418 illum
525 2385 716 2428 Imperatori
739 2396 950 2429 porrexerunt
960 2387 1121 2420 accusato-

234 2435 320 2469 rium
344 2434 514 2474 libellum,
541 2434 574 2467 in
596 2446 663 2479 quo
683 2445 774 2469 erant
794 2434 829 2469 hi
849 2436 999 2470 articuli:
1028 2438 1124 2480 ,Quid

235 2483 373 2528 Arsem'us
385 2489 509 2518 niqum
518 2482 553 2527 se
561 2484 739 2528 propensum
751 2485 977 2527 &familiarem
998 2489 1018 2519 5
1019 2489 1122 2520 ultano

230 2534 423 2578 praebuiffet,
449 2536 524 2567 adeo
547 2544 580 2568 ut
600 2533 655 2577 ipsi
670 2535 862 2569 &comitibus
874 2535 1045 2580 permiserit
1062 2535 1121 2580 sae-

231 2589 301 2627 pius
312 2586 413 2617 lavari
426 2589 458 2616 in
468 2585 570 2618 balneo
580 2585 727 2627 Eccksiae,
735 2586 786 2618 ubi
793 2584 866 2628 sunt
872 2585 959 2630 signa
972 2598 1120 2621 veneran-

234 2636 285 2667 dae
309 2638 415 2667 Crucis
447 2635 645 2668 marmoribus
668 2634 817 2678 insculpta
839 2659 850 2675 ‚
883 2647 948 2669 cum
973 2636 1018 2677 isti
1035 2638 1120 2680 essent

235 2689 387 2727 Agrium,
416 2683 775 2726 &Christimyfleriorum
785 2694 938 2727 expertes.
967 2690 1120 2721 Praeterea

236 2734 318 2775 quod
335 2732 397 2776 ipse
416 2735 522 2767 sultan
545 2745 609 2768 cum
617 2733 681 2778 suit
691 2737 849 2777 satrapis,
871 2744 926 2777 per
938 2743 1119 2770 matutinum

231 2783 399 2827 splendidae
422 2785 457 2817 (5
481 2796 598 2828 magnae
621 2785 804 2825 Dominicae,
832 2785 1022 2819 Patriarcbae
1035 2790 1119 2821 Lita-

235 2839 306 2866 nias
317 2833 476 2867 celebranti
486 2834 624 2878 adfuiffet
633 2856 644 2874 ‚
669 2836 703 2869 όν
708 2833 797 2876 fimul
804 2837 948 2870 Litanias
959 2837 1098 2879 recitaffet
1107 2863 1114 2871 .

236 2883 285 2917 lta
305 2884 401 2918 refert
421 2883 584 2928 Georgius
605 2882 824 2928 Pachymeres
846 2909 858 2925 ‚
885 2886 1006 2920 addens
1027 2885 1116 2921 Arse·

235 2934 329 2967 nium
351 2945 388 2968 ea
410 2932 451 2968 de
473 2935 567 2968 causa
591 2935 684 2968 fuisse
697 2933 931 2980 degradatum.
960 2934 1116 2983 Qiddip-

235 2985 307 3017 sum
329 2981 438 3018 scribit
452 2982 660 3028 Nicephorus
671 2984 835 3029 Gregoras
846 3010 853 3018 .
882 2987 932 3019 Ex
945 2987 1063 3029 quibus
1074 2988 1116 3021 vi-

233 3033 291 3068 des
312 3044 456 3079 paganos
478 3045 546 3068 non
569 3035 675 3068 solum
696 3036 714 3069 a
728 3035 832 3069 Miffae
851 3036 1034 3077 Sacrificio,
1063 3036 1113 3072 sed

232 3134 353 3176 quovis
373 3133 513 3168 Basilicae
536 3135 676 3179 ingressu
698 3135 760 3169 effe
770 3136 1013 3171 excludendos.

282 3185 431 3233 Qaestio
450 3185 494 3218 est
506 3184 546 3219 de
568 3185 708 3229 ingressu
733 3184 939 3220 &lavatione
952 3187 985 3219 in
1000 3186 1110 3221 Eccle-

234 3231 282 3265 siae
290 3231 406 3269 balneo
416 3259 423 3266 .
451 3234 583 3269 Etenim
595 3233 683 3268 hunc
695 3235 870 3279 ingressum
884 3235 947 3270 illis
960 3247 1027 3270 non
1041 3238 1111 3281 pos·

229 3281 266 3315 se
275 3284 419 3327 permitti
440 3284 635 3320 sustinebant
656 3284 786 3320 Arsenii
802 3285 1024 3328 accusatores,
1050 3298 1109 3322 ve-

1214 118 1232 147 1
1302 117 1322 146 s
1438 104 1580 148 XLI.
1901 111 1998 169 327

1185 188 1253 221 rum
1269 186 1334 230 ipse
1347 186 1537 220 interceffit:
1566 187 1739 221 adsultant
1761 193 1875 225 comites
1896 195 2059 236 quodam·

1183 246 1265 271 neret
1277 261 1288 275 ‚
1312 237 1386 268 lotos
1405 247 1452 269 eos
1477 235 1612 277 Ecclefiae
1631 238 1744 270 Balnea
1759 239 1792 281 se
1812 241 1938 284 nescire,
1966 256 2057 287 neque

1182 286 1316 329 idjuffisse
1329 311 1336 318 .
1363 286 1513 319 Caeterum
1528 285 1559 327 fi
1564 287 1693 329 allegata
1713 294 1788 319 ratio
1799 293 1914 326 valeret
1926 318 1936 333 ‚
1962 296 2059 329 exclu-

1182 338 1292 371 dendos
1302 348 1348 377 eos
1361 337 1471 369 cunr-‘Yis
1479 343 1596 378 pariter
1617 336 1700 369 urbis
1716 338 1842 370 Balneis
1857 363 1866 378 ‚
1893 354 1948 374 non
1958 346 2058 378 mim'u

1182 390 1271 431 quim
1280 388 1330 420 illo
1349 388 1433 429 quod.
1448 388 1492 419 ad
1500 386 1654 427 Ecclesiam
1669 392 1838 428 pertineret
1859 412 1866 420 .
1893 394 1969 424 Cum
1989 398 2059 428 αμα

1182 449 1290 481 quoque
1304 436 1429 471 tbermae
1441 461 1451 476 ‚
1474 445 1680 479 praeterquam
1703 438 1783 479 quod
1797 436 1887 481 fignis
1907 448 1998 473 crucis
2015 450 2061 476 in.

1180 489 1303 532 sculptae
1321 487 1402 529 sint,
1424 486 1518 530 sacris
1542 494 1634 520 etiam
1656 488 1834 531 imaginibus
1848 497 2004 522 ornentur.
2030 496 2061 525 si

1183 549 1278 572 autem
1296 539 1335 571 id
1354 549 1411 570 non
1431 537 1524 577 obstat
1544 562 1555 578 ,
1578 541 1635 579 qud
1654 540 1752 570 minus
1776 544 1813 570 iis
1828 563 1838 578 ,
1864 547 2062 580 quantumvis

1184 600 1265 623 verae
1288 588 1437 631 religionis
1456 588 1629 629 expertibus
1652 612 1663 628 ,
1689 586 1759 630 usus
1778 594 1978 630 permittatur
1995 593 2064 623 alio·

1184 652 1249 672 rum
1272 640 1457 672 lavacrorum
1469 662 1478 677 ,
1506 640 1583 680 quid
1594 638 1634 677 est
1654 640 1737 680 quod
1754 639 1937 680 repellantur
1959 641 1999 673 ab
2009 645 2065 680 ch

1183 688 1268 731 clefiae
1282 690 1395 722 Balneo
1407 688 1424 720 ,ἓ
1447 687 1524 721 Scio
1544 689 1673 721 Arsenii
1688 688 1957 733 degradationem
1970 691 2064 726 fuisse

1185 738 1431 773 latrocinalem:
1459 738 1591 772 Etenim
1606 739 1760 773 Sultanus
1781 739 1840 773 ille
1852 740 2065 782 profitebatur

1187 791 1216 823 se
1239 787 1465 823 Christianum
1484 813 1492 820 .
1526 789 1664 823 Interim
1686 790 1753 832 ipse
1779 790 1879 824 etiam
1909 791 2064 825 Arsenius

1185 840 1352 882 profitetur
1371 838 1430 873 ista
1450 838 1514 872 alia
1534 839 1670 879 omnia,
1696 841 1738 873 de
1763 840 1880 883 quibus
1895 841 2068 875 accusaba*

1185 900 1253 930 tur,
1272 890 1306 923 in
1319 890 1453 933 paganis
1464 901 1532 924 non
1545 889 1669 923 licuisse
1680 914 1688 921 .
1716 891 1801 924 Otto
1813 891 1852 923 de
1865 891 1982 925 Sancto
1996 892 2069 925 Bla-

1185 940 1230 973 fio
1253 940 1287 973 ὅ(
1310 938 1513 973 Godefridus
1537 939 1690 974 Coloniae
1711 940 1752 974 ad
1773 942 1924 975 Sanctum
1949 941 2070 976 Panta-

1187 990 1312 1023 leonem
1337 987 1526 1024 Monachus
1537 990 1744 1024 Fredericum
1770 992 1910 1034 primum
1931 991 2070 1035 Impera-

1185 1038 1435 1073 toremlaudant
1449 1063 1460 1080 ,
1486 1041 1577 1084 qudd
1597 1041 1750 1074 Gentiles
1763 1041 1867 1085 Regis
1887 1042 2070 1084 Babylonii

1186 1089 1352 1132 Legatos,
1379 1089 1532 1124 Domino
1555 1091 1613 1124 suo
1635 1091 1724 1125 illius
1736 1091 1839 1125 filiam
1861 1092 1896 1125 in
1908 1103 2043 1126 uxorem
2057 1116 2070 1132 ‚

1185 1140 1217 1173 ὃ(
1230 1137 1515 1173 Christianitatem
1527 1140 1728 1183 postulantes
1739 1164 1750 1179 ,
1777 1141 1888 1174 medio
1911 1154 1951 1176 an
1959 1153 2000 1175 no
2014 1142 2071 1175 ho—

1187 1189 1322 1222 norifice
1343 1188 1521 1222 detinuerit
1543 1213 1553 1228 ‚
1580 1188 1834 1223 circumduxerit
1857 1201 1912 1232 per
1936 1191 2071 1233 Imperii

1185 1239 1334 1273 civitates
1346 1262 1357 1278 ,
1383 1239 1627 1282 permiseritque
1650 1239 1719 1273 nost
1727 1250 1758 1273 ra
1773 1238 1925 1281 mysteria
1936 1241 2072 1284 conspi-

1185 1290 1216 1323 ci
1228 1288 1270 1322 ab
1285 1289 1350 1323 illis
1360 1297 1458 1332 atque
1469 1288 1593 1323 notari.
1617 1288 1771 1322 Omnind
1782 1288 1930 1333 pessime.
1963 1289 2072 1335 Argui

1185 1335 1218 1373 dc
1231 1337 1378 1373 cohiberi
1391 1337 1547 1373 debuerat
1558 1338 1600 1372 ab
1613 1338 1782 1382 Episcopis
1792 1363 1803 1379 ,
1829 1350 1912 1382 quos
1936 1340 2022 1374 istud
2036 1341 2071 1373 fi·
2117 1355 2126 1364 =

1187 1389 1324 1422 lentium
1347 1388 1550 1423 demonstrat
1569 1389 1663 1422 fuisse
1684 1389 1854 1432 imperitos
1876 1387 2071 1424 Christianae

1186 1440 1382 1482 disciplinae.
1412 1438 1598 1473 Fredericus
1623 1438 1731 1482 ample
1756 1439 1890 1473 excellit
1915 1437 2070 1474 delictum

1186 1489 1291 1523 Saniti
1314 1489 1417 1534 Regis
1429 1488 1598 1529 Ezechiae,
1624 1488 1874 1533 quiBabylonii
1895 1490 1995 1523 etiam
2008 1490 2073 1524 Re-

1186 1540 1236 1584 gis
1247 1539 1379 1582 Legatis
1399 1537 1542 1572 ostendit
1563 1540 1617 1572 sua
1633 1539 1745 1573 omnia
1761 1564 1768 1571 .
1796 1538 1961 1582 Propheta
1976 1539 2071 1582 isajas

1186 1589 1248 1624 fuit
1264 1588 1330 1623 istis
1344 1589 1511 1632 Episcopis
1527 1589 1706 1633 religiofior
1729 1590 1762 1623 ἀ
1775 1589 1976 1623 constantior
1988 1615 1995 1623 .
2026 1591 2072 1625 Et

1188 1639 1263 1673 hinc
1288 1638 1379 1672 vides
1404 1639 1499 1672 istum
1514 1638 1687 1672 Canonem
1709 1640 1771 1685 esse
1786 1640 2045 1683 antiquiffimum
2060 1666 2071 1681 ,

1185 1690 1203 1724 ὲ
1224 1690 1403 1733 Synagoga
1426 1688 1546 1722 venisse
1570 1689 1610 1722 ad
1637 1689 1811 1723 Ecclesiam
1836 1715 1844 1722 .
1874 1691 1968 1724 Hinc
1989 1691 2070 1724 item

1187 1739 1403 1772 Marcionitas
1426 1738 1554 1772 &alios
1576 1739 1754 1773 Gnosticos
1769 1763 1780 1779 ,
1806 1740 1897 1782 quod
1921 1740 2071 1773 Gentiles

1186 1790 1285 1824 etiam
1299 1788 1339 1822 ad
1365 1788 1566 1821 tremendam
1586 1788 1743 1820 Sacrificii
1760 1790 1963 1829 orationem,
1994 1790 2071 1823 licet

1186 1850 1255 1872 non
1282 1836 1476 1871 inducerent
1494 1861 1505 1877 ‚
1536 1846 1645 1869 tamen
1674 1837 1933 1880 supervenientes
1956 1839 2071 1874 tolera·

1187 1897 1282 1929 rent,
1308 1886 1482 1930 Septimius
1501 1885 1668 1921 rectissime
1679 1887 1808 1932 arguit.
1869 1923 1876 1929 ,

1258 2013 1441 2063 Sanblum
1471 2018 1646 2077 canibus,
1681 2022 1741 2064 (9‘
1749 2020 1872 2086 porcis
1895 2037 2002 2067 mar-

1477 2092 1630 2153 garitas
1643 2124 1656 2149 ,
1693 2094 1784 2136 &a
1827 2142 1830 2146 .

1236 2235 1340 2283 Qod
1363 2247 1475 2271 vocem
1499 2260 1510 2276 ,
1536 2237 1676 2272 sancium
1698 2263 1709 2279 ,
1750 2250 1809 2283 pro
1838 2239 2068 2283 Eucharistiae,

1186 2284 1286 2328 ipsam
1300 2299 1408 2321 veram
1432 2299 1470 2321 ac
1487 2285 1726 2323 substantialem
1749 2291 1950 2325 sanstitatem
1962 2294 2068 2326 conti-

1186 2336 1316 2376 nentis,
1343 2338 1551 2372 Sacramento
1573 2340 1701 2381 antiqui
1725 2338 1835 2374 Patres
1858 2342 2068 2384 acceperint,

1185 2384 1271 2419 lucet
1294 2397 1335 2419 ex
1362 2387 1513 2421 Dostoris
1542 2388 1643 2422 nostri
1670 2389 1757 2423 libro
1783 2389 1824 2424 de
1850 2391 2066 2434 Spec‘iaculis:

1183 2436 1282 2476 ‚Quale
1296 2435 1333 2476 est
1354 2448 1393 2471 ex
1417 2449 1487 2478 ore,
1513 2450 1568 2480 quo
1579 2443 1670 2471 Amen
1693 2446 1725 2472 in
1736 2441 2043 2483 sanciumprotuleris
2056 2466 2068 2483 ,

1178 2485 1343 2528 gladiatori
1364 2487 1555 2525 testimonium
1576 2490 1697 2522 reddere
1715 2490 1728 2522 ?
1757 2491 1885 2524 Eodem
1909 2493 2001 2526 sensu
2031 2492 2067 2526 in
2085 2500 2156 2538 Cap.
2173 2508 2219 2536 ις.

1184 2535 1331 2569 sermone
1356 2536 1397 2570 de
1425 2537 1536 2580 Lapfis
1563 2538 1671 2572 scribit
1700 2541 1833 2574 Sanetus
1860 2541 2065 2583 Cyprianus:

1182 2587 1335 2627 ,Quaedam
1345 2598 1448 2620 arcam
1454 2587 1543 2630 suam
1554 2613 1565 2629 ‚
1589 2595 1621 2621 in
1632 2600 1691 2630 qua
1702 2593 1823 2623 Domini
1833 2591 2045 2634 sanc‘lumfuit
2053 2616 2063 2632 ‚

1181 2635 1316 2668 manibus
1326 2638 1458 2680 indignis
1485 2644 1619 2671 tentavit
1631 2644 1749 2681 aperire
1763 2665 1770 2672 .
1802 2641 1911 2674 Etiam
1925 2642 1958 2675 in
1974 2642 2063 2676 libris

1180 2685 1329 2720 adversus
1353 2687 1487 2720 Celsum
1510 2688 1554 2722 ita
1577 2688 1723 2731 loquitur
1743 2690 1922 2732 Origenes.
1957 2691 1999 2723 Et
2024 2692 2059 2725 in

1180 2735 1291 2769 litteris
1303 2737 1343 2770 ad
1356 2736 1591 2770 Innocentium
1611 2737 1807 2770 Pontificem
1821 2739 1953 2772 sanstus
1964 2740 2059 2783 Joan-

1181 2796 1233 2818 nes
1245 2784 1501 2829 Chrysostomus
1516 2810 1523 2817 .
1550 2784 1717 2828 Appellari
1741 2787 1877 2829 reperias
1899 2789 1933 2822 δε
1947 2790 2057 2824 santia

1178 2834 1349 2868 5anc¹Iorum
1361 2861 1369 2868 .
1397 2835 1521 2869 Eadem
1535 2836 1660 2869 ratione
1671 2835 1798 2880 antiqui
1812 2835 1922 2872 Patres
1948 2839 1983 2871 ὃς
1994 2840 2056 2874 Ca-

1179 2897 1280 2919 nones
1297 2884 1486 2919 admirabile
1511 2884 1594 2919 istud
1615 2885 1858 2920 Sacramentum
1882 2889 2054 2924 intitulant

1178 2938 1317 2975 Bonum,
1344 2935 1512 2977 PerfeHum
1530 2961 1541 2977 ,
1569 2935 1784 2976 Perfefflonem
1806 2960 1814 2969 .
1841 2937 1921 2973 Hoc
1943 2950 2054 2975 tamen

1177 2986 1251 3020 loco
1262 2985 1390 3020 Doaor
1398 2985 1506 3020 noster
1518 2996 1630 3019 vocem
1643 2987 1734 3020 istam
1750 2998 1817 3020 non
1840 2999 1898 3033 pro
1908 2989 1974 3023 sola
1989 2991 2053 3024 Eu-

1175 3034 1323 3070 charistia
1335 3036 1475 3079 accipit,
1501 3035 1553 3070 sed
1566 3047 1624 3079 pro
1634 3036 1792 3071 omnibus
1805 3037 1888 3079 illis,
1914 3040 1954 3073 ad
1970 3051 2050 3083 quo-

1175 3098 1246 3120 rum
1260 3098 1328 3120 non
1355 3086 1573 3130 sumptionem
1585 3109 1596 3125 ‚
1621 3086 1674 3120 sed
1699 3087 1880 3123 aditionem
1893 3098 1986 3132 atque
1995 3101 2051 3124 au·

1173 3136 1335 3171 ditionem
1359 3134 1625 3170 Catechumenos
1650 3148 1690 3171 ac
1710 3137 1862 3173 Gentiles
1887 3141 1949 3173 una
1974 3151 2048 3175 cum

1173 3187 1235 3221 suis
1247 3187 1388 3221 initiatis
1400 3186 1610 3221 Marcionitae
1621 3186 1840 3223 admittebant
1849 3212 1858 3221 .
1888 3188 1968 3223 Hoc
1979 3190 2023 3223 est
2037 3213 2049 3230 ,

1174 3248 1231 3280 pro
1241 3236 1363 3271 cunctis
1373 3235 1490 3270 nostris
1507 3236 1654 3271 celandis
1664 3237 1819 3272 Arcanis.
1847 3239 1950 3287 Qod
1972 3238 2049 3273 verd

1171 3287 1270 3323 etiam
1284 3298 1342 3333 pro
1362 3287 1434 3331 ipfis
1451 3287 1664 3322 Sacramentis
1674 3311 1688 3329 ‚
1713 3288 1907 3325 sacrosansta
1927 3291 2050 3334 praeser-

1938 3349 1998 3373 tim
