2346 3724
103 864 227 903 Cap013.

70 2727 222 2768 Epist-163.

763 162 1085 206 Cap-1

1341 170 1361 200 s
1463 156 1569 200 XL.

1155 173 1182 203 Τ
1251 171 1270 202 Ι

1911 173 2007 221 307

243 261 302 295 que
312 248 421 284 bubula
430 253 560 288 utraque
573 244 781 288 comprimebat
790 255 926 278 manum.
962 243 1124 287 Loquitur
1187 243 1328 278 Providit
1353 241 1388 273 id
1398 245 1480 274 Deus
1495 264 1506 279 ‚
1531 248 1569 273 ne
1583 246 1707 282 propter
1728 245 1783 278 Dei
1799 244 1999 282 Balthazaris
2018 246 2198 281 m·Tom.6.

244 313 286 335 ex
298 298 455 334 Lustacio
465 296 616 330 Placidio
629 296 663 329 in
675 295 803 340 Papinii
813 295 908 331 Statii
919 293 1028 331 Poetae
1036 305 1125 328 com·

245 349 413 385 mentariis
427 361 439 380 .·
467 345 568 390 Persae
591 353 624 380 in
647 347 758 389 Spelaeo
777 346 872 381 ,solem
892 345 1010 385 colunt,
1036 344 1125 377 &bic

243 401 293 433 501
297 405 415 442 proprio
439 404 555 432 nomine
580 406 703 432 vocatur
713 395 848 431 Mithra.
875 393 929 433 Est
950 393 1122 437 autemipse

242 451 292 484 501
309 450 397 483 vultu
418 449 508 482 leonis
526 473 537 488 ‚
560 458 626 480 cum
645 452 730 482 tlara
754 470 765 487 ,
792 443 900 486 Persico
919 443 1028 479 habitu
1050 467 1062 486 ,
1088 446 1123 478 ὁ*

241 498 392 543 utriusque
412 499 549 531 manibus
569 509 678 532 cornua
700 501 781 531 tauri
803 500 997 536 comprimens
1018 518 1028 530 ..
1062 495 1122 530 Fa-

243 551 313 584 cies
324 548 406 583 Solis
420 548 578 594 fignificat
600 559 674 582 eum
697 547 780 581 inter
791 545 882 579 Deos
893 571 903 587 ,
929 546 977 580 uti
992 545 1063 580 Leo
1077 544 1122 579 est

242 600 330 634 inter
342 599 462 634 belluas
471 625 480 640 ‚
494 600 556 633 effe
568 598 695 642 Regem
706 620 713 628 .
739 595 873 630 Taurus
885 595 1047 640 fignificat
1058 595 1123 629 Lu-

244 658 322 684 nam
337 674 347 690 ,
373 650 414 684 de
434 661 498 693 qua
520 648 607 682 idem
621 646 793 682 Luetacius
805 644 1124 679 :-5imulacbrumM1'-

244 699 324 733 tbrae
330 700 455 743 fingitur
468 698 641 733 relufflanns
648 703 731 731 tauri
740 708 849 732 cornua
871 705 1022 730 retentare
1034 719 1044 735 ,
1068 706 1124 738 quo

239 749 422 794 fignificatur
435 751 555 784 Lunam
576 748 615 782 ab
625 759 657 781 eo
678 749 776 782 lumen
788 752 915 788 accipere
928 771 939 787 ,
963 747 1028 780 crim
1038 754 1124 787 coepe·

244 806 286 834 rit
298 800 337 833 ab
348 803 413 842 ejus
427 801 527 835 radiis
534 796 685 843 segregari
698 823 705 830 .
734 798 777 834 Et
797 796 852 831 hic
864 796 1014 841 intellige
1026 796 1124 840 Septi·

244 851 350 884 mium
363 851 396 884 in
412 850 516 893 primo
537 849 686 884 adversus
698 847 905 883 Marcionem
926 846 1032 881 libro:
1060 849 1123 880 Art-

244 902 298 934 dae·
317 902 500 935 &ardentis
520 908 641 933 naturae
654 900 846 933 Sacramenta
867 900 976 933 Leonis
998 895 1122 930 Mltbrae

240 949 488 993 philosophamur
507 973 516 983 ,.
544 949 624 983 Hoc
647 948 693 983 est
717 972 728 988 ,
757 947 834 984 Deo
861 945 995 982 Mithrae
1020 939 1123 981 affista

243 1000 371 1035 Leonis
395 999 494 1035 facies
515 999 561 1033 est
582 998 709 1044 gentile
724 997 992 1038 Sacramentum,
1020 1005 1087 1039 quo
1100 995 1125 1028 is

1183 304 1254 329 men
1265 292 1397 337 repreffa
1409 296 1460 326 vis
1470 296 1551 336 ignis
1561 289 1724 336 censeretur
1734 315 1743 324 .

1335 446 1478 513 Signat
1511 441 1591 491 illic
1638 446 1677 491 in
1697 441 1918 509 frontibus.

1233 592 1523 628 confirmatricem
1535 594 1725 628 unstionem
1736 593 1799 627 effe
1822 592 1919 627 nobis
1930 591 1964 626 in
1983 591 2074 627 fron·

1184 650 1217 677 te
1228 643 1460 679 conferendam
1476 644 1573 679 tradit
1589 645 1714 678 Dostor
1724 645 1824 678 etiam
1848 643 1884 677 in
1906 643 2005 677 tertio
2016 643 2071 677 ad-

1187 692 1294 727 versus
1305 693 1513 728 Marcionem
1526 693 1612 728 libro
1625 718 1637 734 ,
1659 694 1745 729 istud
1756 695 2003 728 Sacramentum
2015 705 2071 736 ap·
2086 701 2159 740 Cap.
2173 710 2219 731 22.

1187 743 1311 786 pellans
1321 745 1508 789 signaculum
1513 743 1686 786 fruntium.
1714 745 1819 794 Qod
1840 745 1947 787 ipsum
1968 744 2003 776 in
2018 743 2071 777 lit·

1187 794 1262 827 teris
1285 794 1326 830 ad
1351 795 1598 830 Herentianum
1622 795 1756 828 sanctus
1784 793 1974 829 Ambrosius
1996 816 2008 833 ,
2034 794 2071 826 in

1187 843 1301 878 litteris
1330 845 1371 879 ad
1397 845 1598 879 Decentium
1626 844 1842 890 Eugubinum
1870 843 2080 888 Episcopumr

1187 894 1320 928 sanstus
1344 894 1502 931 Pontifex
1525 895 1741 930 Innocentius
1762 898 1887 938 primus
1901 919 1912 935 ‚
1935 892 2074 928 inlibris

1188 944 1340 980 adversus
1359 945 1517 982 Faustum
1528 944 1754 981 Manichaeum
1764 945 1897 979 Sanstus
1915 943 2074 990 Augusti·
2089 966 2140 999 Lib
2160 978 2208 998 η.

1188 1006 1249 1029 nus
1263 1019 1274 1036 ,
1299 996 1335 1030 in
1359 996 1456 1030 variis
1475 995 1623 1040 epistolis
1647 997 1778 1030 Sanctus
1798 994 1978 1039 Gregorius
2000 994 2077 1028 Ma·
2089 990 2209 1047 cap-30.

241 1051 444 1094 significetur
465 1049 642 1083 effearidae
674 1048 708 1081 &
729 1045 872 1080 ardentis
897 1054 1015 1078 naturae
1033 1069 1040 1077 .
1067 1043 1124 1079 Est
1170 1056 1297 1089 .gnus,
1323 1046 1358 1079 in
1379 1046 1514 1090 epistola
1535 1044 1575 1081 ad
1591 1046 1777 1082 Germaniae
1800 1045 1979 1089 Episcopos
2002 1044 2077 1078 Ma.-
2113 1066 2122 1077 r

241 1100 332 1132 enirn
344 1098 423 1136 Sol,
447 1107 546 1140 quem
564 1097 599 1129 in
624 1095 710 1129 libro
734 1097 774 1129 de
787 1095 944 1129 Mercurii
966 1095 1000 1129 ἀ
1014 1093 1126 1129 Philo·

239 1148 339 1193 logias
359 1146 483 1191 nuptiis
507 1146 699 1181 Marcianus
724 1145 861 1189 Capella
886 1145 928 1180 ab
947 1144 1021 1180 aliis
1033 1146 1125 1180 Sera·-

241 1198 311 1242 pim
322 1222 331 1237 ‚
360 1197 401 1231 ab
413 1197 487 1231 aliis
499 1195 620 1230 ofirim
634 1221 646 1236 ,
672 1194 714 1231 ab
734 1194 807 1230 aliis
821 1195 949 1230 Titana
960 1219 972 1235 ‚
999 1193 1041 1229 ab
1052 1195 1125 1230 aliis

241 1246 439 1291 Apollinem
452 1271 464 1287 ,
490 1245 532 1280 ab
543 1247 615 1282 aliis
629 1245 736 1291 Atym
748 1270 759 1286 ,
785 1245 827 1280 ab
838 1244 910 1280 aliis
919 1245 1123 1282 Ammonem

242 1296 409 1332 intitulari
422 1296 466 1330 ait
477 1321 488 1338 ,
514 1306 613 1339 atque
623 1295 795 1331 concludit
810 1306 819 1330 ς
847 1298 894 1329 sic
905 1301 992 1329 vario
1004 1296 1124 1329 canelus
1146 1331 1149 1334 ,

242 1356 274 1381 te
287 1353 404 1381 nomine
415 1354 554 1381 convocat
561 1347 638 1379 orbis
654 1371 661 1378 .
689 1347 777 1380 Deas
788 1356 903 1383 omnes
921 1346 964 1381 ad
973 1346 1104 1381 Lunam
1116 1368 1126 1385 ,

242 1407 359 1438 omnes
374 1397 465 1431 Deos
486 1395 527 1429 ad
538 1395 647 1431 Solem
660 1394 769 1431 referri
780 1395 924 1430 ostendit
945 1397 1045 1433 etiam
1057 1396 1125 1430 Au-

243 1448 342 1481 relius
355 1446 548 1481 Macrobius
568 1446 604 1479 in
627 1444 718 1479 libris
731 1445 968 1481 Saturnalium,
997 1446 1068 1481 Hic
1079 1445 1125 1481 est

241 1497 301 1531 ille
313 1497 406 1530 Deus
425 1495 586 1530 Afrorum
599 1493 744 1529 Pileatus
755 1518 767 1536 ,
793 1495 834 1529 de
847 1505 914 1540 quo
939 1496 972 1528 in
986 1496 1125 1539 septimo

241 1547 338 1590 super
349 1546 459 1580 Sansti
471 1544 608 1590 Joannis
620 1543 841 1590 Evangelium
862 1545 1029 1581 Tractatuv
1041 1547 1121 1580 San-

241 1598 310 1631 &us
322 1595 546 1641 Augustinus:
575 1596 624 1628 Illi
646 1594 702 1638 ipfi
710 1601 763 1639 qui
779 1593 923 1639 seducunt
939 1604 995 1638 per
1017 1597 1123 1639 ligatu-

242 1658 297 1680 ras
310 1670 321 1686 ,
348 1654 405 1689 per
423 1650 677 1687 praecantationes
690 1669 702 1685 ‚
725 1654 782 1686 per
802 1644 1046 1679 machinamenta
1068 1651 1125 1678 im‘·

242 1700 313 1729 mici
326 1719 337 1736 ‚
361 1692 484 1738 miscent
491 1696 778 1737 praecantationibus
802 1693 867 1738 suIs
877 1706 980 1729 nomen
991 1694 1103 1736 Christ!
1113 1719 1123 1735 ‚

242 1750 317 1789 quia
340 1756 398 1778 non
418 1746 532 1788 poffunt
546 1742 684 1788 seducere
702 1744 887 1785 Christianos
908 1771 919 1787 ,
946 1745 1059 1789 utique
1083 1746 1124 1779 ad

241 1793 368 1828 Christi
390 1806 514 1829 nomen
537 1794 788 1839 abnegandum·
817 1800 855 1828 Ut
873 1797 947 1828 dent
957 1807 1125 1836 venenum,

242 1846 363 1879 addunt
374 1845 471 1877 mellis
486 1845 674 1885 aliquantum
684 1868 696 1883 ,
721 1854 756 1876 ut
763 1853 820 1884 per
830 1847 867 1876 td
885 1847 965 1886 quod
973 1845 1057 1878 dulce
1066 1844 1104 1882 est
1115 1869 1125 1885 ,

243 1896 341 1928 lateat
372 1895 452 1936 quod
470 1905 605 1926 amarum
628 1893 665 1933 est
678 1917 688 1933 ‚
716 1892 879 1926 &bibatur
892 1895 937 1926 ad
941 1899 1104 1936 perniciem
1116 1917 1123 1925 .

241 1943 337 1987 Usque
345 1946 417 1977 adea
430 1952 464 1976 ut
478 1955 526 1987 ego
537 1948 669 1977 noverim
679 1944 779 1984 aliquo
794 1952 924 1984 tempore
933 1945 1013 1976 illius
1028 1944 1127 1976 Pilea·

240 2001 268 2027 ti
278 1995 465 2028 sacerdotem
486 1993 578 2035 solere
598 1994 692 2024 dicere
705 2004 717 2023 .·
743 1995 790 2023 Et
811 1992 860 2023 ille
883 1994 1017 2024 Ptleatus
1036 1992 1125 2024 Chri·

236 2044 353 2082 flianus
368 2042 421 2079 est.
447 2045 486 2073 Ut
508 2042 584 2082 quid
605 2040 677 2080 boc,
697 2038 820 2080 fratres
836 2064 846 2079 ‚
872 2040 928 2082 nisi
945 2049 1019 2082 quia
1039 2043 1126 2074 aliter

242 2103 301 2124 non
318 2091 435 2133 poffunt
455 2088 550 2133 [educi
575 2089 762 2130 Christiani?
788 2090 868 2136 Qio
889 2090 983 2134 plene
1003 2090 1126 2124 videre-

242 2151 297 2175 tur
310 2139 516 2175 Christianus
532 2164 543 2181 ‚
569 2140 655 2173 idem
670 2140 724 2173 ille
737 2138 884 2173 Pileatus
897 2141 931 2173 in
945 2141 1009 2174 suis
1020 2140 1123 2174 Sacris

241 2191 327 2235 juffit
358 2191 513 2233 baptizari
535 2212 546 2228 ,
581 2189 767 2224 confirmari
793 2190 829 2224 ἀ
850 2191 931 2235 ungi
958 2191 1125 2231 frontem,

242 2241 400 2287 celebrari
421 2238 630 2274 oblationem
644 2240 735 2283 panis
757 2252 795 2274 ac
807 2239 873 2274 vini
888 2265 899 2280 ,
925 2241 958 2274 δε
970 2241 1124 2284 martyria

241 2291 394 2326 coronari
422 2315 430 2322 .
466 2290 599 2324 Sanctus
627 2289 834 2335 Augustinus
868 2291 940 2324 istic
971 2291 1065 2325 addit
1090 2292 1124 2326 &

241 2342 342 2375 aliam
365 2340 432 2383 ejus
456 2340 638 2383 nequitiam
660 2353 668 2372 :
694 2342 839 2384 Magnum
861 2340 898 2381 est
910 2339 1047 2384 specil-«re
1065 2350 1122 2383 per

241 2400 336 2423 totum
344 2390 439 2424 orbem
459 2399 607 2423 terrarum
619 2390 732 2423 viHum
744 2394 887 2430 Leonem,
915 2392 1031 2434 utique
1045 2392 1125 2424 Dia-

242 2438 356 2474 bolum
369 2465 379 2480 ,
400 2438 549 2484 sanguine
560 2444 636 2483 Agnt‘
649 2465 656 2472 .
683 2438 791 2483 Nescio
803 2441 867 2482 qud
880 2439 971 2481 simile
984 2446 1122 2475 imitatus

240 2490 278 2529 est
291 2492 414 2532 quidam
431 2488 559 2533 spiritus
571 2514 582 2529 ‚
608 2499 642 2522 ut
656 2487 802 2533 sanguine
816 2489 903 2533 suum
915 2468 1137 2532 fimulacbrumi

240 2542 300 2575 emc'
308 2542 396 2574 vellet
410 2564 420 2580 ‚
447 2545 520 2582 quia
542 2549 669 2574 noverat
684 2539 812 2584 pretioso
831 2539 979 2584 sanguine
990 2541 1123 2583 quando-

239 2602 361 2632 cumque
374 2590 578 2623 redimendum
584 2602 678 2633 genus
691 2589 850 2623 humanum
865 2615 872 2622 .
901 2586 1005 2624 Porro
1016 2590 1034 2624 ὲ
1047 2590 1122 2625 Coe-

241 2641 328 2673 lessis
350 2640 438 2673 istius
449 2639 533 2681 apud
554 2640 654 2675 Afros
677 2639 975 2684 PileatiBaptismo
995 2641 1122 2676 videtur

240 2690 369 2723 fluxiffe
400 2689 565 2731 Baptisma
598 2689 824 2724 Caelicolarum
850 2715 861 2731 ,
887 2691 1081 2725 damnatum
1101 2692 1119 2727 ὲ

239 2741 359 2775 saneto
385 2738 575 2783 Augustino
589 2739 622 2772 in
637 2740 751 2773 litteris
771 2741 811 2774 ad
825 2742 982 2783 quosdam
1007 2741 1121 2775 Dona·

240 2789 388 2824 tistarum
417 2789 598 2832 Episcopos
620 2813 631 2829 ,
657 2791 688 2823 ὅ(
709 2789 728 2822 ὲ
754 2789 946 2832 quibusdam
969 2791 1119 2825 fidelium

239 2839 475 2882 Imperatorum
499 2838 624 2883 legibus
644 2864 655 2880 ‚
694 2840 900 2874 exstantibus
930 2841 965 2874 in
991 2841 1119 2876 Codice

240 2890 412 2934 Iustiniani
426 2914 433 2921 .
460 2890 498 2923 ln
512 2890 648 2923 laudatis
667 2890 783 2925 litteris
796 2890 1025 2925 Caelicolarum
1049 2891 1119 2925 Ma-

238 2940 288 2984 jor
301 2940 427 2975 videtur
438 2939 501 2973 effe
530 2939 617 2973 idem
631 2964 642 2980 ,
668 2941 725 2983 qui
747 2939 902 2976 Sacerdos
921 2940 1037 2975 Pileati
1050 2965 1058 2973 .
1085 2942 1117 2975 A

237 2991 354 3034 capitis
373 2990 458 3033 apud
474 2990 573 3023 Afros
592 3000 789 3025 ornamento
812 2992 875 3026 fuit
896 2991 1000 3025 dictus
1015 2991 1119 3026 Pilea·

238 3051 292 3074 tus
307 3066 314 3073 .
343 3039 443 3083 Apud
456 3039 566 3074 Persas
588 3039 650 3074 fuit
675 3041 780 3075 dietus
799 3041 899 3075 etiam
923 3041 1115 3076 Balthazar.

238 3091 283 3125 Et
294 3088 372 3125 hinc
384 3090 559 3124 Danielem
572 3088 771 3134 prophetam
784 3115 795 3131 ,
821 3092 875 3125 cui
899 3103 1020 3125 nomen
1033 3092 1115 3127 istud

238 3140 282 3174 ob
293 3139 440 3176 vaticinii
459 3140 574 3174 merita
596 3140 792 3184 imposuerat
805 3141 878 3175 Rex
891 3140 1117 3178 Nabuchodo-

1169 1081 1175 1133 Ι
1190 1106 1276 1139 gnus
1301 1092 1459 1131 Pontifex
1486 1097 1557 1131 Leo
1579 1120 1590 1137 ,
1603 1108 1654 1131 *ac
1674 1097 1766 1130 variae
1786 1095 1921 1131 tradunt
1942 1093 2076 1138 Synodi

1189 1145 1386 1179 Latinorum
1400 1170 1407 1176 .
1433 1146 1540 1181 Graeci
1553 1146 1642 1180 enim
1655 1146 1783 1190 insuper
1794 1146 1911 1179 oculos
1925 1169 1936 1185 ,
1959 1155 2076 1186 nates,

1189 1206 1306 1235 aures,
1332 1195 1487 1239 &pestus
1507 1205 1661 1240 ungunt,
1686 1206 1725 1229 ac
1753 1197 1875 1236 semper
1888 1204 2073 1228 unxerunt.

1189 1245 1237 1281 lta
1250 1245 1353 1290 liquet
1373 1256 1414 1279 ex
1427 1245 1567 1289 septimo
1580 1247 1720 1279 Canone
1733 1243 2077 1287 Constantinopolita-

1189 1306 1234 1329 no
1252 1320 1263 1336 ‚
1288 1307 1330 1329 ex
1351 1296 1482 1337 saneto,
1508 1295 1566 1339 qui
1585 1294 1800 1337 isti·Synodo
1812 1295 1942 1334 adfuit,
1969 1292 2077 1336 Cyril-

1191 1345 1225 1379 lo
1245 1336 1491 1388 Hierosolyma:
1517 1345 1682 1387 Episcopo
1706 1369 1716 1385 ‚
1752 1345 1784 1378 &
1803 1344 1889 1387 apud
1914 1343 2076 1387 Iacobum

1190 1395 1281 1430 Goar
1300 1405 1343 1429 ex
1368 1393 1588 1440 Euchologiis
1603 1396 1790 1429 Graecorutn
1806 1419 1812 1426 .
1838 1394 1889 1426 Ex
1900 1393 2017 1435 quibus
2030 1393 2077 1426 di-

1190 1446 1259 1480 sces
1279 1444 1380 1479 etiam
1402 1455 1517 1480 manus
1529 1456 1568 1479 ac
1590 1443 1686 1488 pedes
1699 1445 1734 1478 in
1758 1443 1951 1486 quibusdam
1964 1442 2076 1477 Eccle-

1189 1496 1240 1531 fiis
1252 1496 1346 1529 fuisse
1358 1495 1473 1531 unetos
1485 1520 1492 1527 .
1520 1495 1575 1530 De
1584 1505 1648 1537 qua
1664 1495 1819 1529 varietate
1841 1504 1901 1527 nec
1915 1491 2078 1534 photius,

1191 1556 1252 1580 nec
1273 1544 1421 1578 Michael
1443 1544 1654 1585 cerularius,
1680 1555 1742 1579 nec
1767 1543 1907 1580 Nicetas
1931 1543 2079 1577 Pectora-

1190 1605 1242 1629 ως
1256 1618 1268 1634 ,
1294 1605 1356 1628 nec
1368 1594 1454 1630 ullus
1465 1594 1547 1628 alius
1560 1594 1815 1635 schismaticus,
1841 1605 1903 1629 nec
1916 1594 1995 1628 item
2010 1591 2080 1637 ipsa

1193 1645 1386 1680 Florentina
1409 1643 1564 1689 Synodus
1589 1646 1694 1679 movit
1720 1645 1823 1679 ullam
1844 1643 2075 1686 quaestionem.

1192 1695 1347 1736 Utraque
1369 1694 1493 1738 semper
1513 1693 1655 1729 Ecclesia
1674 1695 1814 1740 agnovit
1835 1695 1937 1730 solam
1957 1694 2077 1728 frontis

1193 1745 1383 1779 unetionem
1407 1745 1690 1780 effeSacramento
1713 1744 1913 1779 essentialem
1927 1767 1935 1776 .
1960 1744 2077 1777 Disces

1191 1793 1256 1828 hoc
1273 1804 1315 1827 ex
1328 1793 1462 1829 laudato
1477 1794 1608 1836 Cyrillo
1621 1816 1632 1833 ‚
1659 1793 1713 1837 qui
1728 1792 1806 1826 cum
1817 1793 1852 1827 in
1863 1793 1959 1827 tertia
1971 1792 2077 1837 fingu-

1191 1844 1237 1878 las
1257 1844 1349 1876 istius
1370 1843 1571 1876 sacramenti
1595 1843 1768 1878 unitiones
1793 1842 2014 1886 exposuiffet‚
2040 1842 2076 1876 in

1191 1903 1304 1937 quarta
1316 1892 1551 1937 Mystagogica
1567 1892 1732 1927 Catechesi
1757 1894 1896 1936 seipsum
1918 1892 2077 1934 recapitu-

1191 1944 1283 1977 latin
1296 1942 1363 1975 haec
1375 1941 1468 1975 verba
1482 1955 1494 1975 .·
1521 1946 1730 1985 Impinguavit
1739 1950 1825 1975 tuum
1837 1950 1928 1984 caput
1950 1941 2078 1982 infron-

1193 2001 1223 2025 te
1241 2000 1298 2032 per
1317 1990 1498 2034 fignaculum
1511 1994 1567 2023 Dei
1577 2015 1589 2031 ‚
1617 1992 1696 2033 quod
1716 1991 1810 2025 habes
1830 2002 1865 2025 ut
1886 1997 2077 2034 exprimatur

1190 2047 1223 2074 in
1243 2050 1272 2074 te
1285 2038 1411 2085 figillum
1432 2038 1673 2085 sanHlficationIs
1696 2043 1751 2074 Del
1771 2067 1778 2074 .
1817 2042 1946 2076 Laudat
1969 2041 2076 2076 solum

1191 2091 1310 2125 frontis
1331 2091 1533 2135 signaculum
1556 2105 1567 2124 :
1594 2091 1699 2139 Qod
1720 2091 1838 2136 nempe
1857 2090 1943 2126 istud
1968 2093 2076 2126 solum

1190 2141 1318 2175 censeat
1341 2140 1518 2184 principale
1537 2152 1634 2184 atque
1658 2143 1837 2177 essentiale.
1865 2141 1922 2176 An
1946 2143 2076 2185 reliquae

1190 2192 1363 2226 unctiones
1375 2191 1460 2235 apud
1472 2192 1602 2226 Graecos
1612 2191 1675 2226 fint
1688 2191 1912 2227 substantiales
1922 2218 1932 2233 ‚
1958 2205 2001 2227 an
2017 2204 2075 2226 ve·-

1190 2242 1228 2275 ro
1250 2239 1423 2275 dumtaxat
1444 2241 1709 2283 caeremoniales,
1734 2242 1781 2277 est
1793 2243 1871 2277 alibi
1885 2244 2076 2278 examinan-

1190 2291 1231 2325 da
1250 2291 1400 2335 quaestio.
1428 2292 1540 2340 Qare
1561 2303 1668 2326 errant
1690 2293 1747 2335 qui
1769 2293 1959 2328 Graecorum
1982 2293 2074 2327 Con-

1189 2342 1410 2375 firmationem
1431 2341 1620 2376 existimant
1652 2343 1722 2376 fieri
1746 2343 1781 2378 in
1819 2353 1895 2379 toto
1915 2354 2071 2387 corpore.

1189 2390 1342 2425 Omnino
1362 2391 1414 2424 illi
1440 2390 1563 2426 habent
1586 2392 1684 2427 talem
1707 2393 1918 2434 unctionem,
1939 2394 1992 2428 sed
2014 2393 2075 2427 Ba·

1189 2442 1310 2484 ptismo
1334 2441 1484 2484 praeviam
1506 2467 1517 2483 ,
1546 2443 1623 2486 pure
1645 2444 1904 2479 caeremonialem
1927 2468 1938 2483 ,
1973 2453 2074 2487 quam

1189 2491 1289 2525 etiam
1312 2491 1330 2525 a
1353 2490 1510 2526 Diacono
1534 2493 1602 2526 fieri
1630 2493 1824 2536 permittunt
1851 2492 2073 2537 Apostolicae‚

1188 2552 1267 2584 quas
1294 2541 1451 2575 Romano
1484 2541 1652 2577 Clementi
1685 2544 1796 2587 paffim
1832 2544 2073 2582 adscribimus,

1187 2591 1453 2626 constitutiones
1478 2617 1485 2624 .
1520 2592 1601 2627 Haec
1623 2592 1669 2626 est
1691 2593 1748 2627 illa
1773 2594 1885 2628 unstio
1906 2618 1917 2635 ‚
1942 2605 1984 2628 ex
2006 2605 2071 2637 qua

1186 2639 1319 2685 quidam
1357 2641 1470 2676 Latini
1508 2641 1699 2677 Graecorum
1736 2643 1899 2688 Baptisma
1934 2669 1945 2685 ,
1981 2644 2069 2687 quast

1186 2691 1273 2735 quod
1295 2691 1360 2725 olei
1372 2693 1466 2726 causa
1492 2693 1640 2735 nequiret
1650 2704 1781 2728 carnem
1805 2704 1958 2739 tangere,
1983 2690 2069 2727 male

1185 2752 1385 2777 vocaverunt
1405 2740 1610 2778 indubium.

1474 2890 1629 2941 Milites
1653 2889 1745 2961 fisos
1759 2927 1772 2942 .

1229 3040 1330 3090 Qod
1363 3040 1558 3077 Christianae
1578 3029 1866 3077 Confirmationis'
1880 3043 2071 3079 Sacramen-⁴

1183 3104 1255 3129 tum
1268 3104 1328 3127 nos
1341 3092 1375 3126 in
1388 3091 1508 3127 Christi
1520 3093 1642 3127 milites
1652 3093 1779 3137 proprie
1791 3095 1960 3129 consecret
1971 3120 1981 3135 ,
1995 3095 2069 3129 Do·

1180 3147 1249 3178 ἂοι·
1259 3143 1396 3177 affirmat
1418 3142 1561 3177 etiamin
1584 3143 1670 3177 libro
1693 3143 1734 3177 ad
1749 3143 1936 3188 Martyres.-
1963 3149 2065 3179 Vocat!

238 3192 333 3224 nosor
345 3215 356 3232 ,
383 3202 451 3225 non
467 3191 580 3231 fuisse,
608 3190 686 3226 licet
713 3193 746 3225 δε
762 3192 827 3234 ipse
838 3202 967 3226 auream
979 3192 1115 3227 statuam
1174 3194 1277 3239 sumus
1297 3195 1342 3226 ad
1357 3194 1501 3231 mllitiam
1523 3196 1579 3226 Del
1590 3199 1661 3227 vivi
1673 3195 1745 3234 jam
1760 3203 1830 3228 tunc
1846 3219 1856 3235 ‚
1881 3206 1947 3230 cum
1962 3199 1996 3228 in
2011 3188 2199 3229 sa-VC1p-3·

236 3240 370 3276 adorare
384 3241 510 3282 nollet,
533 3251 609 3275 cum
628 3241 701 3275 aliis
725 3241 831 3275 tribus
855 3243 961 3285 pueris
984 3243 1115 3278 missum
1179 3251 1273 3280 menti
1297 3243 1390 3277 verba
1413 3242 1630 3285 respondImus.
1659 3243 1722 3278 Per
1745 3245 1989 3281 Sacramentum
2015 3246 2064 3280 in-

237 3290 271 3322 in
285 3291 448 3325 fornacem
473 3291 610 3327 affirmat
634 3292 667 3325 in
682 3290 796 3325 habito
817 3291 858 3325 de
878 3292 943 3326 illis
968 3292 1115 3328 sermone
1181 3296 1301 3340 telligit
1314 3293 1526 3336 Baptismales
1542 3294 1822 3334 renuntiationes,
1848 3293 2063 3340 Baptismalia

236 3339 370 3376 Sanctus
392 3340 532 3382 Ioannes
559 3341 815 3386 Chrysostomus
835 3366 843 3375 .
873 3342 917 3377 Et
942 3340 1114 3389 adjungit:

1181 3347 1268 3391 pasta
1280 3370 1288 3379 .
1317 3343 1469 3379 Affirmat
1488 3355 1550 3379 nos
1563 3355 1616 3389 per
1635 3345 1703 3390 ipsa
1717 3345 1829 3404 vocari
1849 3355 1888 3380 ac
1901 3345 2014 3432 pugi·
2023 3345 2066 3382 ad

1986 3406 2017 3431 et
