2346 3724
605 182 647 228 C
709 197 746 228 aa
818 197 839 226 ι»
910 196 925 226 1
997 191 1022 221 'r
1092 192 1109 222 1
1182 187 1200 216 s
1318 173 1625 230 XXXVII.
1863 193 1964 231 299

1122 256 1129 271 Ι

195 266 287 313 Quia
298 267 386 301 fache
396 264 631 300 suntadversns
644 265 745 308 ipsam
759 288 768 295 .
793 263 878 297 Sunt
889 271 931 295 ex
951 258 1017 302 ipsa
1028 269 1077 293 or·
1123 255 1187 334 16ὶὲ
1209 254 1319 289 scribit
1340 264 1455 291 contra
1478 256 1610 290 Celsum
1630 255 1792 300 Origenes
1811 274 1818 294 ε
1848 264 1937 306 ,Quid
1955 269 2030 296 com·
2048 261 2109 291 Lib·
2122 272 2151 292 r·-

195 326 260 355 tae,
283 315 453 362 quomodo
474 327 515 349 ex
537 316 649 355 mitis,
674 313 812 359 opima,
837 323 875 346 ac
898 309 1076 344 neceffariae
1137 304 1299 350 pendlofius
1308 310 1468 351 ex'cogitari
1478 316 1566 349 queat
1576 308 1621 340 ad
1634 305 1870 349 subveniendum
1894 314 2025 346 multitu.
2048 301 2106 332 1³⁶¹·
2115 313 2145 338 9·

195 366 291 402 olivae
303 363 684 408 nucleoasperoleaster‚
708 366 742 402 &
765 364 814 400 uti
835 373 875 396 ex
896 359 1078 406 gratiffirnae
1139 359 1224 398 alini,
1253 357 1343 399 quam
1367 359 1448 399 qu0d
1467 358 1482 400 J
1490 357 1605 393 ΒΣΗ-ς
1615 356 1761 401 gentibus
1779 361 1932 394 ''admit-²
1959 362 2027 397 Ve-

197 428 237 451 ac
247 415 435 450 suaviffimae
446 416 524 448 ficus
540 416 663 449 semine
673 416 775 449 oritur
800 424 837 447 ac
858 410 1003 454 exsurgit
1027 420 1076 443 va·
1141 408 1210 442 rum
1233 407 1267 440 in
1291 407 1426 441 modico
1450 418 1605 451 papavere
1624 408 1734 441 liciata
1771 406 1873 442 latent
1896 410 2026 446 infinita

197 478 242 500 na
266 466 299 500 ὃς
320 467 451 500 ventosa
473 466 643 509 caprificus
663 490 670 497 .
698 463 793 499 Ficus
816 463 923 496 semen
947 461 1076 494 Ductor
1143 455 1317 500 mysteria,
1343 457 1520 491 innumerae
1532 457 1726 502 quaestiones
1741 482 1751 498 ,
1779 457 1896 501 quibus
1907 456 2028 494 exhau-

198 515 341 560 appellat
358 520 496 560 {sap-aver
518 515 562 554 ob
572 517 681 550 formae
699 512 965 548 fimilitudinem.
993 509 1077 543 Lau·
1140 506 1259 541 tiendis
1285 506 1396 542 nullus
1422 508 1539 542 sufficit
1566 506 1692 548 homo,
1719 509 1824 542 immo
1844 519 1911 556 ¹nec
1922 520 2029 553 genus

198 565 309 602 datam
329 565 569 602 institutionem
592 574 757 609 comparat
777 562 872 598 rebus
897 558 1077 598 admodum
1141 557 1341 591 humanum.
1369 559 1497 592 Omnes
1521 570 1561 592 ex
1575 558 1645 602 ipso
1667 560 1787 603 sugunt
1813 571 1850 592 ac
1866 559 2029 593 eliciunt:

197 615 337 650 modicis
349 629 359 648 :
387 615 487 663 Qod
501 615 617 660 nempe
627 614 811 660 Apostolici
825 610 976 656 Symboli
990 635 1001 650 ,
1014 621 1078 644 ver·
1141 607 1309 643 Catholici
1320 606 1431 642 cibum
1457 608 1488 642 δε
1502 619 1618 652 potum
1633 610 1704 642 vitae
1715 618 1857 652 aeternae;
1885 608 2030 646 haeretici

197 665 232 699 bi
246 665 350 700 brevis
375 678 412 700 ac
423 667 617 707 breviaturis,
643 664 770 700 constet
793 662 938 707 pauculis
963 661 1077 695 articu-
1141 666 1300 695 venenata
1313 658 1483 695 mendacia
1509 669 1548 694 ac
1567 659 1879 705 degenerationem.

195 713 260 758 lis,
286 717 475 761 &pauculis
495 716 631 755 rithus.
658 717 713 753 De
735 712 921 753 Christiana
943 711 1017 760 lege
1029 720 1075 745 re·

503 998 579 1082 C
616 997 702 1081 A
741 998 805 1079 P
841 995 1049 1093 UT
1189 997 1716 1088 XXXVII.

307 1180 654 1267 ‘Haeretici
708 1209 1066 1290 tamquam
1124 1192 1167 1260 ἰι
1224 1185 1284 1263 S
1283 1185 1607 1293 cripturis
1665 1185 1913 1279 alieni,

619 1295 765 1403 fine
825 1300 884 1380 S
884 1298 1206 1405 cripturis
1259 1287 1323 1402 J
1317 1326 1440 1380 unt
1496 1330 1595 1380 re-

939 1412 1291 1509 vincendi.

354 1601 374 1646 1
410 1597 501 1647 haec
537 1599 602 1647 ita
636 1596 680 1647 se
714 1597 877 1647 habent
901 1633 914 1657 ,
961 1611 1011 1647 ut
1046 1599 1207 1662 veritas
1244 1596 1372 1647 nobis
1407 1595 1683 1664 adjudicetur
1710 1632 1723 1658 ,
1759 1591 2036 1665 quicumque

387 1669 433 1716 in
466 1685 519 1716 ea
555 1669 728 1731 Regula
761 1666 1007 1722 >incedimus
1043 1705 1056 1729 ,
1103 1683 1237 1735 quam
1275 1668 1469 1718 Ecclesia
1504 1668 1561 1718 ab
1597 1668 1822 1737 Apostolis
1861 1705 1874 1729 ‚
1915 1676 2038 1738 Apo*

387 1737 483 1803 stoli
517 1736 544 1786 a
579 1738 757 1788 Christo
779 1776 792 1799 ,
827 1737 1027 1788 Christus
1065 1735 1101 1786 a
1128 1743 1230 1789 Deo
1265 1742 1439 1806 accepit
1462 1776 1476 1799 ,
1511 1739 1680 1788 constat
1716 1742 1835 1787 ratio
1870 1736 2042 1805 Propo?

362 1806 453 1855 .s1ti
489 1808 658 1868 nostri,
695 1808 941 1857 definientis
975 1825 1065 1857 non
1100 1807 1180 1858 effe
1216 1806 1515 1857 admittendos
1551 1808 1776 1856 haereticos
1800 1806 1856 1855 ad
1887 1807 2042 1857 ineunss

196 1875 301 1924 dam
336 1874 391 1926 de
425 1879 656 1944 Scripturis
693 1880 1056 1944 provocationem
1094 1914 1107 1938 ,
1155 1895 1267 1944 quos
1303 1877 1390 1927 fine
1428 1879 1660 1944 Scripturis
1711 1877 1946 1946 probamus
1981 1876 2041 1926 ad

196 1949 437 2013 Scripturas
473 1964 560 1997 non
596 1950 814 2014 pertinere
836 1983 849 1994 .
899 1950 940 1995 Si
975 1950 1093 1996 enim
1130 1948 1321 1997 haeretici
1358 1946 1455 1995 sunt
1493 1983 1505 2005 ,
1555 1946 1792 1996 Christiani
1829 1946 1911 1997 effe
1946 1948 2039 2000 non

196 2014 369 2083 possunt
393 2051 407 2074 ,
444 2034 534 2063 non
570 2014 595 2062 ὲ
632 2016 810 2064 Christo
846 2014 1049 2064 habendo
1083 2016 1205 2082 quod
1240 2015 1295 2065 de
1332 2014 1404 2064 sua
1439 2017 1648 2066 elestione
1685 2016 1829 2066 sectati
1867 2019 2038 2067 haereti-

197 2100 347 2134 corum
405 2087 583 2133 nomine
628 2083 868 2134 admittunt
893 2121 906 2133 .
975 2089 1044 2134 Ita
1078 2101 1167 2134 non
1202 2085 1437 2135 Christiani
1476 2123 1489 2147 ,
1539 2088 1705 2135 nullum
1748 2094 1816 2154 jus
1853 2092 2038 2157 capiunt

197 2155 540 2204 Christianarum
578 2155 882 2204 Litterarum:
921 2153 995 2203 Ad
1029 2172 1140 2220 quos
1178 2156 1340 2205 merito
1376 2156 1613 2207 dicendum
1650 2158 1711 2206 est
1733 2195 1745 2218 ‚
1786 2162 1876 2227 Qi
1912 2157 2035 2209 estis?

199 2224 391 2295 Qando
413 2263 426 2286 ,
463 2228 506 2273 &
541 2223 657 2274 unde
693 2224 906 2274 venistis?
947 2225 1067 2294 Qid
1102 2227 1148 2274 in
1185 2243 1284 2274 meo
1317 2229 1482 2289 agitis,
1518 2245 1606 2276 non
1644 2230 1730 2277 mei
1758 2226 1778 2277 ?
1816 2234 1924 2300 Qo
1959 2230 2034 2282 dc-

199 2300 334 2363 nique
355 2333 368 2355 ,
404 2297 603 2344 Marcion
626 2332 638 2355 ,
675 2299 765 2359 jure
801 2296 960 2344 Silvam
998 2312 1140 2344 meam
1176 2294 1352 2345 caedis?
1389 2302 1489 2366 Qa
1524 2299 1706 2347 licentia
1732 2335 1745 2358 ,
1781 2302 2031 2362 Valentine‚

202 2368 347 2416 fontes
385 2382 503 2415 meos
539 2363 836 2420 transvertis}
889 2370 989 2432 Qa
1024 2364 1239 2432 potestate
1259 2402 1273 2427 ‚
1309 2368 1487 2433 Apelles
1512 2404 1526 2428 ‚
1564 2369 1728 2418 limites
1764 2387 1884 2421 meos
1911 2389 2032 2421 com-

202 2434 401 2486 moves?
439 2434 563 2506 Qid
599 2435 671 2484 hic
710 2438 857 2484 caeteri
893 2436 949 2483 ad
986 2436 1261 2484 voluntatem
1295 2436 1479 2486 vestram
1507 2436 1728 2488 seminatis
1765 2445 1807 2489 &
1833 2441 2031 2509 pasciti33

201 2514 305 2558 Mea
338 2505 399 2555 est
433 2504 624 2574 poffeffio
653 2542 665 2565 ‚
702 2507 813 2553 olim
850 2504 1041 2574 poffideo
1064 2542 1078 2567 ‚
1128 2508 1246 2572 prior
1279 2506 1471 2572 poffideo
1498 2544 1511 2567 ‚
1561 2509 1703 2558 habeo
1737 2513 1925 2574 origines
1962 2512 2031 2561 fir-

204 2595 297 2628 mas
332 2576 389 2625 ab
423 2576 522 2643 ipsis
557 2575 816 2625 Auctoribus
841 2612 854 2636 ,
890 2593 1077 2644 quorum
1115 2575 1197 2624 fuit
1229 2592 1297 2624 res
1320 2613 1333 2623 .
1370 2581 1467 2640 Ego
1501 2577 1590 2627 sum
1628 2580 1762 2629 haeres
1798 2582 2031 2650 Apostolo-

204 2666 299 2698 rum
326 2667 336 2694 :
387 2649 508 2695 Sicut
542 2662 753 2696 caverunt
788 2646 1047 2696 testamento
1080 2643 1154 2697 suo
1189 2683 1202 2706 ,
1248 2645 1356 2695 ficut
1390 2646 1491 2697 fidei
1525 2649 1835 2700 commiserunt
1862 2689 1874 2712 ,
1923 2653 2031 2702 ficut

204 2717 515 2783 adjuraverunt
543 2753 556 2776 ,
593 2719 656 2764 ita
690 2731 824 2766 teneo
862 2753 876 2765 .
926 2722 1021 2766 Vos
1048 2717 1165 2766 certe
1200 2716 1578 2769 exhaeredaverunt
1614 2719 1781 2785 semper
1827 2726 1870 2769 &
1906 2721 2030 2769 abdi-

205 2802 414 2839 caverunt
435 2823 447 2846 ,
500 2802 549 2835 ut
583 2802 806 2836 extraneos
842 2824 855 2848 ‚
901 2801 951 2834 ut
987 2788 1192 2836 inimicos
1227 2821 1240 2833 .
1291 2785 1424 2836 Unde
1458 2803 1604 2836 autem
1641 2791 1832 2838 extranei
1867 2794 1909 2839 δε
1946 2793 2029 2839 ini-

206 2861 315 2908 mici
350 2857 572 2924 Apostolis
607 2857 796 2907 haeretici
822 2893 835 2917 ‚
871 2856 947 2906 nisi
983 2873 1036 2905 ex
1070 2855 1317 2907 diversitate
1352 2855 1557 2906 doetrinae
1591 2894 1604 2918 ‚
1640 2876 1773 2925 quam
1809 2859 2030 2929 unusquis-

204 2947 294 2998 que
321 2926 376 2977 de
400 2925 475 2978 suo
501 2926 683 2977 arbitrio
700 2926 910 2977 ‚adversus
936 2926 1169 2995 Apostolos
1204 2942 1279 2975 aut
1306 2928 1493 2994 protulit
1517 2965 1531 2988 ,
1566 2944 1640 2978 aut
1669 2930 1864 2997 recepit}

804 3153 1437 3255 maffia&

307 3407 411 3450 christ.
426 3411 502 3450 Lupi
519 3413 618 3451 Opera
626 3410 661 3440 T.
677 3408 734 3440 IX.
1483 3405 1515 3438 G
1538 3417 1556 3441 c
1607 3420 1629 3444 z
1842 3414 1979 3453 SCHO-
