2346 3724
724 153 958 199 CAP

993 192 995 194 ,
1027 162 1042 192 I
1114 164 1138 192 Τ
1210 164 1225 192 Ι
1298 161 1318 190 S

1425 147 1525 191 VI
1557 148 1593 192 1.
1904 164 1995 207 103

226 242 317 269 mata
329 227 387 273 sibi
398 228 586 275 adscripsit,
613 229 666 264 sed
691 231 836 275 &ipsam
860 231 927 274 ejus
948 229 1107 265 Divinam
1173 228 1358 263 Platonicis
1377 227 1534 272 ignotum
1554 251 1566 267 ,
1601 226 1743 272 ideoque
1779 232 1814 267 δε
1836 232 1923 276 ipsos
1944 255 1956 273 ,
1981 232 2059 268 licet

230 284 418 328 personam.
444 280 539 317 Hinc
559 279 641 315 dicit
653 282 787 316 Sanstus
809 282 950 325 Joannes
968 279 1108 322 Aposto-

93 349 172 389 (Ἀρ,
192 361 204 388 5
230 334 299 369 lus:
325 333 432 367 Nolite
444 337 523 365 omni
534 332 659 373 Spiritui
668 334 800 366 credere.
829 331 958 365 Probare
968 332 1109 372 Spiritus,

207 373 216 383 ¹
228 381 254 427 fi
265 394 306 419 en
329 384 390 416 Deo
406 380 481 424 fint.
511 382 554 416 Et
584 381 618 415 in
631 382 736 425 prima
748 382 789 416 ad
801 379 1110 416 Thessalonicenses

228 432 366 477 epistola
378 431 512 467 Sanetus
525 431 645 467 Paulus
659 446 666 465 :
693 435 838 475 spiritum
852 432 941 465 nolite
956 436 1110 474 extingue-

97 469 174 509 ἰη’
187 478 211 507 5'
227 494 262 521 re
284 507 295 522 ‚
321 480 501 524 Prophetias
520 482 610 515 nolite
633 480 769 525 spernere
796 505 804 514 .
830 486 941 515 Omnia
960 481 1109 523 probate:

225 533 322 577 ,Quod
339 532 448 566 honum
469 532 508 575 est
527 541 643 567 tenete.
671 531 815 579 Qidam
837 531 1112 567 Thessalonicen-

225 584 279 618 ses
307 604 317 622 ,
342 581 447 618 distos
473 581 703 617 charismatum
727 582 822 618 fucos
847 582 880 616 ὃ(
907 581 1111 616 simulatores

219 632 367 677 pertaesi,
393 643 528 668 omnem
541 634 718 676 Spiritum,
745 633 844 667 etiarn
872 631 1110 678 Prophetiam,

226 682 393 718 ducebant
416 683 624 718 refutandum
652 694 689 718 ac
715 681 952 726 spernendum.
982 682 1026 717 Et
1050 681 1111 717 hos

226 732 300 768 illic
312 732 494 779 Apostolus
506 731 667 777 reprimit.
695 733 786 780 Qia
811 734 845 768 δε
860 731 915 768 hic
926 733 1038 768 locum
1058 730 1111 766 ha·

223 782 286 818 bet
295 782 430 827 regula:
456 785 535 819 Utile
546 794 603 816 non
614 788 744 818 vitiatur
767 784 959 827 per-inutile.
986 783 1031 817 Et
1054 793 1113 817 no-

225 832 349 867 tandus
362 832 407 867 est
420 833 548 878 integer
561 833 654 867 locus
668 833 700 866 in
714 834 818 876 prima
836 834 877 867 ad
888 832 1111 868 Timotheum

227 882 386 927 epistola:
414 886 545 925 spiritus
556 892 655 915 autem
677 881 832 926 manifeste*
853 884 948 922 dicit,
973 886 1060 927 ,Quia
1080 888 1114 916 in

225 933 388 973 moviffimis
408 931 588 973 temporibus
610 929 761 974 discedent
774 933 899 975 quidam
924 935 945 967 a*
953 933 1017 974 fide
1029 957 1040 973 ,
1064 940 1114 965 at·

222 982 387 1018 ,tendentes
397 980 560 1023 spiritibus
570 987 680 1016 erroris
691 1007 702 1023 ,
730 983 764 1017 ζ’)
788 982 930 1016 dollrinis
950 986 1114 1017 Doemonio·

218 1042 296 1066 -rum
312 1056 319 1063 .
356 1031 470 1066 Palam
493 1032 631 1067 affirmat
652 1031 720 1065 dari
743 1030 907 1075 duplicem
932 1033 1089 1074 Spiritum
1103 1056 1114 1073 ,

228 1081 356 1123 duplex
376 1079 533 1117 charisma
548 1093 559 1115 .·
588 1080 715 1116 Verum
737 1081 756 1116 ὲ
778 1082 902 1125 Spiritu
913 1083 1054 1122 Sansto,
1079 1082 1114 1116 δε

223 1132 380 1166 ,fucatum
391 1129 410 1163 a
422 1130 620 1166 Doemoniis.
648 1130 741 1165 Hinc
756 1131 835 1168 item
848 1132 970 1176 scripsit
982 1134 1115 1167 Sanetus

226 1181 378 1226 'oannes
390 1177 570 1223 Apostolus
581 1180 719 1225 Spiritus
732 1182 795 1216 esse
806 1181 990 1226 probandos
1001 1209 1009 1216 .
1035 1183 1115 1217 Pro-

226 1229 311 1270 inde
323 1229 378 1267 hic
391 1231 608 1278 per-Spiritum
620 1231 816 1277 intelligitur
823 1234 972 1269 fucatum
984 1234 1116 1268 &men-

229 1279 296 1315 dax
318 1279 456 1317 Diaboli
479 1279 654 1316 charisma.
682 1282 821 1325 Spiritus
838 1283 954 1319 erroris
978 1283 1013 1317 ἀ
1030 1284 1117 1318 Doe-

232 1330 427 1371 montiosum
438 1330 586 1366 domina
598 1333 672 1366 sunt
696 1332 827 1374 penitus
848 1331 955 1367 idem.
982 1334 1117 1368 Diversa

232 1377 409 1419 dumtaxat
421 1379 582 1415 vocabula
595 1405 603 1414 .
633 1379 675 1414 Et
701 1380 761 1415 ista
772 1381 906 1424 quidem
923 1383 974 1416 via
986 1381 1118 1417 Diabo-

233 1430 286 1468 lus
301 1429 481 1472 procreavit
493 1427 660 1465 haereticos
684 1431 857 1472 primitivae
877 1432 1042 1466 Ecclesiae.
1070 1432 1119 1467 At

230 1479 314 1514 veru
325 1477 460 1513 tandem
473 1477 653 1518 aliquando
661 1479 811 1520 oportuit
824 1481 942 1514 cessare
964 1481 1095 1525 linguas
1107 1506 1119 1523 ,

230 1526 405 1567 scientiam
422 1525 566 1566 destrui,
589 1526 715 1563 aboleri
731 1528 882 1571 pleraque
901 1529 1095 1564 charismata
1108 1555 1119 1572 ,

231 1575 401 1620 ⁴utque-ita
425 1576 595 1620 adimpleri
618 1576 704 1611 hanc
722 1577 877 1621 Apostoli
891 1579 1114 1623 prophetiam:

230 1631 329 1667 Nunc
338 1636 439 1665 autem
449 1636 595 1666 manent,
623 1629 716 1663 Fides
727 1651 738 1668 ‚
755 1630 829 1671 Spes
844 1654 853 1670 ,
868 1629 1015 1664 Charitas
1028 1653 1041 1670 ,
1055 1636 1120 1664 tria

229 1676 317 1715 bac,
344 1676 477 1715 Exinde
496 1677 662 1715 Diabolus
684 1690 753 1714 non
780 1690 835 1723 per
855 1679 1062 1716 charismatis
1072 1682 1120 1716 su-

229 1735 312 1763 ¹cutn
324 1750 337 1769 ‚
362 1726 415 1764 sed
428 1737 482 1772 per
496 1726 689 1765 Christ-ianae
702 1729 855 1764 doctrinas
865 1731 1120 1773 affectationem,

231 1777 366 1822 viasque
388 1776 504 1813 similes
526 1778 624 1822 coepit
651 1778 842 1816 Emiffarios
861 1792 991 1825 parere.
1016 1780 1060 1816 Et
1074 1781 1120 1816 ita

231 1836 303 1873 erat
314 1826 698 1873 Tertullianitempore.
725 1830 819 1864 Hinc
838 1831 894 1865 ille
916 1831 999 1866 dicit
1024 1829 1121 1866 haere-

231 1879 283 1914 (es
299 1879 363 1914 esse
375 1890 444 1915 non
455 1877 593 1922 Spiritus
613 1878 731 1914 erroris
741 1903 752 1919 ‚
779 1880 834 1915 sed
850 1881 1005 1916 doarium
1032 1882 1121 1916 homi·

233 1939 307 1964 num
331 1939 367 1966 ac
387 1931 604 1965 Doemoniorum
617 1954 628 1970 ‚
648 1930 857 1971 prurientibus
879 1931 1001 1966 auribus
1022 1943 1118 1967 natas

191 1998 194 2001 ,
232 1979 274 2014 de
287 1984 406 2023 ingenio
425 1976 587 2022 sapientia·
607 1977 779 2022 saecularis.
807 1981 846 2015 ln
875 1982 960 2016 libro
988 1981 1119 2026 quidem

227 2029 447 2073 apologetico
472 2026 580 2063 scribit
605 2029 647 2064 de
666 2028 851 2065 haeresibus:
878 2036 990 2066 omnia
1013 2034 1120 2067 adver-

98 2094 214 2145 ὲψῌ
234 2081 291 2113 sus
314 2082 471 2123 veritatem
491 2078 530 2111 de
550 2077 619 2122 ipsa
630 2085 760 2115 veritate
770 2081 1030 2126 construc‘lasunt,
1058 2092 1122 2126 ope-

215 2124 376 2164 ‘rantibus
398 2129 617 2162 inmutationem
637 2128 722 2169 istam
745 2132 909 2174 spiritibus
919 2137 1026 2173 erroris
1040 2159 1047 2166 .
1078 2133 1122 2166 Ab

231 2178 287 2212 his
304 2179 457 2213 adulteria
473 2177 643 2222 hujusmodl
659 2178 807 2224 salutaris
819 2182 964 2222 doc'lrinae
979 2182 1123 2226 suborna-

233 2237 272 2262 τι
284 2253 293 2261 .
319 2228 447 2272 Asper
470 2229 585 2263 erroris
598 2229 736 2273 Spiritus
748 2231 855 2273 palam
878 2233 1036 2276 intelligit
1051 2243 1119 2265 non

236 2276 615 2314 aemulum‚charismatis
638 2280 774 2319 fucum,
801 2280 973 2324 sedipsum
996 2281 1119 2316 haereti-

233 2338 351 2363 corum
374 2327 577 2362 incentorem
589 2326 792 2363 Diabolum.
848 2344 852 2357 τ

288 2377 332 2412 Et
343 2376 407 2411 hoc
416 2379 464 2411 est
485 2376 576 2410 aliud
597 2386 849 2420 argumentum,
878 2388 923 2411 ex
938 2388 1008 2420 quo
1028 2377 1120 2412 Ter-

233 2426 394 2461 tullianus
416 2423 531 2468 probat
551 2423 684 2459 haereses
704 2427 767 2460 esse
785 2436 921 2470 pravas,
948 2428 1119 2463 damnatas

233 2475 323 2519 apud
334 2474 494 2510 Divinam
506 2473 684 2517 justitiam.
708 2476 799 2524 Qia
820 2476 939 2521 nempe
959 2478 1034 2513 sunt
1055 2479 1121 2513 fru-

233 2527 304 2560 ssus
329 2536 366 2559 ac
378 2525 477 2560 foetus
488 2524 645 2559 saecularis
656 2525 841 2570 sapientiae,
867 2526 1020 2563 humanae
1042 2528 1120 2563 Phi·

233 2574 408 2619 losophiae.
436 2574 684 2620 Argumentum
705 2577 859 2621 supponit
871 2577 956 2613 hanc
971 2578 1119 2614 Philoso-

235 2624 351 2670 phiam
365 2626 428 2659 effe
443 2636 572 2669 pravam
587 2651 594 2658 .
622 2627 713 2661 Dico
725 2652 736 2667 ‚
764 2633 850 2662 Hanc
876 2629 1098 2673 Philosophiam
1110 2657 1117 2663 .

237 2675 375 2710 Etenim
384 2672 600 2719 Philosophia
611 2677 792 2721 generatim
806 2680 932 2722 sumpta
944 2704 954 2720 ‚
968 2690 1005 2715 ut
1017 2681 1122 2725 ipsum

238 2736 365 2761 nomen
384 2724 534 2760 altiffime
555 2726 698 2767 clamat,
724 2728 771 2762 est
782 2730 1035 2766 res'sanuiffima
1048 2756 1059 2771 ,
1085 2743 1123 2767 ac

236 2775 344 2819 ipsam
363 2775 398 2810 in
423 2774 674 2811 Admonitione
694 2777 736 2812 ad
762 2790 877 2824 gentes
905 2780 987 2814 reae
1007 2781 1125 2816 definit

102 2838 225 2868 colum·
238 2826 376 2860 Sanctus
382 2825 540 2861 Clemens
552 2827 796 2863 Alexandrinus
810 2843 822 2863 .·
850 2829 1042 2874 Philofhphta
1055 2856 1066 2872 ‚
1090 2843 1124 2867 ut

102 2884 143 2909 na
160 2887 206 2913 70·
240 2877 343 2910 dicunt
352 2884 471 2909 veteres
486 2900 498 2916 ,
521 2876 560 2917 est
581 2878 757 2912 diuturnum
775 2878 936 2923 sapientiae
957 2881 1126 2924 confilium,

237 2928 321 2970 quod
330 2926 582 2960 aeternnmambit
591 2939 734 2963 onorem.
766 2930 809 2964 Et
832 2931 865 2964 in
883 2931 1022 2977 dialogo
1045 2945 1124 2967 con-

239 2974 524 3020 traTryphonem
552 2977 695 3018 Judaeum
722 2980 855 3014 Sanctus
865 2981 1012 3025 justinus
1039 2983 1125 3018 Mar-

239 3037 295 3070 tyr
319 3037 359 3061 ac
369 3024 610 3070 Philosophus:
638 3028 1002 3072 Phliosophiaostrevera
1026 3040 1125 3068 maxi·

238 3088 323 3111 mum
334 3076 444 3110 honum
467 3077 774 3121 &Deograetiffimum
788 3106 795 3113 .
823 3083 947 3126 ,Quippe
971 3094 1039 3126 quae
1061 3082 1123 3127 sola

240 3139 297 3162 nos
305 3125 457 3169 adipsum
466 3126 593 3160 adducit
608 3151 619 3167 ‚
646 3136 731 3172 eique
751 3134 937 3165 commendat
952 3157 959 3164 .
986 3137 1082 3176 Atque
1099 3140 1126 3167 ii

240 3178 360 3212 demum
375 3175 450 3220 sunt
465 3178 537 3210 vere
544 3176 650 3219 felices
667 3202 678 3219 ,
704 3185 757 3222 qui
779 3191 908 3216 mentem
930 3182 1122 3227 Philosophia

242 3229 380 3264 excolunt
399 3249 407 3259 .
433 3227 526 3271 ,Quid
553 3237 654 3262 autem
671 3227 709 3271 fit
724 3227 912 3273 Philosophia
924 3257 935 3273 ‚
959 3235 994 3267 er
1016 3245 1077 3276 qua
1089 3236 1126 3269 de

241 3276 375 3322 causafie
384 3278 429 3311 ad
438 3277 570 3311 homines
595 3280 728 3322 dimiffa,
749 3283 912 3322 permultos
933 3284 1028 3318 latet.
1055 3285 1129 3321 De-

234 3328 404 3365 ⁴monstrat
425 3337 536 3363 verum
557 3327 779 3375 Philosophia:
799 3330 900 3368 finem
917 3333 1010 3370 fuiffe
1023 3336 1125 3372 etiam

1170 279 1322 313 omniurn
1333 278 1486 313 meliores
1499 302 1511 318 ,
1537 278 1634 314 fuisse
1644 276 1839 323 Philosophi
1854 283 1990 318 nomine
2011 284 2060 318 in-

1171 329 1310 374 dignos.
1339 329 1490 373 Exponit
1500 328 1536 363 in
1548 326 1750 364 orationede
1759 327 1915 365 charitate
1937 330 2059 368 Theo-

1173 379 1307 414 doretus
1330 378 1483 423 Cyrenfis
1506 379 1687 424 Episcopus
1707 391 1716 410 ι
1738 380 1847 412 Virtus
1870 391 1906 412 ac
1929 381 2061 427 Philoso-

1170 429 1246 472 phia
1267 428 1305 469 est
1318 429 1428 470 stabile
1450 428 1560 463 honum
1583 441 1619 463 ac
1625 437 1809 471 permanens
1826 452 1834 460 .
1862 432 1963 462 Vincit
1979 439 2060 466 enim

1174 482 1208 514 et
1216 482 1395 521 praedonum
1405 490 1515 519 manus
1526 504 1538 521 ‚
1565 482 1601 514 &
1612 481 1862 514 calumniatorum
1871 479 1990 523 linguas
2003 503 2015 520 ,
2027 484 2062 516 ζα·

1175 528 1319 571 hostilium
1340 532 1466 563 telorum
1492 541 1527 563 ac
1551 529 1706 571 hastarum
1731 528 1933 579 tempestates.
1962 532 2062 571 Hujus

1171 582 1261 623 porro
1272 585 1401 614 materia
1413 579 1451 620 est
1465 584 1521 613 Dei
1531 581 1664 614 dileHio.
1692 585 1777 615 Fieri
1787 586 1871 614 enim
1883 585 1988 622 nequit
2000 603 2011 619 ,
2030 588 2063 612 ut

1179 628 1398 674 Philosophiam
1403 629 1534 672 perfidie*
1547 631 1715 674 affequatur
1727 654 1739 671 ‚
1766 635 1817 673 qui
1828 628 2064 671 nonfitfervens

1179 685 1237 715 Dei
1257 690 1392 713 amator.
1420 683 1507 724 ,Quia
1520 678 1571 713 hoc
1594 679 1692 725 ipsum
1714 678 1930 723 Philosophia,
1955 680 1990 712 id
1999 680 2038 721 ιβ
2053 704 2065 720 ,

1170 730 1305 772 studium
1324 730 1484 775 sapientise.=
1505 737 1629 765 vocatur
1652 756 1660 764 .
1686 734 1843 773 Sapientia
1862 736 1942 764 enim
1966 731 2001 764 (ν
2024 730 2066 770 est

1179 784 1261 815 Deus
1271 807 1281 822 ,
1311 783 1345 816 (9⁸
1354 790 1478 815 vocatur·
1491 805 1498 812 .
1526 783 1593 825 ,Qui
1605 785 1696 826 igitur
1708 784 1779 816 vere
1790 781 1829 821 el}
1846 779 2042 824 Philosophus
2055 803 2068 820 ‚

1176 836 1206 864 is
1233 833 1267 865 (5
1279 830 1528 872 Philotbeusjure
1539 834 1725 874 appellatur.
1754 836 1812 866 Dei
1821 839 1920 865 autem
1939 840 2068 870 amator,

1176 890 1288 916 caetera
1307 888 1408 916 omnia
1429 891 1617 916 contemnens
1627 907 1638 923 ‚
1662 880 1801 926 &solum
1824 893 1912 925 quem
1922 890 2009 914 amat
2020 886 2068 914 in-

1179 939 1266 965 tuens
1274 955 1286 971 ‚
1309 934 1374 975 ejus
1384 933 1496 967 cultum
1508 932 1642 966 omnihus
1654 935 1773 968 omnino
1788 932 1874 967 rebus
1887 935 2044 974 anteponit
2054 954 2068 972 ‚

1177 982 1232 1015 illa
1253 982 1415 1016 dumtaxat
1442 984 1477 1017 (7
1497 984 1600 1017 dicens
1612 1007 1624 1023 ,
1650 985 1685 1017 Θ
1706 994 1798 1026 agens
1811 1007 1822 1024 ,
1851 984 1885 1017 ὦ·
1909 988 2040 1026 cogitans
2055 1003 2070 1022 ,

1178 1043 1247 1074 quae
1253 1033 1373 1073 placent
1386 1032 1490 1066 dilei‘lo
1499 1057 1511 1073 ,
1537 1038 1622 1077 eique
1626 1031 1702 1076 sunt
1707 1043 1802 1077 grata
1813 1057 1824 1074 ,
1850 1034 1886 1068 ό·
1898 1033 2003 1066 cundia
2020 1032 2073 1065 de·

1178 1081 1291 1122 testans
1300 1094 1369 1124 quae
1378 1083 1427 1115 ille
1439 1090 1534 1116 vetat.
1563 1083 1675 1130 Qare
1686 1094 1758 1117 vera
1772 1081 1987 1126 Philosophia
1999 1090 2072 1116 non

1180 1131 1226 1165 est
1252 1131 1364 1171 aliud,
1391 1131 1490 1175 quam
1513 1143 1584 1166 vera
1607 1132 1772 1166 Creatoris
1797 1132 1832 1166 ὅ(
1852 1141 2073 1168 creaturarum

1180 1182 1356 1226 cognitio,
1381 1192 1419 1216 ac
1432 1181 1511 1216 inde
1524 1192 1600 1217 nata
1622 1193 1695 1216 vera
1712 1182 1868 1226 Religio.

1232 1233 1277 1267 Et
1299 1230 1378 1266 hinc
1389 1231 1518 1276 antiqui
1541 1231 1653 1266 Patres
1676 1231 1899 1267 Christianam
1920 1229 2073 1276 Religio-

1183 1292 1260 1317 nem
1271 1283 1457 1327 frequenter
1466 1282 1631 1327 appellant
1654 1280 1922 1326 Philosophiam.
1952 1281 2075 1317 Ratio·-

1183 1343 1259 1367 nem
1270 1332 1328 1368 dat
1340 1333 1376 1366 in
1388 1331 1472 1368 libro
1483 1331 1695 1377 apologetico
1704 1331 1951 1366 Tertullianus:
1979 1336 2076 1376 Incre-
2096 1336 2223 1375 Cap.46.

1183 1383 1298 1415 dulitas
1317 1407 1330 1423 ‚
1356 1383 1429 1415 dum
1454 1383 1493 1416 de
1521 1382 1594 1415 bono
1619 1382 1713 1415 Sellae
1736 1380 1827 1423 hujus
1846 1405 1857 1421 ‚
1885 1380 2077 1425 Religionis

1184 1429 1401 1472 Christianae,
1427 1431 1606 1471 obducitur,
1631 1429 1774 1475 quodusu
1791 1433 1864 1473 jam
1889 1433 1923 1465 ὁ·
1943 1432 1981 1464 de
2003 1441 2079 1464 com-

1183 1487 1289 1515 mercio
1297 1487 1426 1515 innotuit
1436 1505 1448 1522 ,
1473 1492 1532 1515 non
1543 1487 1647 1522 utique
1661 1485 1810 1514 Divinum
1822 1486 1970 1525 negotium
1979 1479 2078 1522 existi-

1184 1540 1270 1571 mat,
1291 1530 1351 1572 sed
1371 1535 1468 1572 magis
1491 1529 1689 1572 Philosophia
1702 1541 1800 1572 genus
1826 1553 1834 1561 .
1861 1531 2006 1571 Eadem,
2030 1536 2078 1564 in-

1184 1585 1268 1622 quit,
1294 1581 1329 1613 Θ
1342 1577 1512 1621 Philosophi
1522 1587 1640 1613 monent
1665 1579 1941 1623 atqueprofitentur
1954 1593 1966 1614 ,-
1993 1584 2080 1613 Inno-

1184 1634 1338 1669 centiam,
1347 1628 1738 1671 justitiam,patientiam,
1759 1632 1940 1672 pudicitiam
1953 1653 1961 1662 .
1988 1629 2081 1664 Gen-

1184 1681 1259 1714 tiles
1283 1677 1506 1714 Christianam
1529 1679 1743 1724 Religionem
1763 1704 1774 1720 ,
1813 1691 1914 1723 quam
1941 1690 2011 1714 non
2035 1691 2079 1722 ex

1185 1730 1325 1775 propriis
1335 1729 1506 1774 principiis
1518 1753 1528 1770 ,
1554 1730 1606 1764 sed
1621 1742 1663 1764 ex
1676 1731 1748 1764 solo
1762 1731 1855 1776 vulgi
1871 1741 2002 1766 rumore
2014 1740 2081 1764 no-

1186 1790 1300 1815 verant
1313 1804 1324 1821 ,
1351 1779 1529 1815 censebant
1539 1781 1602 1815 esse
1613 1792 1682 1815 non
1697 1780 1863 1815 Divinum
1873 1780 2080 1820 Innituntur.

1186 1831 1241 1865 sed
1254 1829 1436 1865 humanum
1448 1830 1589 1875 vulgaris
1599 1829 1821 1873 Philosophiae
1832 1839 1956 1876 genus:
1975 1829 2080 1877 Qorl

1185 1879 1299 1916 eadem
1322 1880 1482 1916 virtutum
1495 1881 1604 1916 officia
1628 1892 1704 1916 cum
1715 1879 1927 1925 Philosopbis
1939 1880 2057 1916 doceat
2066 1903 2079 1920 ‚

1186 1930 1339 1973 suadeat,
1365 1943 1403 1965 ac
1425 1931 1617 1975 profiteatur
1639 1956 1647 1963 .
1675 1930 1803 1966 Verum
1814 1930 1997 1966 Christiani
2010 1941 2080 1964 non

1186 1982 1246 2017 ista
1257 1981 1430 2017 dumtaxat
1441 1980 1571 2023 officia,
1598 1981 1653 2017 sed
1678 1982 1920 2027 &germanum
1933 1981 2082 2024 ipsorum

1185 2033 1289 2067 finem
1311 2030 1479 2068 docebant
1502 2055 1513 2072 ,
1548 2031 1691 2076 ideoque
1708 2040 1800 2065 erant
1826 2029 1895 2064 veri
1928 2039 1968 2064 ac
1988 2028 2081 2074 pleni

1186 2081 1400 2125 Philosophi.
1427 2081 1604 2117 Docebant
1623 2081 1715 2114 enim
1739 2080 1774 2113 ἀ
1801 2078 1901 2115 verbo
1926 2080 2083 2115 &exem-

1187 2132 1244 2177 plo
1255 2157 1263 2165 .
1290 2132 1334 2168 Et
1347 2131 1428 2168 hinc
1439 2131 1538 2166 istum
1550 2129 1688 2164 titulum
1698 2128 1795 2164 nobis
1807 2129 1986 2165 convenire
1997 2129 2082 2165 Ter·

1186 2182 1347 2215 tullianus
1371 2181 1441 2214 illic
1466 2178 1582 2222 probat
1606 2179 1641 2214 δε
1662 2180 1773 2214 firmat
1794 2205 1803 2213 .
1838 2180 1882 2214 Et
1903 2179 2008 2214 ῐεᾶὲ.
2026 2176 2080 2214 ‘Et

1184 2231 1265 2264 dum
1279 2230 1313 2263 in
1329 2228 1473 2263 Ecclesia
1485 2229 1643 2272 compleri
1654 2231 1757 2274 coepit
1779 2228 1950 2274 prophetia
1964 2255 1975 2271 ,
2002 2230 2080 2264 Mul-

1187 2278 1327 2321 tiplicasti
1335 2287 1456 2323 gentem
1467 2303 1478 2319 ‚
1488 2277 1545 2323 sed
1553 2291 1611 2313 non
1622 2279 1814 2324 magnificasti
1821 2282 1963 2315 laetitiam
1974 2305 1985 2322 ,
1996 2280 2079 2315 dum

1184 2329 1287 2361 nimia
1299 2328 1480 2362 Christiani
1496 2330 1609 2372 populi
1626 2329 1807 2365 multitudo
1817 2331 1944 2375 nequiit
1968 2340 2079 2374 praeter

1185 2377 1292 2411 stellas
1303 2377 1379 2411 coeli
1393 2387 1462 2411 non
1475 2376 1595 2413 habere
1608 2380 1710 2413 etiam
1721 2391 1855 2416 arenam
1876 2381 1975 2415 maris
1987 2403 1999 2422 ‚
2025 2381 2082 2415 seu

1185 2437 1293 2471 praeter
1303 2427 1460 2470 spiritales
1471 2438 1539 2463 non
1553 2427 1672 2464 habere
1682 2430 1783 2466 etiam
1805 2431 1971 2473 carnales,
1996 2429 2078 2467 dum

1182 2478 1292 2512 omnis
1301 2477 1358 2512 illa
1383 2486 1493 2513 turma
1517 2479 1647 2523 nequiit
1665 2480 1708 2516 ad
1719 2482 1868 2517 exastam
1885 2480 2079 2516 Christianae

1185 2528 1260 2562 virae
1282 2528 1431 2574 regulam
1449 2529 1631 2573 compelli,
1658 2541 1719 2565 nec
1741 2532 1776 2566 in
1799 2531 1869 2575 ipsa
1890 2530 2081 2570 contineri,

1183 2589 1282 2623 atque
1307 2579 1351 2612 ita
1373 2589 1540 2623 coeperunt
1562 2579 1774 2624 multiplicari
1791 2580 2018 2622 Monasteria,
2043 2579 2079 2615 &

1168 2636 1175 2694 Ι
1186 2628 1290 2672 plenae
1299 2626 1378 2663 disci
1382 2630 1479 2673 plinae
1489 2630 1585 2689 vigor
1595 2629 1635 2665 ad
1646 2631 1706 2688 isia
1718 2630 1871 2689 contra-hi
1883 2655 1894 2672 ,
1920 2641 2001 2689 tunc
2019 2642 2079 2665 no-

1187 2679 1249 2713 stra
1261 2679 1413 2723 professio
1425 2680 1579 2724 appellari
1591 2692 1690 2725 coepst
1713 2681 1902 2717 Christiana
1920 2678 2079 2715 Philoso»

1136 2695 1151 3530 ς
1167 2700 1262 3506 *pha
1275 2753 1287 2769 ,
1310 2728 1521 2765 &Monachi
1543 2729 1653 2766 haberi
1674 2730 1941 2766 Christianorum
1955 2728 2078 2763 Philo-

1188 2776 1297 2822 sophi.
1326 2779 1377 2814 Ita
1401 2779 1436 2814 in
1459 2778 1550 2814 libris
1569 2780 1611 2814 de
1632 2778 1983 2825 MagniConstantini
2009 2781 2077 2814 vita

1187 2829 1297 2863 scribit
1308 2828 1468 2864 Eusebius
1483 2830 1693 2865 &saraeenfis
1706 2829 1907 2873 Episcopus:
1932 2827 2078 2869 constan·
2100 2855 2160 2887 rb·

1187 2885 1270 2913 tinus
1282 2883 1429 2913 maximis
1440 2891 1487 2913 eos
1497 2878 1652 2912 honoribus
1676 2877 1928 2923 prosequebatur,
1955 2884 2010 2922 qui
2028 2883 2076 2914 vi·
2097 2866 2215 2935 “¹942

1186 2940 1251 2963 tam
1268 2926 1357 2972 suam
1374 2929 1477 2970 coelesti
1496 2928 1695 2974 Philosophia
1716 2929 1895 2974 dedicaffent
1913 2954 1923 2963 ,
1964 2930 2008 2964 Et
2032 2927 2075 2964 de

1188 2977 1374 3014 Theodoro
1404 2979 1579 3014 Monacho
1605 2979 1766 3023 Apostata
1783 2979 1894 3016 scribit
1917 2980 2075 3017 Hermias

1186 3030 1415 3065 Zozomenus:
1440 3029 1609 3064 Theodorus
1619 3031 1665 3063 ad
1674 3028 1910 3074 Philosophic’am
1921 3036 2074 3076 vitame·
2098 3050 2161 3084 Lib.
2182 3054 2211 3081 8.

1183 3081 1295 3125 greffus
1306 3079 1363 3121 est.
1393 3080 1473 3115 Hoc
1499 3080 1567 3122 est,
1593 3078 1636 3114 ad
1655 3079 1913 3116 Monasserium,
1944 3079 2015 3114 Hic
2027 3078 2072 3114 est
2097 3100 2160 3130 cap,
2182 3103 2209 3122 2,

1189 3131 1246 3165 ille
1270 3131 1414 3165 famosus
1433 3129 1638 3166 Theodorus
1659 3154 1671 3171 ‚
1704 3130 1763 3175 qni
1786 3130 1897 3177 postea
1920 3130 2074 3174 Mopsue-

1190 3181 1313 3215 stiensis
1337 3181 1372 3215 in
1393 3182 1532 3216 secunda
1543 3179 1662 3216 Cilicia
1672 3180 1876 3227 Episcopus,
1900 3180 2074 3215 defunctus

1189 3243 1325 3266 omnem
1337 3231 1512 3266 Ecclesiam
1530 3230 1637 3266 turbis
1646 3231 1817 3276 implevit.
1845 3232 1889 3267 Et
1909 3231 1945 3265 in
1957 3230 2075 3275 quinta

1191 3283 1246 3317 sua
1258 3281 1388 3316 novella
1400 3281 1471 3328 lege
1482 3281 1662 3325 Imperator
1670 3282 1874 3326 Justinianus
1885 3279 2074 3317 Monachus

1188 3332 1331 3378 appellat
1352 3330 1519 3373 mnasticae
1541 3329 1738 3376 Philojbphiae
1758 3341 1918 3369 certatores
1935 3356 1945 3365 ,
1985 3331 2074 3366 Ειιιι-
2096 3324 2169 3362 C²P·
2186 3330 2215 3360 3·

1928 3387 1931 3390 ⁴
1948 3381 2025 3417 dem
