<?xml version="1.0" encoding="UTF-8"?>
<!DOCTYPE html PUBLIC "-//W3C//DTD XHTML 1.0 Transitional//EN"
    "http://www.w3.org/TR/xhtml1/DTD/xhtml1-transitional.dtd">
<html xmlns="http://www.w3.org/1999/xhtml" xml:lang="en" lang="en">
 <head>
  <title>
</title>
<meta http-equiv="Content-Type" content="text/html;charset=utf-8" />
  <meta name='ocr-system' content='tesseract 3.04.00' />
  <meta name='ocr-capabilities' content='ocr_page ocr_carea ocr_par ocr_line ocrx_word'/>
</head>
<body>
  <div class='ocr_page' id='page_1' title='image "./operaomniastudio09lupuuoft_0327.png"; bbox 0 0 2346 3724; ppageno 0'>
   <div class='ocr_carea' id='block_1_1' title="bbox 727 97 1145 142">
    <p class='ocr_par' dir='ltr' id='par_1_1' title="bbox 727 97 1145 142">
     <span class='ocr_line' id='line_1_1' title="bbox 727 97 1145 142; baseline 0 -1"><span class='ocrx_word' id='word_1_1' title='bbox 727 97 1145 142; x_wconf 79' lang='lat' dir='ltr'>CAPtT</span> 
     </span>
    </p>
   </div>
   <div class='ocr_carea' id='block_1_2' title="bbox 117 182 1154 2119">
    <p class='ocr_par' dir='ltr' id='par_1_2' title="bbox 242 182 1123 226">
     <span class='ocr_line' id='line_1_2' title="bbox 242 182 1123 226; baseline -0.005 -5"><span class='ocrx_word' id='word_1_2' title='bbox 242 189 322 221; x_wconf 73' lang='lat' dir='ltr'>meni</span> <span class='ocrx_word' id='word_1_3' title='bbox 332 197 366 219; x_wconf 88' lang='lat' dir='ltr'>ac</span> <span class='ocrx_word' id='word_1_4' title='bbox 379 186 561 220; x_wconf 65' lang='lat' dir='ltr'>Pit-nitentes</span> <span class='ocrx_word' id='word_1_5' title='bbox 574 208 581 215; x_wconf 90' lang='lat'><strong>.</strong></span> <span class='ocrx_word' id='word_1_6' title='bbox 608 182 674 217; x_wconf 89' lang='lat' dir='ltr'>His</span> <span class='ocrx_word' id='word_1_7' title='bbox 689 183 796 226; x_wconf 72' lang='lat' dir='ltr'>ejestis</span> <span class='ocrx_word' id='word_1_8' title='bbox 808 183 898 218; x_wconf 82' lang='lat' dir='ltr'>addit</span> <span class='ocrx_word' id='word_1_9' title='bbox 915 183 1022 216; x_wconf 79' lang='lat' dir='ltr'>statim</span> <span class='ocrx_word' id='word_1_10' title='bbox 1038 185 1123 217; x_wconf 85' lang='lat' dir='ltr'>clau—</span> 
     </span>
    </p>

    <p class='ocr_par' dir='ltr' id='par_1_3' title="bbox 243 234 1124 281">
     <span class='ocr_line' id='line_1_3' title="bbox 243 234 1124 281; baseline -0.006 -10"><span class='ocrx_word' id='word_1_11' title='bbox 243 238 277 271; x_wconf 86' lang='lat' dir='ltr'>di</span> <span class='ocrx_word' id='word_1_12' title='bbox 300 248 407 281; x_wconf 89' lang='lat' dir='ltr'>portas</span> <span class='ocrx_word' id='word_1_13' title='bbox 431 246 484 278; x_wconf 87' lang='lat' dir='ltr'>per</span> <span class='ocrx_word' id='word_1_14' title='bbox 503 234 694 268; x_wconf 81' lang='lat' dir='ltr'>Diaconos.</span> <span class='ocrx_word' id='word_1_15' title='bbox 723 234 766 267; x_wconf 89' lang='lat' dir='ltr'>Et</span> <span class='ocrx_word' id='word_1_16' title='bbox 789 234 1010 276; x_wconf 84' lang='lat' dir='ltr'>prosequitur:</span> <span class='ocrx_word' id='word_1_17' title='bbox 1039 239 1124 266; x_wconf 86' lang='lat' dir='ltr'>Cate-</span> 
     </span>
    </p>

    <p class='ocr_par' dir='ltr' id='par_1_4' title="bbox 242 285 1125 328">
     <span class='ocr_line' id='line_1_4' title="bbox 242 285 1125 328; baseline -0.006 -7"><span class='ocrx_word' id='word_1_18' title='bbox 242 287 396 322; x_wconf 84' lang='lat' dir='ltr'>cbumenos</span> <span class='ocrx_word' id='word_1_19' title='bbox 408 308 419 324; x_wconf 94' lang='lat'>‚</span> <span class='ocrx_word' id='word_1_20' title='bbox 444 287 706 328; x_wconf 75' lang='lat' dir='ltr'>&amp;Energumenos</span> <span class='ocrx_word' id='word_1_21' title='bbox 720 308 730 323; x_wconf 92' lang='lat'><strong>,</strong></span> <span class='ocrx_word' id='word_1_22' title='bbox 758 285 791 317; x_wconf 63' lang='grc' dir='ltr'><em>Θ</em></span> <span class='ocrx_word' id='word_1_23' title='bbox 809 296 856 317; x_wconf 81' lang='lat' dir='ltr'>eos</span> <span class='ocrx_word' id='word_1_24' title='bbox 879 288 931 326; x_wconf 79' lang='lat' dir='ltr'>qui</span> <span class='ocrx_word' id='word_1_25' title='bbox 944 290 1125 324; x_wconf 73' lang='lat' dir='ltr'>poemtentia</span> 
     </span>
    </p>

    <p class='ocr_par' dir='ltr' id='par_1_5' title="bbox 244 332 1128 677">
     <span class='ocr_line' id='line_1_5' title="bbox 247 332 1125 376; baseline -0.005 -7"><span class='ocrx_word' id='word_1_26' title='bbox 247 339 408 374; x_wconf 61' lang='lat' dir='ltr'>ducuntur,</span> <span class='ocrx_word' id='word_1_27' title='bbox 431 332 625 376; x_wconf 59' lang='lat' dir='ltr'>sacrosantffae</span> <span class='ocrx_word' id='word_1_28' title='bbox 642 333 824 370; x_wconf 72' lang='lat' dir='ltr'>Hierarcbtae</span> <span class='ocrx_word' id='word_1_29' title='bbox 843 345 903 366; x_wconf 89' lang='lat' dir='ltr'>mos</span> <span class='ocrx_word' id='word_1_30' title='bbox 921 339 1042 374; x_wconf 85' lang='lat' dir='ltr'>patitur</span> <span class='ocrx_word' id='word_1_31' title='bbox 1062 339 1125 376; x_wconf 78' lang='lat' dir='ltr'>qui-</span> 
     </span>
     <span class='ocr_line' id='line_1_6' title="bbox 244 382 1123 427; baseline -0.005 -7"><span class='ocrx_word' id='word_1_32' title='bbox 244 389 313 420; x_wconf 82' lang='lat' dir='ltr'>dem</span> <span class='ocrx_word' id='word_1_33' title='bbox 335 387 440 418; x_wconf 77' lang='lat' dir='ltr'>audire</span> <span class='ocrx_word' id='word_1_34' title='bbox 457 383 576 427; x_wconf 84' lang='lat' dir='ltr'>sacram</span> <span class='ocrx_word' id='word_1_35' title='bbox 598 382 818 427; x_wconf 75' lang='lat' dir='ltr'><em>psalmodiam,</em></span> <span class='ocrx_word' id='word_1_36' title='bbox 848 386 1054 425; x_wconf 70' lang='lat' dir='ltr'>Divinamque</span> <span class='ocrx_word' id='word_1_37' title='bbox 1074 383 1123 426; x_wconf 86' lang='lat' dir='ltr'>sa·</span> 
     </span>
     <span class='ocr_line' id='line_1_7' title="bbox 245 434 1125 476; baseline -0.006 -6"><span class='ocrx_word' id='word_1_38' title='bbox 245 447 364 470; x_wconf 72' lang='lat' dir='ltr'>crurum</span> <span class='ocrx_word' id='word_1_39' title='bbox 386 437 604 476; x_wconf 75' lang='lat' dir='ltr'>scripturarum</span> <span class='ocrx_word' id='word_1_40' title='bbox 632 439 831 469; x_wconf 80' lang='lat' dir='ltr'><em>recitationem</em></span> <span class='ocrx_word' id='word_1_41' title='bbox 850 457 861 472; x_wconf 89' lang='lat'>‚</span> <span class='ocrx_word' id='word_1_42' title='bbox 901 434 1007 466; x_wconf 76' lang='lat' dir='ltr'>verum</span> <span class='ocrx_word' id='word_1_43' title='bbox 1027 435 1071 466; x_wconf 86' lang='lat' dir='ltr'>ad</span> <span class='ocrx_word' id='word_1_44' title='bbox 1091 445 1125 467; x_wconf 85' lang='lat' dir='ltr'>ea</span> 
     </span>
     <span class='ocr_line' id='line_1_8' title="bbox 247 482 1124 530; baseline -0.006 -10"><span class='ocrx_word' id='word_1_45' title='bbox 247 499 313 530; x_wconf 80' lang='lat' dir='ltr'>quae</span> <span class='ocrx_word' id='word_1_46' title='bbox 322 484 482 529; x_wconf 82' lang='lat' dir='ltr'>sequuntur</span> <span class='ocrx_word' id='word_1_47' title='bbox 495 483 665 527; x_wconf 75' lang='lat' dir='ltr'>sacrificia,</span> <span class='ocrx_word' id='word_1_48' title='bbox 688 483 916 527; x_wconf 74' lang='lat' dir='ltr'><em>spiritualiaque</em></span> <span class='ocrx_word' id='word_1_49' title='bbox 934 482 1124 526; x_wconf 67' lang='lat' dir='ltr'>spet‘lacula,</span> 
     </span>
     <span class='ocr_line' id='line_1_9' title="bbox 247 532 1126 578; baseline -0.003 -9"><span class='ocrx_word' id='word_1_50' title='bbox 247 547 433 578; x_wconf 77' lang='lat' dir='ltr'><em>nequaquam</em></span> <span class='ocrx_word' id='word_1_51' title='bbox 455 546 499 568; x_wconf 77' lang='lat' dir='ltr'>eor</span> <span class='ocrx_word' id='word_1_52' title='bbox 513 544 671 573; x_wconf 82' lang='lat' dir='ltr'>convocat,</span> <span class='ocrx_word' id='word_1_53' title='bbox 691 532 901 577; x_wconf 71' lang='lat' dir='ltr'>fi’dperfec‘los</span> <span class='ocrx_word' id='word_1_54' title='bbox 930 533 1126 574; x_wconf 67' lang='lat' dir='ltr'>Perftthmm</span> 
     </span>
     <span class='ocr_line' id='line_1_10' title="bbox 247 583 1127 620; baseline -0.001 -2"><span class='ocrx_word' id='word_1_55' title='bbox 247 588 358 620; x_wconf 80' lang='lat' dir='ltr'>oculos.</span> <span class='ocrx_word' id='word_1_56' title='bbox 388 585 442 619; x_wconf 88' lang='lat' dir='ltr'>Ab</span> <span class='ocrx_word' id='word_1_57' title='bbox 464 585 525 619; x_wconf 83' lang='lat' dir='ltr'>hac</span> <span class='ocrx_word' id='word_1_58' title='bbox 538 585 739 618; x_wconf 71' lang='lat' dir='ltr'>Perfestione</span> <span class='ocrx_word' id='word_1_59' title='bbox 763 584 899 616; x_wconf 87' lang='lat' dir='ltr'>affirmat</span> <span class='ocrx_word' id='word_1_60' title='bbox 913 583 1127 617; x_wconf 84' lang='lat' dir='ltr'>Catechnme-</span> 
     </span>
     <span class='ocr_line' id='line_1_11' title="bbox 248 633 1128 677; baseline -0.005 -7"><span class='ocrx_word' id='word_1_61' title='bbox 248 648 310 670; x_wconf 86' lang='lat' dir='ltr'>nos</span> <span class='ocrx_word' id='word_1_62' title='bbox 327 637 388 669; x_wconf 72' lang='lat' dir='ltr'>esse</span> <span class='ocrx_word' id='word_1_63' title='bbox 411 635 639 669; x_wconf 75' lang='lat' dir='ltr'>remotissimos</span> <span class='ocrx_word' id='word_1_64' title='bbox 654 657 665 672; x_wconf 88' lang='lat'>‚</span> <span class='ocrx_word' id='word_1_65' title='bbox 692 633 831 676; x_wconf 82' lang='lat' dir='ltr'>ideoque</span> <span class='ocrx_word' id='word_1_66' title='bbox 851 633 970 676; x_wconf 84' lang='lat' dir='ltr'>expelli</span> <span class='ocrx_word' id='word_1_67' title='bbox 990 635 1128 677; x_wconf 90' lang='lat' dir='ltr'>primos.</span> 
     </span>
    </p>

    <p class='ocr_par' dir='ltr' id='par_1_6' title="bbox 249 683 1130 730">
     <span class='ocr_line' id='line_1_12' title="bbox 249 683 1130 730; baseline -0.003 -11"><span class='ocrx_word' id='word_1_68' title='bbox 249 686 414 730; x_wconf 72' lang='lat' dir='ltr'>Adiungit</span> <span class='ocrx_word' id='word_1_69' title='bbox 434 686 475 720; x_wconf 94' lang='lat' dir='ltr'>ab</span> <span class='ocrx_word' id='word_1_70' title='bbox 492 685 557 718; x_wconf 87' lang='lat' dir='ltr'>illis</span> <span class='ocrx_word' id='word_1_71' title='bbox 570 696 637 718; x_wconf 91' lang='lat' dir='ltr'>non</span> <span class='ocrx_word' id='word_1_72' title='bbox 666 683 875 717; x_wconf 86' lang='lat' dir='ltr'>solummodo</span> <span class='ocrx_word' id='word_1_73' title='bbox 906 684 1105 718; x_wconf 86' lang='lat' dir='ltr'>Sacrificium</span> <span class='ocrx_word' id='word_1_74' title='bbox 1120 708 1130 723; x_wconf 91' lang='lat'>‚</span> 
     </span>
    </p>

    <p class='ocr_par' dir='ltr' id='par_1_7' title="bbox 250 732 1131 778">
     <span class='ocr_line' id='line_1_13' title="bbox 250 732 1131 778; baseline -0.003 -9"><span class='ocrx_word' id='word_1_75' title='bbox 250 738 306 770; x_wconf 84' lang='lat' dir='ltr'>sed</span> <span class='ocrx_word' id='word_1_76' title='bbox 328 738 425 770; x_wconf 81' lang='lat' dir='ltr'>etiam</span> <span class='ocrx_word' id='word_1_77' title='bbox 448 737 549 778; x_wconf 84' lang='lat' dir='ltr'>ipsam</span> <span class='ocrx_word' id='word_1_78' title='bbox 573 732 812 768; x_wconf 85' lang='lat' dir='ltr'>Eucharistiam</span> <span class='ocrx_word' id='word_1_79' title='bbox 824 744 890 766; x_wconf 92' lang='lat' dir='ltr'>non</span> <span class='ocrx_word' id='word_1_80' title='bbox 910 735 996 777; x_wconf 75' lang='lat' dir='ltr'>posse</span> <span class='ocrx_word' id='word_1_81' title='bbox 1008 734 1131 768; x_wconf 87' lang='lat' dir='ltr'>videri.</span> 
     </span>
    </p>

    <p class='ocr_par' dir='ltr' id='par_1_8' title="bbox 250 784 1133 828">
     <span class='ocr_line' id='line_1_14' title="bbox 250 784 1133 828; baseline -0.002 -9"><span class='ocrx_word' id='word_1_82' title='bbox 250 791 379 822; x_wconf 86' lang='lat' dir='ltr'>Omnes</span> <span class='ocrx_word' id='word_1_83' title='bbox 395 797 456 820; x_wconf 87' lang='lat' dir='ltr'>tres</span> <span class='ocrx_word' id='word_1_84' title='bbox 472 786 550 819; x_wconf 81' lang='lat' dir='ltr'>istos</span> <span class='ocrx_word' id='word_1_85' title='bbox 560 786 692 818; x_wconf 85' lang='lat' dir='ltr'>ordines</span> <span class='ocrx_word' id='word_1_86' title='bbox 703 784 765 817; x_wconf 85' lang='lat' dir='ltr'>esse</span> <span class='ocrx_word' id='word_1_87' title='bbox 777 784 911 827; x_wconf 73' lang='lat' dir='ltr'>perfeste</span> <span class='ocrx_word' id='word_1_88' title='bbox 924 785 1111 828; x_wconf 88' lang='lat' dir='ltr'>purgandos</span> <span class='ocrx_word' id='word_1_89' title='bbox 1123 805 1133 821; x_wconf 86' lang='lat'><strong>,</strong></span> 
     </span>
    </p>

    <p class='ocr_par' dir='ltr' id='par_1_9' title="bbox 251 834 1132 876">
     <span class='ocr_line' id='line_1_15' title="bbox 251 834 1132 876; baseline -0.005 -7"><span class='ocrx_word' id='word_1_90' title='bbox 251 841 290 869; x_wconf 92' lang='lat' dir='ltr'>Ut</span> <span class='ocrx_word' id='word_1_91' title='bbox 300 838 344 868; x_wconf 89' lang='lat' dir='ltr'>ad</span> <span class='ocrx_word' id='word_1_92' title='bbox 353 837 571 869; x_wconf 76' lang='lat' dir='ltr'><em>illuminantem</em></span> <span class='ocrx_word' id='word_1_93' title='bbox 580 834 823 875; x_wconf 77' lang='lat' dir='ltr'>tlluslrtffimorum</span> <span class='ocrx_word' id='word_1_94' title='bbox 847 834 1058 876; x_wconf 73' lang='lat' dir='ltr'>Sacrificiorum</span> <span class='ocrx_word' id='word_1_95' title='bbox 1067 844 1132 867; x_wconf 89' lang='lat' dir='ltr'>con-</span> 
     </span>
    </p>

    <p class='ocr_par' dir='ltr' id='par_1_10' title="bbox 250 884 1134 928">
     <span class='ocr_line' id='line_1_16' title="bbox 250 884 1134 928; baseline -0.003 -8"><span class='ocrx_word' id='word_1_96' title='bbox 250 887 472 928; x_wconf 81' lang='lat' dir='ltr'>templationem</span> <span class='ocrx_word' id='word_1_97' title='bbox 500 887 766 918; x_wconf 77' lang='lat' dir='ltr'><em>&amp;communionem</em></span> <span class='ocrx_word' id='word_1_98' title='bbox 777 885 974 917; x_wconf 72' lang='lat' dir='ltr'>traducantur</span> <span class='ocrx_word' id='word_1_99' title='bbox 986 909 993 915; x_wconf 92' lang='lat'><em>.</em></span> <span class='ocrx_word' id='word_1_100' title='bbox 1023 884 1066 917; x_wconf 83' lang='lat' dir='ltr'>Et</span> <span class='ocrx_word' id='word_1_101' title='bbox 1079 885 1134 917; x_wconf 88' lang='lat' dir='ltr'>ite·</span> 
     </span>
    </p>

    <p class='ocr_par' dir='ltr' id='par_1_11' title="bbox 250 932 1135 1077">
     <span class='ocr_line' id='line_1_17' title="bbox 250 932 1135 976; baseline -0.008 -5"><span class='ocrx_word' id='word_1_102' title='bbox 250 937 346 971; x_wconf 75' lang='lat' dir='ltr'>rum:</span> <span class='ocrx_word' id='word_1_103' title='bbox 375 937 541 976; x_wconf 75' lang='lat' dir='ltr'>Praecipuir</span> <span class='ocrx_word' id='word_1_104' title='bbox 553 936 652 966; x_wconf 77' lang='lat' dir='ltr'>Sacris</span> <span class='ocrx_word' id='word_1_105' title='bbox 674 934 732 966; x_wconf 77' lang='lat' dir='ltr'>illis</span> <span class='ocrx_word' id='word_1_106' title='bbox 754 937 901 973; x_wconf 76' lang='lat' dir='ltr'>Divinis,</span> <span class='ocrx_word' id='word_1_107' title='bbox 928 945 995 976; x_wconf 86' lang='lat' dir='ltr'>quae</span> <span class='ocrx_word' id='word_1_108' title='bbox 1012 932 1069 975; x_wconf 86' lang='lat' dir='ltr'>sub</span> <span class='ocrx_word' id='word_1_109' title='bbox 1084 932 1135 976; x_wconf 87' lang='lat' dir='ltr'>sa-</span> 
     </span>
     <span class='ocr_line' id='line_1_18' title="bbox 251 983 1135 1029; baseline -0.007 -9"><span class='ocrx_word' id='word_1_110' title='bbox 251 984 407 1029; x_wconf 70' lang='lat' dir='ltr'>crosanc‘i&#39;is</span> <span class='ocrx_word' id='word_1_111' title='bbox 425 984 517 1028; x_wconf 63' lang='lat' dir='ltr'>signis</span> <span class='ocrx_word' id='word_1_112' title='bbox 539 985 685 1024; x_wconf 82' lang='lat' dir='ltr'>latitant,</span> <span class='ocrx_word' id='word_1_113' title='bbox 711 985 952 1021; x_wconf 63' lang='lat' dir='ltr'>Inter-dicuntur,</span> <span class='ocrx_word' id='word_1_114' title='bbox 981 984 1016 1016; x_wconf 64' lang='grc' dir='ltr'>Θ</span> <span class='ocrx_word' id='word_1_115' title='bbox 1043 983 1081 1014; x_wconf 86' lang='lat' dir='ltr'>ab</span> <span class='ocrx_word' id='word_1_116' title='bbox 1092 994 1135 1015; x_wconf 82' lang='lat' dir='ltr'>eo-</span> 
     </span>
     <span class='ocr_line' id='line_1_19' title="bbox 250 1034 1135 1077; baseline -0.006 -9"><span class='ocrx_word' id='word_1_117' title='bbox 250 1037 386 1069; x_wconf 83' lang='lat' dir='ltr'>rumdem</span> <span class='ocrx_word' id='word_1_118' title='bbox 408 1034 547 1077; x_wconf 77' lang='lat' dir='ltr'>adspec‘lu</span> <span class='ocrx_word' id='word_1_119' title='bbox 573 1035 608 1067; x_wconf 63' lang='grc' dir='ltr'>(π’</span> <span class='ocrx_word' id='word_1_120' title='bbox 628 1038 825 1065; x_wconf 83' lang='lat' dir='ltr'>communlone</span> <span class='ocrx_word' id='word_1_121' title='bbox 851 1034 956 1064; x_wconf 73' lang='lat' dir='ltr'>merito</span> <span class='ocrx_word' id='word_1_122' title='bbox 978 1040 1135 1065; x_wconf 79' lang='lat' dir='ltr'>arcentur.</span> 
     </span>
    </p>

    <p class='ocr_par' dir='ltr' id='par_1_12' title="bbox 249 1080 1137 1131">
     <span class='ocr_line' id='line_1_20' title="bbox 249 1080 1137 1131; baseline -0.002 -14"><span class='ocrx_word' id='word_1_123' title='bbox 249 1086 356 1131; x_wconf 85' lang='lat' dir='ltr'>Qod</span> <span class='ocrx_word' id='word_1_124' title='bbox 368 1083 509 1126; x_wconf 72' lang='lat' dir='ltr'>intelligi</span> <span class='ocrx_word' id='word_1_125' title='bbox 520 1082 616 1115; x_wconf 84' lang='lat' dir='ltr'>debet</span> <span class='ocrx_word' id='word_1_126' title='bbox 629 1081 669 1115; x_wconf 91' lang='lat' dir='ltr'>de</span> <span class='ocrx_word' id='word_1_127' title='bbox 681 1081 783 1114; x_wconf 88' lang='lat' dir='ltr'>tribus</span> <span class='ocrx_word' id='word_1_128' title='bbox 795 1080 965 1115; x_wconf 84' lang='lat' dir='ltr'>dumtaxat</span> <span class='ocrx_word' id='word_1_129' title='bbox 976 1082 1137 1124; x_wconf 84' lang='lat' dir='ltr'>prioribus</span> 
     </span>
    </p>

    <p class='ocr_par' dir='ltr' id='par_1_13' title="bbox 250 1130 1141 1177">
     <span class='ocr_line' id='line_1_21' title="bbox 250 1130 1141 1177; baseline -0.002 -10"><span class='ocrx_word' id='word_1_130' title='bbox 250 1133 490 1167; x_wconf 81' lang='lat' dir='ltr'>Poenitentium</span> <span class='ocrx_word' id='word_1_131' title='bbox 511 1130 678 1164; x_wconf 74' lang='lat' dir='ltr'>claffibus.</span> <span class='ocrx_word' id='word_1_132' title='bbox 708 1131 811 1177; x_wconf 82' lang='lat' dir='ltr'>Qod</span> <span class='ocrx_word' id='word_1_133' title='bbox 835 1130 924 1164; x_wconf 87' lang='lat' dir='ltr'>enim</span> <span class='ocrx_word' id='word_1_134' title='bbox 952 1132 1141 1166; x_wconf 73' lang='lat' dir='ltr'>consisten-</span> 
     </span>
    </p>

    <p class='ocr_par' dir='ltr' id='par_1_14' title="bbox 250 1181 1139 1226">
     <span class='ocr_line' id='line_1_22' title="bbox 250 1181 1139 1226; baseline 0 -10"><span class='ocrx_word' id='word_1_135' title='bbox 250 1194 300 1217; x_wconf 86' lang='lat' dir='ltr'>tes</span> <span class='ocrx_word' id='word_1_136' title='bbox 324 1183 379 1226; x_wconf 76' lang='lat' dir='ltr'>ipsi</span> <span class='ocrx_word' id='word_1_137' title='bbox 395 1183 493 1216; x_wconf 86' lang='lat' dir='ltr'>etiarn</span> <span class='ocrx_word' id='word_1_138' title='bbox 506 1181 697 1220; x_wconf 79' lang='lat' dir='ltr'>Sacrificio,</span> <span class='ocrx_word' id='word_1_139' title='bbox 723 1181 800 1214; x_wconf 86' lang='lat' dir='ltr'>licet</span> <span class='ocrx_word' id='word_1_140' title='bbox 827 1181 940 1215; x_wconf 86' lang='lat' dir='ltr'>offerre</span> <span class='ocrx_word' id='word_1_141' title='bbox 965 1182 998 1216; x_wconf 72' lang='grc' dir='ltr'>ὃ(</span> <span class='ocrx_word' id='word_1_142' title='bbox 1015 1183 1139 1216; x_wconf 87' lang='lat' dir='ltr'>sumere</span> 
     </span>
    </p>

    <p class='ocr_par' dir='ltr' id='par_1_15' title="bbox 252 1230 1038 1272">
     <span class='ocr_line' id='line_1_23' title="bbox 252 1230 1038 1272; baseline -0.004 -5"><span class='ocrx_word' id='word_1_143' title='bbox 252 1243 459 1272; x_wconf 89' lang='lat' dir='ltr'>vetarentur,</span> <span class='ocrx_word' id='word_1_144' title='bbox 487 1231 650 1269; x_wconf 69' lang='lat' dir='ltr'>adessent,</span> <span class='ocrx_word' id='word_1_145' title='bbox 677 1230 722 1264; x_wconf 85' lang='lat' dir='ltr'>est</span> <span class='ocrx_word' id='word_1_146' title='bbox 734 1230 888 1265; x_wconf 87' lang='lat' dir='ltr'>omnibus</span> <span class='ocrx_word' id='word_1_147' title='bbox 902 1240 1018 1266; x_wconf 88' lang='lat' dir='ltr'>notum</span> <span class='ocrx_word' id='word_1_148' title='bbox 1031 1257 1038 1264; x_wconf 89' lang='lat'><strong>.</strong></span> 
     </span>
    </p>

    <p class='ocr_par' dir='ltr' id='par_1_16' title="bbox 125 1279 1142 1423">
     <span class='ocr_line' id='line_1_24' title="bbox 125 1279 1140 1332; baseline -0.002 -16"><span class='ocrx_word' id='word_1_149' title='bbox 125 1304 139 1332; x_wconf 39' lang='grc' dir='ltr'>ᾖ</span> <span class='ocrx_word' id='word_1_150' title='bbox 305 1281 570 1320; x_wconf 88' lang='lat' dir='ltr'>Catechumeni,</span> <span class='ocrx_word' id='word_1_151' title='bbox 597 1280 672 1314; x_wconf 89' lang='lat' dir='ltr'>licet</span> <span class='ocrx_word' id='word_1_152' title='bbox 696 1279 736 1314; x_wconf 86' lang='lat' dir='ltr'>ab</span> <span class='ocrx_word' id='word_1_153' title='bbox 758 1281 814 1314; x_wconf 86' lang='lat' dir='ltr'>ista</span> <span class='ocrx_word' id='word_1_154' title='bbox 838 1282 1008 1325; x_wconf 86' lang='lat' dir='ltr'>principali</span> <span class='ocrx_word' id='word_1_155' title='bbox 1032 1283 1140 1316; x_wconf 88' lang='lat' dir='ltr'>nostra</span> 
     </span>
     <span class='ocr_line' id='line_1_25' title="bbox 254 1330 1141 1373; baseline -0.001 -6"><span class='ocrx_word' id='word_1_156' title='bbox 254 1333 406 1368; x_wconf 88' lang='lat' dir='ltr'>oratione</span> <span class='ocrx_word' id='word_1_157' title='bbox 419 1341 587 1366; x_wconf 85' lang='lat' dir='ltr'>arceantur</span> <span class='ocrx_word' id='word_1_158' title='bbox 608 1330 848 1373; x_wconf 77' lang='lat' dir='ltr'>principaliter,</span> <span class='ocrx_word' id='word_1_159' title='bbox 874 1342 1021 1365; x_wconf 85' lang='lat' dir='ltr'>arcentur</span> <span class='ocrx_word' id='word_1_160' title='bbox 1043 1332 1141 1366; x_wconf 88' lang='lat' dir='ltr'>etiam</span> 
     </span>
     <span class='ocr_line' id='line_1_26' title="bbox 254 1380 1142 1423; baseline -0.003 -6"><span class='ocrx_word' id='word_1_161' title='bbox 254 1383 297 1417; x_wconf 83' lang='lat' dir='ltr'>ab</span> <span class='ocrx_word' id='word_1_162' title='bbox 318 1383 407 1417; x_wconf 88' lang='lat' dir='ltr'>aliis.</span> <span class='ocrx_word' id='word_1_163' title='bbox 434 1382 561 1415; x_wconf 90' lang='lat' dir='ltr'>Omnia</span> <span class='ocrx_word' id='word_1_164' title='bbox 578 1380 684 1414; x_wconf 80' lang='lat' dir='ltr'>nostra</span> <span class='ocrx_word' id='word_1_165' title='bbox 708 1381 830 1414; x_wconf 83' lang='lat' dir='ltr'>Divina</span> <span class='ocrx_word' id='word_1_166' title='bbox 856 1382 965 1415; x_wconf 88' lang='lat' dir='ltr'>officia</span> <span class='ocrx_word' id='word_1_167' title='bbox 991 1383 1142 1423; x_wconf 85' lang='lat' dir='ltr'>suntspe-</span> 
     </span>
    </p>

    <p class='ocr_par' dir='ltr' id='par_1_17' title="bbox 117 1430 1154 2119">
     <span class='ocr_line' id='line_1_27' title="bbox 117 1430 1144 1474; baseline 0.001 -9"><span class='ocrx_word' id='word_1_168' title='bbox 117 1435 190 1472; x_wconf 86' lang='lat' dir='ltr'>Cap·</span> <span class='ocrx_word' id='word_1_169' title='bbox 207 1444 236 1469; x_wconf 79' lang='lat'>4·</span> <span class='ocrx_word' id='word_1_170' title='bbox 256 1435 324 1467; x_wconf 86' lang='lat' dir='ltr'>cies</span> <span class='ocrx_word' id='word_1_171' title='bbox 336 1433 511 1466; x_wconf 87' lang='lat' dir='ltr'>orationis.</span> <span class='ocrx_word' id='word_1_172' title='bbox 540 1430 632 1464; x_wconf 85' lang='lat' dir='ltr'>Idem</span> <span class='ocrx_word' id='word_1_173' title='bbox 656 1430 711 1463; x_wconf 87' lang='lat' dir='ltr'>ille</span> <span class='ocrx_word' id='word_1_174' title='bbox 732 1430 879 1464; x_wconf 87' lang='lat' dir='ltr'>laudatus</span> <span class='ocrx_word' id='word_1_175' title='bbox 893 1433 1037 1474; x_wconf 88' lang='lat' dir='ltr'>Scriptor</span> <span class='ocrx_word' id='word_1_176' title='bbox 1061 1433 1144 1466; x_wconf 83' lang='lat' dir='ltr'>affir·</span> 
     </span>
     <span class='ocr_line' id='line_1_28' title="bbox 255 1479 1144 1524; baseline 0 -8"><span class='ocrx_word' id='word_1_177' title='bbox 255 1493 325 1517; x_wconf 87' lang='lat' dir='ltr'>mat</span> <span class='ocrx_word' id='word_1_178' title='bbox 338 1480 604 1516; x_wconf 88' lang='lat' dir='ltr'>Catechumenos</span> <span class='ocrx_word' id='word_1_179' title='bbox 619 1504 629 1520; x_wconf 89' lang='lat'><strong>,</strong></span> <span class='ocrx_word' id='word_1_180' title='bbox 655 1479 724 1513; x_wconf 74' lang='lat' dir='ltr'>imo</span> <span class='ocrx_word' id='word_1_181' title='bbox 737 1481 986 1524; x_wconf 84' lang='lat' dir='ltr'>Energumenos</span> <span class='ocrx_word' id='word_1_182' title='bbox 1001 1484 1078 1515; x_wconf 90' lang='lat' dir='ltr'>item</span> <span class='ocrx_word' id='word_1_183' title='bbox 1107 1494 1144 1516; x_wconf 87' lang='lat' dir='ltr'>ac</span> 
     </span>
     <span class='ocr_line' id='line_1_29' title="bbox 256 1530 1145 1573; baseline -0.002 -6"><span class='ocrx_word' id='word_1_184' title='bbox 256 1531 483 1571; x_wconf 71' lang='lat' dir='ltr'>paenitentes,</span> <span class='ocrx_word' id='word_1_185' title='bbox 508 1530 606 1565; x_wconf 88' lang='lat' dir='ltr'>arceri</span> <span class='ocrx_word' id='word_1_186' title='bbox 629 1530 728 1563; x_wconf 84' lang='lat' dir='ltr'>etiam</span> <span class='ocrx_word' id='word_1_187' title='bbox 750 1530 768 1562; x_wconf 73' lang='grc' dir='ltr'>Ξι</span> <span class='ocrx_word' id='word_1_188' title='bbox 793 1531 961 1573; x_wconf 67' lang='lat' dir='ltr'>spectanda</span> <span class='ocrx_word' id='word_1_189' title='bbox 983 1534 1145 1566; x_wconf 86' lang='lat' dir='ltr'>consecra-</span> 
     </span>
     <span class='ocr_line' id='line_1_30' title="bbox 259 1579 1147 1625; baseline -0.001 -9"><span class='ocrx_word' id='word_1_190' title='bbox 259 1584 354 1617; x_wconf 86' lang='lat' dir='ltr'>tione</span> <span class='ocrx_word' id='word_1_191' title='bbox 378 1580 593 1616; x_wconf 87' lang='lat' dir='ltr'>Chrismatis.</span> <span class='ocrx_word' id='word_1_192' title='bbox 621 1579 743 1625; x_wconf 86' lang='lat' dir='ltr'>Qoad</span> <span class='ocrx_word' id='word_1_193' title='bbox 767 1591 970 1615; x_wconf 88' lang='lat' dir='ltr'>mortuorum</span> <span class='ocrx_word' id='word_1_194' title='bbox 993 1583 1147 1625; x_wconf 78' lang='lat' dir='ltr'>exequias</span> 
     </span>
     <span class='ocr_line' id='line_1_31' title="bbox 258 1629 1147 1674; baseline -0.001 -8"><span class='ocrx_word' id='word_1_195' title='bbox 258 1631 354 1666; x_wconf 78' lang='lat' dir='ltr'>addit</span> <span class='ocrx_word' id='word_1_196' title='bbox 379 1632 464 1674; x_wconf 87' lang='lat' dir='ltr'>ipsos</span> <span class='ocrx_word' id='word_1_197' title='bbox 485 1630 632 1664; x_wconf 85' lang='lat' dir='ltr'>differre.</span> <span class='ocrx_word' id='word_1_198' title='bbox 661 1629 738 1662; x_wconf 76' lang='lat' dir='ltr'>istas</span> <span class='ocrx_word' id='word_1_199' title='bbox 756 1630 856 1664; x_wconf 85' lang='lat' dir='ltr'>videri</span> <span class='ocrx_word' id='word_1_200' title='bbox 882 1632 972 1673; x_wconf 82' lang='lat' dir='ltr'>poffe</span> <span class='ocrx_word' id='word_1_201' title='bbox 994 1632 1034 1665; x_wconf 84' lang='lat' dir='ltr'>ab</span> <span class='ocrx_word' id='word_1_202' title='bbox 1049 1633 1147 1665; x_wconf 85' lang='lat' dir='ltr'>Ener-</span> 
     </span>
     <span class='ocr_line' id='line_1_32' title="bbox 263 1679 1146 1727; baseline 0.001 -13"><span class='ocrx_word' id='word_1_203' title='bbox 263 1682 416 1727; x_wconf 90' lang='lat' dir='ltr'>gumenis</span> <span class='ocrx_word' id='word_1_204' title='bbox 443 1693 480 1714; x_wconf 84' lang='lat' dir='ltr'>ac</span> <span class='ocrx_word' id='word_1_205' title='bbox 501 1679 766 1718; x_wconf 74' lang='lat' dir='ltr'>poenitentibus,</span> <span class='ocrx_word' id='word_1_206' title='bbox 794 1691 860 1714; x_wconf 90' lang='lat' dir='ltr'>non</span> <span class='ocrx_word' id='word_1_207' title='bbox 888 1690 996 1715; x_wconf 84' lang='lat' dir='ltr'>autem</span> <span class='ocrx_word' id='word_1_208' title='bbox 1021 1681 1146 1715; x_wconf 72' lang='lat' dir='ltr'>aCate·</span> 
     </span>
     <span class='ocr_line' id='line_1_33' title="bbox 261 1730 1150 1775; baseline -0.001 -10"><span class='ocrx_word' id='word_1_209' title='bbox 261 1731 455 1766; x_wconf 88' lang='lat' dir='ltr'>chumenis.</span> <span class='ocrx_word' id='word_1_210' title='bbox 485 1731 561 1764; x_wconf 84' lang='lat' dir='ltr'>Hos</span> <span class='ocrx_word' id='word_1_211' title='bbox 582 1730 680 1763; x_wconf 86' lang='lat' dir='ltr'>arceri</span> <span class='ocrx_word' id='word_1_212' title='bbox 694 1730 825 1764; x_wconf 85' lang='lat' dir='ltr'>mandat</span> <span class='ocrx_word' id='word_1_213' title='bbox 846 1730 887 1764; x_wconf 85' lang='lat' dir='ltr'>ab</span> <span class='ocrx_word' id='word_1_214' title='bbox 901 1732 995 1764; x_wconf 89' lang='lat' dir='ltr'>omni</span> <span class='ocrx_word' id='word_1_215' title='bbox 1020 1730 1150 1775; x_wconf 88' lang='lat' dir='ltr'>publica</span> 
     </span>
     <span class='ocr_line' id='line_1_34' title="bbox 261 1780 1150 1824; baseline 0 -10"><span class='ocrx_word' id='word_1_216' title='bbox 261 1780 414 1815; x_wconf 87' lang='lat' dir='ltr'>oratione</span> <span class='ocrx_word' id='word_1_217' title='bbox 427 1805 434 1812; x_wconf 91' lang='lat'>.</span> <span class='ocrx_word' id='word_1_218' title='bbox 462 1780 510 1813; x_wconf 88' lang='lat' dir='ltr'>Ita</span> <span class='ocrx_word' id='word_1_219' title='bbox 523 1780 555 1812; x_wconf 89' lang='lat' dir='ltr'>in</span> <span class='ocrx_word' id='word_1_220' title='bbox 570 1781 657 1813; x_wconf 84' lang='lat' dir='ltr'>sexta</span> <span class='ocrx_word' id='word_1_221' title='bbox 669 1781 759 1822; x_wconf 90' lang='lat' dir='ltr'>super</span> <span class='ocrx_word' id='word_1_222' title='bbox 770 1781 907 1823; x_wconf 83' lang='lat' dir='ltr'>primam</span> <span class='ocrx_word' id='word_1_223' title='bbox 928 1781 1096 1824; x_wconf 79' lang='lat' dir='ltr'>epistolam</span> <span class='ocrx_word' id='word_1_224' title='bbox 1111 1781 1150 1814; x_wconf 87' lang='lat' dir='ltr'>ad</span> 
     </span>
     <span class='ocr_line' id='line_1_35' title="bbox 260 1828 1152 1873; baseline 0.001 -10"><span class='ocrx_word' id='word_1_225' title='bbox 260 1829 485 1863; x_wconf 87' lang='lat' dir='ltr'>Timotheum</span> <span class='ocrx_word' id='word_1_226' title='bbox 498 1828 634 1863; x_wconf 83' lang='lat' dir='ltr'>homilia</span> <span class='ocrx_word' id='word_1_227' title='bbox 647 1829 756 1862; x_wconf 84' lang='lat' dir='ltr'>scribit</span> <span class='ocrx_word' id='word_1_228' title='bbox 780 1830 880 1863; x_wconf 87' lang='lat' dir='ltr'>etiam</span> <span class='ocrx_word' id='word_1_229' title='bbox 905 1831 1038 1864; x_wconf 71' lang='lat' dir='ltr'>Sanctus</span> <span class='ocrx_word' id='word_1_230' title='bbox 1051 1831 1152 1873; x_wconf 84' lang='lat' dir='ltr'>Joan-</span> 
     </span>
     <span class='ocr_line' id='line_1_36' title="bbox 262 1878 1153 1922; baseline -0.003 -8"><span class='ocrx_word' id='word_1_231' title='bbox 262 1889 321 1914; x_wconf 83' lang='lat' dir='ltr'>nes</span> <span class='ocrx_word' id='word_1_232' title='bbox 341 1878 594 1922; x_wconf 77' lang='lat' dir='ltr'>chrysostomus</span> <span class='ocrx_word' id='word_1_233' title='bbox 618 1891 630 1911; x_wconf 86' lang='lat'>.·</span> <span class='ocrx_word' id='word_1_234' title='bbox 664 1882 827 1910; x_wconf 81' lang='lat' dir='ltr'>Noverunt</span> <span class='ocrx_word' id='word_1_235' title='bbox 849 1878 952 1920; x_wconf 83' lang='lat' dir='ltr'>fideles</span> <span class='ocrx_word' id='word_1_236' title='bbox 979 1904 990 1919; x_wconf 93' lang='lat'>‚</span> <span class='ocrx_word' id='word_1_237' title='bbox 1016 1881 1153 1922; x_wconf 85' lang='lat' dir='ltr'>quomodo</span> 
     </span>
     <span class='ocr_line' id='line_1_37' title="bbox 261 1925 1153 1973; baseline -0.001 -10"><span class='ocrx_word' id='word_1_238' title='bbox 261 1930 367 1963; x_wconf 73' lang='lat' dir='ltr'>diebus</span> <span class='ocrx_word' id='word_1_239' title='bbox 375 1928 498 1973; x_wconf 76' lang='lat' dir='ltr'>fingulls</span> <span class='ocrx_word' id='word_1_240' title='bbox 514 1929 601 1961; x_wconf 68' lang='lat' dir='ltr'>mane</span> <span class='ocrx_word' id='word_1_241' title='bbox 629 1928 663 1960; x_wconf 55' lang='grc' dir='ltr'>(Ὺ</span> <span class='ocrx_word' id='word_1_242' title='bbox 674 1925 793 1968; x_wconf 66' lang='lat' dir='ltr'>vespere</span> <span class='ocrx_word' id='word_1_243' title='bbox 806 1936 951 1962; x_wconf 71' lang='lat' dir='ltr'>orationes</span> <span class='ocrx_word' id='word_1_244' title='bbox 977 1928 1153 1970; x_wconf 84' lang='lat' dir='ltr'>fundantur</span> 
     </span>
     <span class='ocr_line' id='line_1_38' title="bbox 261 1976 1151 2013; baseline -0.003 0"><span class='ocrx_word' id='word_1_245' title='bbox 261 1982 309 2013; x_wconf 83' lang='lat' dir='ltr'>ad</span> <span class='ocrx_word' id='word_1_246' title='bbox 328 1983 508 2011; x_wconf 73' lang='lat' dir='ltr'>Dominum.</span> <span class='ocrx_word' id='word_1_247' title='bbox 536 1977 632 2009; x_wconf 88' lang='lat' dir='ltr'>Dicit</span> <span class='ocrx_word' id='word_1_248' title='bbox 654 1977 741 2008; x_wconf 82' lang='lat' dir='ltr'>solos</span> <span class='ocrx_word' id='word_1_249' title='bbox 769 1976 825 2009; x_wconf 79' lang='lat' dir='ltr'>ista</span> <span class='ocrx_word' id='word_1_250' title='bbox 854 1979 941 2010; x_wconf 81' lang='lat' dir='ltr'>nosse</span> <span class='ocrx_word' id='word_1_251' title='bbox 958 1979 1084 2011; x_wconf 83' lang='lat' dir='ltr'>fideles.</span> <span class='ocrx_word' id='word_1_252' title='bbox 1114 1981 1151 2010; x_wconf 86' lang='lat' dir='ltr'>ln</span> 
     </span>
     <span class='ocr_line' id='line_1_39' title="bbox 262 2026 1153 2071; baseline 0 -11"><span class='ocrx_word' id='word_1_253' title='bbox 262 2029 453 2071; x_wconf 72' lang='lat' dir='ltr'>praefatione</span> <span class='ocrx_word' id='word_1_254' title='bbox 467 2028 597 2059; x_wconf 89' lang='lat' dir='ltr'>suorum</span> <span class='ocrx_word' id='word_1_255' title='bbox 610 2026 920 2059; x_wconf 80' lang='lat' dir='ltr'>commentariorum</span> <span class='ocrx_word' id='word_1_256' title='bbox 934 2027 1026 2068; x_wconf 90' lang='lat' dir='ltr'>super</span> <span class='ocrx_word' id='word_1_257' title='bbox 1046 2028 1153 2060; x_wconf 70' lang='lat' dir='ltr'>Sansti</span> 
     </span>
     <span class='ocr_line' id='line_1_40' title="bbox 264 2074 1154 2119; baseline 0 -10"><span class='ocrx_word' id='word_1_258' title='bbox 264 2076 403 2119; x_wconf 83' lang='lat' dir='ltr'>Joannis</span> <span class='ocrx_word' id='word_1_259' title='bbox 427 2074 646 2118; x_wconf 84' lang='lat' dir='ltr'>Evangelium</span> <span class='ocrx_word' id='word_1_260' title='bbox 660 2074 768 2107; x_wconf 88' lang='lat' dir='ltr'>laudat</span> <span class='ocrx_word' id='word_1_261' title='bbox 795 2075 1005 2118; x_wconf 88' lang='lat' dir='ltr'>Baptismales</span> <span class='ocrx_word' id='word_1_262' title='bbox 1021 2077 1154 2110; x_wconf 88' lang='lat' dir='ltr'>Renun-</span> 
     </span>
    </p>
   </div>
   <div class='ocr_carea' id='block_1_3' title="bbox 108 710 227 746">
    <p class='ocr_par' dir='ltr' id='par_1_18' title="bbox 108 710 227 746">
     <span class='ocr_line' id='line_1_41' title="bbox 108 710 227 746; baseline -0.034 -7"><span class='ocrx_word' id='word_1_263' title='bbox 108 710 180 746; x_wconf 83' lang='lat' dir='ltr'>Cap.</span> <span class='ocrx_word' id='word_1_264' title='bbox 198 711 227 736; x_wconf 85' lang='lat'>6.</span> 
     </span>
    </p>
   </div>
   <div class='ocr_carea' id='block_1_4' title="bbox 107 864 231 901">
    <p class='ocr_par' dir='ltr' id='par_1_19' title="bbox 107 864 231 901">
     <span class='ocr_line' id='line_1_42' title="bbox 107 864 231 901; baseline -0.016 -8"><span class='ocrx_word' id='word_1_265' title='bbox 107 864 187 901; x_wconf 76' lang='lat' dir='ltr'>Cap.</span> <span class='ocrx_word' id='word_1_266' title='bbox 204 873 231 897; x_wconf 90' lang='lat'>7.</span> 
     </span>
    </p>
   </div>
   <div class='ocr_carea' id='block_1_5' title="bbox 139 2123 1159 3364">
    <p class='ocr_par' dir='ltr' id='par_1_20' title="bbox 139 2123 1159 3314">
     <span class='ocr_line' id='line_1_43' title="bbox 264 2123 1155 2168; baseline 0 -9"><span class='ocrx_word' id='word_1_267' title='bbox 264 2126 424 2159; x_wconf 85' lang='lat' dir='ltr'>tiariones</span> <span class='ocrx_word' id='word_1_268' title='bbox 437 2150 448 2165; x_wconf 91' lang='lat'>‚</span> <span class='ocrx_word' id='word_1_269' title='bbox 474 2136 511 2158; x_wconf 85' lang='lat' dir='ltr'>ac</span> <span class='ocrx_word' id='word_1_270' title='bbox 532 2125 632 2157; x_wconf 88' lang='lat' dir='ltr'>etiam</span> <span class='ocrx_word' id='word_1_271' title='bbox 644 2123 683 2157; x_wconf 88' lang='lat' dir='ltr'>de</span> <span class='ocrx_word' id='word_1_272' title='bbox 698 2124 769 2167; x_wconf 80' lang='lat' dir='ltr'>ipsis</span> <span class='ocrx_word' id='word_1_273' title='bbox 779 2123 882 2158; x_wconf 84' lang='lat' dir='ltr'>dicit:</span> <span class='ocrx_word' id='word_1_274' title='bbox 909 2130 1071 2159; x_wconf 81' lang='lat' dir='ltr'>Noverunt</span> <span class='ocrx_word' id='word_1_275' title='bbox 1082 2126 1155 2168; x_wconf 84' lang='lat' dir='ltr'>fide·</span> 
     </span>
     <span class='ocr_line' id='line_1_44' title="bbox 264 2174 1156 2221; baseline 0.001 -14"><span class='ocrx_word' id='word_1_276' title='bbox 264 2177 311 2211; x_wconf 80' lang='lat' dir='ltr'>les</span> <span class='ocrx_word' id='word_1_277' title='bbox 332 2200 338 2207; x_wconf 94' lang='lat'>.</span> <span class='ocrx_word' id='word_1_278' title='bbox 367 2174 470 2221; x_wconf 85' lang='lat' dir='ltr'>Qod</span> <span class='ocrx_word' id='word_1_279' title='bbox 495 2175 601 2216; x_wconf 86' lang='lat' dir='ltr'>ipsum</span> <span class='ocrx_word' id='word_1_280' title='bbox 626 2174 708 2211; x_wconf 67' lang='lat' dir='ltr'>,facit</span> <span class='ocrx_word' id='word_1_281' title='bbox 732 2174 766 2206; x_wconf 90' lang='lat' dir='ltr'>in</span> <span class='ocrx_word' id='word_1_282' title='bbox 780 2176 881 2217; x_wconf 90' lang='lat' dir='ltr'>prima</span> <span class='ocrx_word' id='word_1_283' title='bbox 904 2174 1041 2210; x_wconf 85' lang='lat' dir='ltr'>homilia</span> <span class='ocrx_word' id='word_1_284' title='bbox 1064 2179 1156 2220; x_wconf 89' lang='lat' dir='ltr'>super</span> 
     </span>
     <span class='ocr_line' id='line_1_45' title="bbox 267 2223 1155 2269; baseline -0.002 -9"><span class='ocrx_word' id='word_1_285' title='bbox 267 2225 438 2269; x_wconf 84' lang='lat' dir='ltr'>epistolam</span> <span class='ocrx_word' id='word_1_286' title='bbox 467 2223 506 2258; x_wconf 87' lang='lat' dir='ltr'>ad</span> <span class='ocrx_word' id='word_1_287' title='bbox 532 2223 713 2267; x_wconf 77' lang='lat' dir='ltr'>Ephesios.</span> <span class='ocrx_word' id='word_1_288' title='bbox 742 2225 828 2258; x_wconf 84' lang='lat' dir='ltr'>Istud</span> <span class='ocrx_word' id='word_1_289' title='bbox 852 2226 954 2267; x_wconf 87' lang='lat' dir='ltr'>ipsum</span> <span class='ocrx_word' id='word_1_290' title='bbox 983 2227 1097 2269; x_wconf 86' lang='lat' dir='ltr'>repetit</span> <span class='ocrx_word' id='word_1_291' title='bbox 1122 2227 1155 2259; x_wconf 93' lang='lat' dir='ltr'>in</span> 
     </span>
     <span class='ocr_line' id='line_1_46' title="bbox 266 2274 1156 2319; baseline 0.001 -10"><span class='ocrx_word' id='word_1_292' title='bbox 266 2276 464 2318; x_wconf 67' lang='lat' dir='ltr'>octogesima</span> <span class='ocrx_word' id='word_1_293' title='bbox 488 2284 602 2316; x_wconf 84' lang='lat' dir='ltr'>quarta</span> <span class='ocrx_word' id='word_1_294' title='bbox 618 2274 709 2316; x_wconf 87' lang='lat' dir='ltr'>super</span> <span class='ocrx_word' id='word_1_295' title='bbox 744 2274 825 2307; x_wconf 81' lang='lat' dir='ltr'>istud</span> <span class='ocrx_word' id='word_1_296' title='bbox 852 2276 1074 2319; x_wconf 84' lang='lat' dir='ltr'>Evangelium</span> <span class='ocrx_word' id='word_1_297' title='bbox 1100 2275 1156 2309; x_wconf 90' lang='lat' dir='ltr'>ho—</span> 
     </span>
     <span class='ocr_line' id='line_1_47' title="bbox 268 2323 1155 2364; baseline 0.002 -7"><span class='ocrx_word' id='word_1_298' title='bbox 268 2326 364 2358; x_wconf 87' lang='lat' dir='ltr'>milia</span> <span class='ocrx_word' id='word_1_299' title='bbox 378 2348 389 2363; x_wconf 92' lang='lat'>‚</span> <span class='ocrx_word' id='word_1_300' title='bbox 416 2323 469 2356; x_wconf 93' lang='lat' dir='ltr'>ubi</span> <span class='ocrx_word' id='word_1_301' title='bbox 483 2324 594 2357; x_wconf 84' lang='lat' dir='ltr'>laudat</span> <span class='ocrx_word' id='word_1_302' title='bbox 609 2325 709 2356; x_wconf 89' lang='lat' dir='ltr'>sacros</span> <span class='ocrx_word' id='word_1_303' title='bbox 722 2323 867 2358; x_wconf 85' lang='lat' dir='ltr'>Ecclefiae</span> <span class='ocrx_word' id='word_1_304' title='bbox 878 2325 1006 2364; x_wconf 81' lang='lat' dir='ltr'>fontes,</span> <span class='ocrx_word' id='word_1_305' title='bbox 1032 2328 1155 2360; x_wconf 85' lang='lat' dir='ltr'>sacrum</span> 
     </span>
     <span class='ocr_line' id='line_1_48' title="bbox 270 2372 1156 2417; baseline 0 -9"><span class='ocrx_word' id='word_1_306' title='bbox 270 2374 498 2416; x_wconf 87' lang='lat' dir='ltr'>Baptisterium</span> <span class='ocrx_word' id='word_1_307' title='bbox 511 2399 519 2406; x_wconf 89' lang='lat'><strong>.</strong></span> <span class='ocrx_word' id='word_1_308' title='bbox 550 2372 586 2406; x_wconf 87' lang='lat' dir='ltr'>In</span> <span class='ocrx_word' id='word_1_309' title='bbox 599 2375 710 2407; x_wconf 70' lang='lat' dir='ltr'>ot‘tava</span> <span class='ocrx_word' id='word_1_310' title='bbox 727 2373 851 2407; x_wconf 85' lang='lat' dir='ltr'>decima</span> <span class='ocrx_word' id='word_1_311' title='bbox 875 2376 966 2417; x_wconf 81' lang='lat' dir='ltr'>super</span> <span class='ocrx_word' id='word_1_312' title='bbox 985 2374 1156 2410; x_wconf 87' lang='lat' dir='ltr'>secundam</span> 
     </span>
     <span class='ocr_line' id='line_1_49' title="bbox 270 2423 1156 2465; baseline 0.002 -8"><span class='ocrx_word' id='word_1_313' title='bbox 270 2424 312 2458; x_wconf 83' lang='lat' dir='ltr'>ad</span> <span class='ocrx_word' id='word_1_314' title='bbox 337 2423 531 2457; x_wconf 86' lang='lat' dir='ltr'>Corinthios</span> <span class='ocrx_word' id='word_1_315' title='bbox 554 2423 723 2465; x_wconf 79' lang='lat' dir='ltr'>epistolam</span> <span class='ocrx_word' id='word_1_316' title='bbox 747 2423 882 2457; x_wconf 81' lang='lat' dir='ltr'>homilia</span> <span class='ocrx_word' id='word_1_317' title='bbox 915 2425 1025 2459; x_wconf 86' lang='lat' dir='ltr'>laudat</span> <span class='ocrx_word' id='word_1_318' title='bbox 1051 2427 1156 2459; x_wconf 83' lang='lat' dir='ltr'>sacros</span> 
     </span>
     <span class='ocr_line' id='line_1_50' title="bbox 271 2473 1156 2518; baseline 0.001 -10"><span class='ocrx_word' id='word_1_319' title='bbox 271 2473 441 2508; x_wconf 88' lang='lat' dir='ltr'>Clericalis</span> <span class='ocrx_word' id='word_1_320' title='bbox 455 2473 707 2506; x_wconf 86' lang='lat' dir='ltr'>consecrationis</span> <span class='ocrx_word' id='word_1_321' title='bbox 721 2473 799 2508; x_wconf 88' lang='lat' dir='ltr'>ritus</span> <span class='ocrx_word' id='word_1_322' title='bbox 816 2498 826 2513; x_wconf 93' lang='lat'>‚</span> <span class='ocrx_word' id='word_1_323' title='bbox 852 2475 886 2508; x_wconf 72' lang='grc' dir='ltr'>ὅ(</span> <span class='ocrx_word' id='word_1_324' title='bbox 908 2475 1025 2509; x_wconf 86' lang='lat' dir='ltr'>iterum</span> <span class='ocrx_word' id='word_1_325' title='bbox 1048 2476 1156 2518; x_wconf 84' lang='lat' dir='ltr'>adjun-</span> 
     </span>
     <span class='ocr_line' id='line_1_51' title="bbox 268 2521 1158 2567; baseline 0.002 -11"><span class='ocrx_word' id='word_1_326' title='bbox 268 2524 319 2567; x_wconf 86' lang='lat' dir='ltr'>git</span> <span class='ocrx_word' id='word_1_327' title='bbox 334 2537 345 2556; x_wconf 89' lang='grc'>.·</span> <span class='ocrx_word' id='word_1_328' title='bbox 371 2527 490 2555; x_wconf 86' lang='lat' dir='ltr'>Norunt</span> <span class='ocrx_word' id='word_1_329' title='bbox 515 2529 565 2565; x_wconf 74' lang='lat' dir='ltr'>qut</span> <span class='ocrx_word' id='word_1_330' title='bbox 588 2521 658 2566; x_wconf 89' lang='lat' dir='ltr'>sunt</span> <span class='ocrx_word' id='word_1_331' title='bbox 677 2522 816 2563; x_wconf 76' lang='lat' dir='ltr'>mysteriis</span> <span class='ocrx_word' id='word_1_332' title='bbox 831 2529 967 2558; x_wconf 70' lang='lat' dir='ltr'>initiati.</span> <span class='ocrx_word' id='word_1_333' title='bbox 994 2525 1158 2567; x_wconf 82' lang='lat' dir='ltr'>Loquitur</span> 
     </span>
     <span class='ocr_line' id='line_1_52' title="bbox 269 2572 1154 2615; baseline 0.002 -9"><span class='ocrx_word' id='word_1_334' title='bbox 269 2585 346 2606; x_wconf 89' lang='lat' dir='ltr'>cum</span> <span class='ocrx_word' id='word_1_335' title='bbox 371 2572 562 2606; x_wconf 83' lang='lat' dir='ltr'>Laodicenfi</span> <span class='ocrx_word' id='word_1_336' title='bbox 590 2573 749 2615; x_wconf 87' lang='lat' dir='ltr'>Synodo:</span> <span class='ocrx_word' id='word_1_337' title='bbox 777 2579 850 2607; x_wconf 89' lang='lat' dir='ltr'>Non</span> <span class='ocrx_word' id='word_1_338' title='bbox 871 2583 982 2615; x_wconf 85' lang='lat' dir='ltr'>oportet</span> <span class='ocrx_word' id='word_1_339' title='bbox 995 2577 1154 2608; x_wconf 78' lang='lat' dir='ltr'>ordinatio·</span> 
     </span>
     <span class='ocr_line' id='line_1_53' title="bbox 200 2621 1158 2668; baseline 0.003 -12"><span class='ocrx_word' id='word_1_340' title='bbox 200 2624 206 2631; x_wconf 86' lang='lat'><strong><em>‘</em></strong></span> <span class='ocrx_word' id='word_1_341' title='bbox 242 2626 248 2632; x_wconf 95' lang='grc'><em>“</em></span> <span class='ocrx_word' id='word_1_342' title='bbox 271 2635 324 2656; x_wconf 80' lang='lat' dir='ltr'>nes</span> <span class='ocrx_word' id='word_1_343' title='bbox 336 2622 402 2663; x_wconf 78' lang='lat' dir='ltr'>fieri</span> <span class='ocrx_word' id='word_1_344' title='bbox 421 2628 452 2653; x_wconf 77' lang='lat' dir='ltr'>in</span> <span class='ocrx_word' id='word_1_345' title='bbox 469 2621 634 2664; x_wconf 70' lang='lat' dir='ltr'>praesentia</span> <span class='ocrx_word' id='word_1_346' title='bbox 652 2634 748 2656; x_wconf 87' lang='lat' dir='ltr'>eorum</span> <span class='ocrx_word' id='word_1_347' title='bbox 758 2630 812 2666; x_wconf 81' lang='lat' dir='ltr'>qui</span> <span class='ocrx_word' id='word_1_348' title='bbox 835 2627 979 2657; x_wconf 76' lang='lat' dir='ltr'>audiunt.</span> <span class='ocrx_word' id='word_1_349' title='bbox 1007 2624 1158 2668; x_wconf 88' lang='lat' dir='ltr'>Synodus</span> 
     </span>
     <span class='ocr_line' id='line_1_54' title="bbox 271 2672 1157 2715; baseline 0.005 -10"><span class='ocrx_word' id='word_1_350' title='bbox 271 2672 573 2715; x_wconf 82' lang='lat' dir='ltr'>omninoloquitur</span> <span class='ocrx_word' id='word_1_351' title='bbox 589 2673 629 2705; x_wconf 91' lang='lat' dir='ltr'>de</span> <span class='ocrx_word' id='word_1_352' title='bbox 643 2674 906 2714; x_wconf 86' lang='lat' dir='ltr'>consecratione,</span> <span class='ocrx_word' id='word_1_353' title='bbox 937 2686 1004 2708; x_wconf 89' lang='lat' dir='ltr'>non</span> <span class='ocrx_word' id='word_1_354' title='bbox 1027 2675 1067 2708; x_wconf 88' lang='lat' dir='ltr'>de</span> <span class='ocrx_word' id='word_1_355' title='bbox 1090 2675 1157 2709; x_wconf 88' lang='lat' dir='ltr'>ele-</span> 
     </span>
     <span class='ocr_line' id='line_1_55' title="bbox 273 2721 1156 2768; baseline 0.003 -13"><span class='ocrx_word' id='word_1_356' title='bbox 273 2723 380 2755; x_wconf 68' lang='lat' dir='ltr'>&amp;ione</span> <span class='ocrx_word' id='word_1_357' title='bbox 395 2746 402 2753; x_wconf 93' lang='lat'><strong>.</strong></span> <span class='ocrx_word' id='word_1_358' title='bbox 433 2722 543 2755; x_wconf 79' lang='lat' dir='ltr'>Etiam</span> <span class='ocrx_word' id='word_1_359' title='bbox 558 2721 791 2756; x_wconf 87' lang='lat' dir='ltr'>Theodoretus</span> <span class='ocrx_word' id='word_1_360' title='bbox 812 2725 844 2756; x_wconf 91' lang='lat' dir='ltr'>in</span> <span class='ocrx_word' id='word_1_361' title='bbox 863 2725 1005 2768; x_wconf 73' lang='lat' dir='ltr'>vigesimi</span> <span class='ocrx_word' id='word_1_362' title='bbox 1028 2724 1156 2758; x_wconf 86' lang='lat' dir='ltr'>secundi</span> 
     </span>
     <span class='ocr_line' id='line_1_56' title="bbox 275 2771 1158 2815; baseline 0.003 -10"><span class='ocrx_word' id='word_1_363' title='bbox 275 2771 399 2805; x_wconf 85' lang='lat' dir='ltr'>Psalmi</span> <span class='ocrx_word' id='word_1_364' title='bbox 413 2773 651 2805; x_wconf 81' lang='lat' dir='ltr'>commentario</span> <span class='ocrx_word' id='word_1_365' title='bbox 665 2771 774 2807; x_wconf 85' lang='lat' dir='ltr'>laudat</span> <span class='ocrx_word' id='word_1_366' title='bbox 789 2772 1026 2807; x_wconf 88' lang='lat' dir='ltr'>Eucharistiam</span> <span class='ocrx_word' id='word_1_367' title='bbox 1037 2799 1047 2815; x_wconf 97' lang='lat'><em>‚</em></span> <span class='ocrx_word' id='word_1_368' title='bbox 1059 2776 1158 2809; x_wconf 83' lang='lat' dir='ltr'>sacras</span> 
     </span>
     <span class='ocr_line' id='line_1_57' title="bbox 274 2820 1157 2865; baseline 0.005 -10"><span class='ocrx_word' id='word_1_369' title='bbox 274 2820 491 2855; x_wconf 62' lang='lat' dir='ltr'>&amp;Chrismate</span> <span class='ocrx_word' id='word_1_370' title='bbox 512 2822 702 2862; x_wconf 74' lang='lat' dir='ltr'>unfflones,</span> <span class='ocrx_word' id='word_1_371' title='bbox 729 2823 760 2856; x_wconf 76' lang='grc' dir='ltr'>δε</span> <span class='ocrx_word' id='word_1_372' title='bbox 782 2824 845 2856; x_wconf 83' lang='lat' dir='ltr'>alia</span> <span class='ocrx_word' id='word_1_373' title='bbox 858 2825 1092 2865; x_wconf 82' lang='lat' dir='ltr'>Sacramenta,</span> <span class='ocrx_word' id='word_1_374' title='bbox 1116 2835 1157 2859; x_wconf 90' lang='lat' dir='ltr'>at-</span> 
     </span>
     <span class='ocr_line' id='line_1_58' title="bbox 274 2871 1156 2917; baseline 0.003 -14"><span class='ocrx_word' id='word_1_375' title='bbox 274 2881 339 2915; x_wconf 84' lang='lat' dir='ltr'>que</span> <span class='ocrx_word' id='word_1_376' title='bbox 353 2871 502 2915; x_wconf 76' lang='lat' dir='ltr'>adjungit</span> <span class='ocrx_word' id='word_1_377' title='bbox 515 2885 527 2904; x_wconf 82' lang='grc'>.-</span> <span class='ocrx_word' id='word_1_378' title='bbox 554 2871 788 2915; x_wconf 72' lang='lat' dir='ltr'>Manifestasisnt</span> <span class='ocrx_word' id='word_1_379' title='bbox 800 2872 863 2905; x_wconf 82' lang='lat' dir='ltr'>baec</span> <span class='ocrx_word' id='word_1_380' title='bbox 874 2878 912 2906; x_wconf 75' lang='lat' dir='ltr'>tis</span> <span class='ocrx_word' id='word_1_381' title='bbox 925 2898 934 2913; x_wconf 94' lang='lat'>‚</span> <span class='ocrx_word' id='word_1_382' title='bbox 964 2873 1092 2917; x_wconf 76' lang='lat' dir='ltr'>quisunt</span> <span class='ocrx_word' id='word_1_383' title='bbox 1103 2887 1156 2912; x_wconf 80' lang='lat' dir='ltr'>my-</span> 
     </span>
     <span class='ocr_line' id='line_1_59' title="bbox 243 2921 1154 2966; baseline 0.005 -13"><span class='ocrx_word' id='word_1_384' title='bbox 243 2949 247 2953; x_wconf 91' lang='lat'><em>.</em></span> <span class='ocrx_word' id='word_1_385' title='bbox 271 2921 513 2962; x_wconf 72' lang='lat' dir='ltr'>stertisinttiatt.</span> <span class='ocrx_word' id='word_1_386' title='bbox 541 2922 578 2954; x_wconf 86' lang='lat' dir='ltr'>ln</span> <span class='ocrx_word' id='word_1_387' title='bbox 593 2922 675 2955; x_wconf 90' lang='lat' dir='ltr'>libro</span> <span class='ocrx_word' id='word_1_388' title='bbox 686 2923 726 2955; x_wconf 88' lang='lat' dir='ltr'>de</span> <span class='ocrx_word' id='word_1_389' title='bbox 738 2923 838 2956; x_wconf 92' lang='lat' dir='ltr'>unico</span> <span class='ocrx_word' id='word_1_390' title='bbox 859 2923 1025 2966; x_wconf 87' lang='lat' dir='ltr'>Baptismo</span> <span class='ocrx_word' id='word_1_391' title='bbox 1047 2924 1154 2958; x_wconf 86' lang='lat' dir='ltr'>scribit</span> 
     </span>
     <span class='ocr_line' id='line_1_60' title="bbox 139 2971 1156 3023; baseline 0.001 -17"><span class='ocrx_word' id='word_1_392' title='bbox 139 2984 214 3023; x_wconf 68' lang='lat'>029,</span> <span class='ocrx_word' id='word_1_393' title='bbox 231 2994 255 3015; x_wconf 58' lang='grc' dir='ltr'>ι,</span> <span class='ocrx_word' id='word_1_394' title='bbox 274 2973 408 3006; x_wconf 65' lang='lat' dir='ltr'>Sanctus</span> <span class='ocrx_word' id='word_1_395' title='bbox 431 2972 510 3004; x_wconf 89' lang='lat' dir='ltr'>item</span> <span class='ocrx_word' id='word_1_396' title='bbox 534 2971 736 3016; x_wconf 87' lang='lat' dir='ltr'>Augustinus</span> <span class='ocrx_word' id='word_1_397' title='bbox 760 2984 768 3003; x_wconf 75' lang='grc' dir='ltr'>ε</span> <span class='ocrx_word' id='word_1_398' title='bbox 797 2975 876 3016; x_wconf 74' lang='lat' dir='ltr'>‚Quis</span> <span class='ocrx_word' id='word_1_399' title='bbox 900 2975 997 3006; x_wconf 74' lang='lat' dir='ltr'>coram</span> <span class='ocrx_word' id='word_1_400' title='bbox 1017 2973 1156 3015; x_wconf 76' lang='lat' dir='ltr'>profanis</span> 
     </span>
     <span class='ocr_line' id='line_1_61' title="bbox 277 3021 1157 3064; baseline 0.006 -12"><span class='ocrx_word' id='word_1_401' title='bbox 277 3032 453 3063; x_wconf 81' lang='lat' dir='ltr'><em>quemquam</em></span> <span class='ocrx_word' id='word_1_402' title='bbox 469 3021 608 3063; x_wconf 76' lang='lat' dir='ltr'>baptizat</span> <span class='ocrx_word' id='word_1_403' title='bbox 620 3021 636 3052; x_wconf 70' lang='lat'><em>3</em></span> <span class='ocrx_word' id='word_1_404' title='bbox 662 3025 706 3054; x_wconf 87' lang='lat' dir='ltr'>Et</span> <span class='ocrx_word' id='word_1_405' title='bbox 726 3031 826 3055; x_wconf 88' lang='lat' dir='ltr'>tamen</span> <span class='ocrx_word' id='word_1_406' title='bbox 844 3023 994 3064; x_wconf 73' lang='lat' dir='ltr'>baptizari</span> <span class='ocrx_word' id='word_1_407' title='bbox 1012 3023 1157 3063; x_wconf 68' lang='lat' dir='ltr'>christia-</span> 
     </span>
     <span class='ocr_line' id='line_1_62' title="bbox 275 3071 1156 3116; baseline 0.002 -12"><span class='ocrx_word' id='word_1_408' title='bbox 275 3082 328 3104; x_wconf 85' lang='lat' dir='ltr'>nos</span> <span class='ocrx_word' id='word_1_409' title='bbox 340 3073 437 3104; x_wconf 84' lang='lat' dir='ltr'>nullus</span> <span class='ocrx_word' id='word_1_410' title='bbox 459 3071 605 3113; x_wconf 82' lang='lat' dir='ltr'>profanus</span> <span class='ocrx_word' id='word_1_411' title='bbox 616 3076 732 3115; x_wconf 79' lang='lat' dir='ltr'>ignorat</span> <span class='ocrx_word' id='word_1_412' title='bbox 746 3097 753 3104; x_wconf 89' lang='lat'><strong>.</strong></span> <span class='ocrx_word' id='word_1_413' title='bbox 778 3074 844 3116; x_wconf 75' lang='lat' dir='ltr'>,Qut</span> <span class='ocrx_word' id='word_1_414' title='bbox 864 3074 951 3106; x_wconf 80' lang='lat' dir='ltr'>audit</span> <span class='ocrx_word' id='word_1_415' title='bbox 971 3079 1003 3106; x_wconf 79' lang='lat' dir='ltr'>in</span> <span class='ocrx_word' id='word_1_416' title='bbox 1019 3074 1156 3115; x_wconf 76' lang='lat' dir='ltr'>publico,</span> 
     </span>
     <span class='ocr_line' id='line_1_63' title="bbox 272 3119 1159 3164; baseline 0.005 -10"><span class='ocrx_word' id='word_1_417' title='bbox 272 3119 374 3164; x_wconf 80' lang='lat' dir='ltr'>quodfi</span> <span class='ocrx_word' id='word_1_418' title='bbox 392 3123 507 3162; x_wconf 73' lang='lat' dir='ltr'>credit,</span> <span class='ocrx_word' id='word_1_419' title='bbox 534 3127 679 3163; x_wconf 68' lang='lat' dir='ltr'>percipiat</span> <span class='ocrx_word' id='word_1_420' title='bbox 690 3127 724 3154; x_wconf 76' lang='lat' dir='ltr'>in</span> <span class='ocrx_word' id='word_1_421' title='bbox 740 3120 868 3164; x_wconf 85' lang='lat' dir='ltr'>secreto.</span> <span class='ocrx_word' id='word_1_422' title='bbox 902 3123 943 3156; x_wconf 91' lang='lat' dir='ltr'>Et</span> <span class='ocrx_word' id='word_1_423' title='bbox 967 3123 1001 3157; x_wconf 88' lang='lat' dir='ltr'>in</span> <span class='ocrx_word' id='word_1_424' title='bbox 1024 3124 1107 3158; x_wconf 89' lang='lat' dir='ltr'>libro</span> <span class='ocrx_word' id='word_1_425' title='bbox 1119 3126 1159 3158; x_wconf 87' lang='lat' dir='ltr'>de</span> 
     </span>
     <span class='ocr_line' id='line_1_64' title="bbox 141 3171 1158 3215; baseline 0.003 -11"><span class='ocrx_word' id='word_1_426' title='bbox 141 3177 216 3215; x_wconf 79' lang='lat' dir='ltr'>Cap.</span> <span class='ocrx_word' id='word_1_427' title='bbox 232 3185 260 3213; x_wconf 89' lang='lat'>3.</span> <span class='ocrx_word' id='word_1_428' title='bbox 276 3172 475 3212; x_wconf 85' lang='lat' dir='ltr'>cataclysmo</span> <span class='ocrx_word' id='word_1_429' title='bbox 486 3171 645 3205; x_wconf 83' lang='lat' dir='ltr'>declamat</span> <span class='ocrx_word' id='word_1_430' title='bbox 659 3171 699 3205; x_wconf 87' lang='lat' dir='ltr'>ad</span> <span class='ocrx_word' id='word_1_431' title='bbox 714 3172 967 3214; x_wconf 88' lang='lat' dir='ltr'>Competentes:</span> <span class='ocrx_word' id='word_1_432' title='bbox 994 3176 1070 3206; x_wconf 86' lang='lat' dir='ltr'>Ecce</span> <span class='ocrx_word' id='word_1_433' title='bbox 1090 3185 1158 3207; x_wconf 82' lang='lat' dir='ltr'>ven-</span> 
     </span>
     <span class='ocr_line' id='line_1_65' title="bbox 278 3220 1157 3264; baseline 0.007 -13"><span class='ocrx_word' id='word_1_434' title='bbox 278 3226 336 3251; x_wconf 74' lang='lat' dir='ltr'>turi</span> <span class='ocrx_word' id='word_1_435' title='bbox 353 3220 419 3260; x_wconf 78' lang='lat' dir='ltr'>estts</span> <span class='ocrx_word' id='word_1_436' title='bbox 439 3223 482 3253; x_wconf 82' lang='lat' dir='ltr'>ad</span> <span class='ocrx_word' id='word_1_437' title='bbox 504 3221 624 3263; x_wconf 86' lang='lat' dir='ltr'>fontem</span> <span class='ocrx_word' id='word_1_438' title='bbox 636 3232 741 3264; x_wconf 85' lang='lat' dir='ltr'>aquae.</span> <span class='ocrx_word' id='word_1_439' title='bbox 770 3226 843 3254; x_wconf 87' lang='lat' dir='ltr'>Non</span> <span class='ocrx_word' id='word_1_440' title='bbox 853 3225 962 3254; x_wconf 74' lang='lat' dir='ltr'>dicatis</span> <span class='ocrx_word' id='word_1_441' title='bbox 978 3227 1011 3255; x_wconf 80' lang='lat' dir='ltr'>in</span> <span class='ocrx_word' id='word_1_442' title='bbox 1024 3224 1157 3257; x_wconf 71' lang='lat' dir='ltr'>cordibus</span> 
     </span>
     <span class='ocr_line' id='line_1_66' title="bbox 273 3268 1158 3314; baseline 0.006 -12"><span class='ocrx_word' id='word_1_443' title='bbox 273 3268 403 3309; x_wconf 73' lang='lat' dir='ltr'>vestris:</span> <span class='ocrx_word' id='word_1_444' title='bbox 430 3277 491 3306; x_wconf 77' lang='lat' dir='ltr'>Hoc</span> <span class='ocrx_word' id='word_1_445' title='bbox 499 3272 535 3310; x_wconf 76' lang='lat' dir='ltr'>est</span> <span class='ocrx_word' id='word_1_446' title='bbox 546 3280 638 3304; x_wconf 88' lang='lat' dir='ltr'>totum</span> <span class='ocrx_word' id='word_1_447' title='bbox 651 3272 731 3313; x_wconf 82' lang='lat' dir='ltr'>quod</span> <span class='ocrx_word' id='word_1_448' title='bbox 735 3279 791 3313; x_wconf 85' lang='lat' dir='ltr'>pro</span> <span class='ocrx_word' id='word_1_449' title='bbox 811 3283 915 3314; x_wconf 84' lang='lat' dir='ltr'>magno</span> <span class='ocrx_word' id='word_1_450' title='bbox 925 3271 1158 3314; x_wconf 80' lang='lat' dir='ltr'>defiderabatur?</span> 
     </span>
    </p>

    <p class='ocr_par' dir='ltr' id='par_1_21' title="bbox 377 3319 802 3364">
     <span class='ocr_line' id='line_1_67' title="bbox 377 3319 802 3364; baseline 0.005 -13"><span class='ocrx_word' id='word_1_451' title='bbox 377 3319 481 3361; x_wconf 75' lang='lat' dir='ltr'>Christ.</span> <span class='ocrx_word' id='word_1_452' title='bbox 491 3325 572 3364; x_wconf 80' lang='lat' dir='ltr'>Lupi</span> <span class='ocrx_word' id='word_1_453' title='bbox 583 3326 680 3363; x_wconf 87' lang='lat' dir='ltr'>Opera</span> <span class='ocrx_word' id='word_1_454' title='bbox 700 3324 802 3354; x_wconf 86' lang='lat' dir='ltr'><em>T.1X.</em></span> 
     </span>
    </p>
   </div>
   <div class='ocr_carea' id='block_1_6' title="bbox 1139 317 1162 1107">
    <p class='ocr_par' dir='ltr' id='par_1_22' title="bbox 1139 317 1162 1107">
     <span class='ocr_line' id='line_1_68' title="bbox 1139 317 1162 1107; baseline 0 2617"><span class='ocrx_word' id='word_1_455' title='bbox 1139 317 1162 1107; x_wconf 95' lang='lat' dir='ltr'> </span> 
     </span>
    </p>
   </div>
   <div class='ocr_carea' id='block_1_7' title="bbox 1149 1200 1170 1812">
    <p class='ocr_par' dir='ltr' id='par_1_23' title="bbox 1149 1200 1170 1812">
     <span class='ocr_line' id='line_1_69' title="bbox 1149 1200 1170 1812; baseline 0 0"><span class='ocrx_word' id='word_1_456' title='bbox 1149 1200 1170 1812; x_wconf 95' lang='lat' dir='ltr'>   </span> 
     </span>
    </p>
   </div>
   <div class='ocr_carea' id='block_1_8' title="bbox 1214 99 1992 163">
    <p class='ocr_par' dir='ltr' id='par_1_24' title="bbox 1214 99 1992 163">
     <span class='ocr_line' id='line_1_70' title="bbox 1214 99 1992 163; baseline 0.003 -21"><span class='ocrx_word' id='word_1_457' title='bbox 1214 114 1232 142; x_wconf 93' lang='lat'>1</span> <span class='ocrx_word' id='word_1_458' title='bbox 1303 113 1322 141; x_wconf 91' lang='lat' dir='ltr'>s</span> <span class='ocrx_word' id='word_1_459' title='bbox 1387 99 1581 143; x_wconf 74' lang='lat' dir='ltr'>&#39;XLL</span> <span class='ocrx_word' id='word_1_460' title='bbox 1903 117 1992 163; x_wconf 80' lang='lat'>325</span> 
     </span>
    </p>
   </div>
   <div class='ocr_carea' id='block_1_9' title="bbox 1200 179 2241 1920">
    <p class='ocr_par' dir='ltr' id='par_1_25' title="bbox 1200 179 2079 231">
     <span class='ocr_line' id='line_1_71' title="bbox 1200 179 2079 231; baseline 0.01 -16"><span class='ocrx_word' id='word_1_461' title='bbox 1200 181 1330 224; x_wconf 78' lang='lat' dir='ltr'>Nempe</span> <span class='ocrx_word' id='word_1_462' title='bbox 1353 179 1581 223; x_wconf 83' lang='lat' dir='ltr'>Baptisteriurn</span> <span class='ocrx_word' id='word_1_463' title='bbox 1602 182 1700 218; x_wconf 83' lang='lat' dir='ltr'>etiam</span> <span class='ocrx_word' id='word_1_464' title='bbox 1714 186 2079 231; x_wconf 85' lang='lat' dir='ltr'>Competentesintrare</span> 
     </span>
    </p>

    <p class='ocr_par' dir='ltr' id='par_1_26' title="bbox 1200 235 2082 280">
     <span class='ocr_line' id='line_1_72' title="bbox 1200 235 2082 280; baseline 0.01 -16"><span class='ocrx_word' id='word_1_465' title='bbox 1200 243 1267 265; x_wconf 88' lang='lat' dir='ltr'>non</span> <span class='ocrx_word' id='word_1_466' title='bbox 1283 240 1432 275; x_wconf 83' lang='lat' dir='ltr'>poterant</span> <span class='ocrx_word' id='word_1_467' title='bbox 1445 255 1455 270; x_wconf 92' lang='lat'>,</span> <span class='ocrx_word' id='word_1_468' title='bbox 1485 242 1650 274; x_wconf 77' lang='lat' dir='ltr'>nunquam</span> <span class='ocrx_word' id='word_1_469' title='bbox 1675 235 1841 276; x_wconf 85' lang='lat' dir='ltr'>viderant,</span> <span class='ocrx_word' id='word_1_470' title='bbox 1868 238 2008 280; x_wconf 88' lang='lat' dir='ltr'>ideoque</span> <span class='ocrx_word' id='word_1_471' title='bbox 2027 239 2082 272; x_wconf 86' lang='lat' dir='ltr'>de-</span> 
     </span>
    </p>

    <p class='ocr_par' dir='ltr' id='par_1_27' title="bbox 1201 279 2081 330">
     <span class='ocr_line' id='line_1_73' title="bbox 1201 279 2081 330; baseline 0.007 -14"><span class='ocrx_word' id='word_1_472' title='bbox 1201 281 1322 316; x_wconf 82' lang='lat' dir='ltr'>bebant</span> <span class='ocrx_word' id='word_1_473' title='bbox 1347 279 1498 315; x_wconf 73' lang='lat' dir='ltr'>adversus</span> <span class='ocrx_word' id='word_1_474' title='bbox 1512 281 1689 324; x_wconf 88' lang='lat' dir='ltr'>periculum</span> <span class='ocrx_word' id='word_1_475' title='bbox 1704 283 1842 318; x_wconf 84' lang='lat' dir='ltr'>scandali</span> <span class='ocrx_word' id='word_1_476' title='bbox 1860 298 1900 321; x_wconf 83' lang='lat' dir='ltr'>ex</span> <span class='ocrx_word' id='word_1_477' title='bbox 1911 288 2081 330; x_wconf 70' lang='lat' dir='ltr'>spectanda</span> 
     </span>
    </p>

    <p class='ocr_par' dir='ltr' id='par_1_28' title="bbox 1203 330 2082 375">
     <span class='ocr_line' id='line_1_74' title="bbox 1203 330 2082 375; baseline 0.001 -10"><span class='ocrx_word' id='word_1_478' title='bbox 1203 332 1266 365; x_wconf 93' lang='lat' dir='ltr'>loci</span> <span class='ocrx_word' id='word_1_479' title='bbox 1290 330 1476 364; x_wconf 83' lang='lat' dir='ltr'>humilitate</span> <span class='ocrx_word' id='word_1_480' title='bbox 1496 332 1713 364; x_wconf 88' lang='lat' dir='ltr'>communiri.</span> <span class='ocrx_word' id='word_1_481' title='bbox 1743 332 1966 375; x_wconf 78' lang='lat' dir='ltr'>Baptisterium</span> <span class='ocrx_word' id='word_1_482' title='bbox 1989 339 2082 372; x_wconf 75' lang='lat' dir='ltr'>enim</span> 
     </span>
    </p>

    <p class='ocr_par' dir='ltr' id='par_1_29' title="bbox 1201 380 2084 425">
     <span class='ocr_line' id='line_1_75' title="bbox 1201 380 2084 425; baseline 0.007 -10"><span class='ocrx_word' id='word_1_483' title='bbox 1201 382 1245 415; x_wconf 85' lang='lat' dir='ltr'>est</span> <span class='ocrx_word' id='word_1_484' title='bbox 1257 381 1404 424; x_wconf 67' lang='lat' dir='ltr'>adspectu</span> <span class='ocrx_word' id='word_1_485' title='bbox 1416 380 1597 416; x_wconf 89' lang='lat' dir='ltr'>humanum</span> <span class='ocrx_word' id='word_1_486' title='bbox 1612 382 1764 415; x_wconf 85' lang='lat' dir='ltr'>balneum</span> <span class='ocrx_word' id='word_1_487' title='bbox 1777 406 1784 413; x_wconf 90' lang='lat'><strong>.</strong></span> <span class='ocrx_word' id='word_1_488' title='bbox 1815 382 1855 414; x_wconf 91' lang='lat' dir='ltr'>Et</span> <span class='ocrx_word' id='word_1_489' title='bbox 1871 386 1969 425; x_wconf 88' lang='lat' dir='ltr'>prima</span> <span class='ocrx_word' id='word_1_490' title='bbox 1982 389 2084 421; x_wconf 86' lang='lat' dir='ltr'>Arau-</span> 
     </span>
    </p>

    <p class='ocr_par' dir='ltr' id='par_1_30' title="bbox 1204 431 2241 524">
     <span class='ocr_line' id='line_1_76' title="bbox 1204 431 2241 492; baseline 0.004 -28"><span class='ocrx_word' id='word_1_491' title='bbox 1204 432 1309 466; x_wconf 83' lang='lat' dir='ltr'>sscana</span> <span class='ocrx_word' id='word_1_492' title='bbox 1321 432 1472 474; x_wconf 90' lang='lat' dir='ltr'>Synodus</span> <span class='ocrx_word' id='word_1_493' title='bbox 1485 432 1592 465; x_wconf 81' lang='lat' dir='ltr'>statuit</span> <span class='ocrx_word' id='word_1_494' title='bbox 1610 445 1616 464; x_wconf 95' lang='lat'><strong>:</strong></span> <span class='ocrx_word' id='word_1_495' title='bbox 1646 434 1696 465; x_wconf 82' lang='lat' dir='ltr'>Ad</span> <span class='ocrx_word' id='word_1_496' title='bbox 1705 431 1918 474; x_wconf 77' lang='lat' dir='ltr'>Bapttsterium</span> <span class='ocrx_word' id='word_1_497' title='bbox 1940 437 2083 470; x_wconf 75' lang='lat' dir='ltr'>Catecbu-</span> <span class='ocrx_word' id='word_1_498' title='bbox 2103 455 2176 492; x_wconf 44' lang='lat' dir='ltr'>Cap·</span> <span class='ocrx_word' id='word_1_499' title='bbox 2195 463 2241 489; x_wconf 84' lang='lat'>¹9·</span> 
     </span>
     <span class='ocr_line' id='line_1_77' title="bbox 1205 483 2083 524; baseline 0.005 -9"><span class='ocrx_word' id='word_1_500' title='bbox 1205 487 1283 516; x_wconf 81' lang='lat' dir='ltr'>meni</span> <span class='ocrx_word' id='word_1_501' title='bbox 1294 493 1445 524; x_wconf 88' lang='lat' dir='ltr'>nunquam</span> <span class='ocrx_word' id='word_1_502' title='bbox 1455 483 1655 515; x_wconf 77' lang='lat' dir='ltr'>admittendi.</span> <span class='ocrx_word' id='word_1_503' title='bbox 1683 483 1779 516; x_wconf 80' lang='lat' dir='ltr'>Istam</span> <span class='ocrx_word' id='word_1_504' title='bbox 1800 483 1920 516; x_wconf 88' lang='lat' dir='ltr'>avitam</span> <span class='ocrx_word' id='word_1_505' title='bbox 1938 483 2083 519; x_wconf 79' lang='lat' dir='ltr'>Ecclefiae</span> 
     </span>
    </p>

    <p class='ocr_par' dir='ltr' id='par_1_31' title="bbox 1205 532 2083 576">
     <span class='ocr_line' id='line_1_78' title="bbox 1205 532 2083 576; baseline 0 -10"><span class='ocrx_word' id='word_1_506' title='bbox 1205 532 1349 576; x_wconf 85' lang='lat' dir='ltr'>regulam</span> <span class='ocrx_word' id='word_1_507' title='bbox 1363 532 1515 574; x_wconf 88' lang='lat' dir='ltr'>Synodus</span> <span class='ocrx_word' id='word_1_508' title='bbox 1527 533 1664 566; x_wconf 81' lang='lat' dir='ltr'>innovat</span> <span class='ocrx_word' id='word_1_509' title='bbox 1691 534 1722 566; x_wconf 90' lang='lat'>&amp;</span> <span class='ocrx_word' id='word_1_510' title='bbox 1735 534 1839 566; x_wconf 83' lang='lat' dir='ltr'>firmat</span> <span class='ocrx_word' id='word_1_511' title='bbox 1851 543 1963 566; x_wconf 82' lang='lat' dir='ltr'>contra</span> <span class='ocrx_word' id='word_1_512' title='bbox 1976 535 2083 566; x_wconf 86' lang='lat' dir='ltr'>nescio</span> 
     </span>
    </p>

    <p class='ocr_par' dir='ltr' id='par_1_32' title="bbox 1206 582 2086 626">
     <span class='ocr_line' id='line_1_79' title="bbox 1206 582 2086 626; baseline 0.001 -10"><span class='ocrx_word' id='word_1_513' title='bbox 1206 593 1288 626; x_wconf 90' lang='lat' dir='ltr'>quos</span> <span class='ocrx_word' id='word_1_514' title='bbox 1302 583 1568 625; x_wconf 73' lang='lat' dir='ltr'>praevaricatores.</span> <span class='ocrx_word' id='word_1_515' title='bbox 1599 583 1743 616; x_wconf 85' lang='lat' dir='ltr'>Eandem</span> <span class='ocrx_word' id='word_1_516' title='bbox 1755 582 1773 615; x_wconf 70' lang='lat' dir='ltr'>a</span> <span class='ocrx_word' id='word_1_517' title='bbox 1786 583 1970 616; x_wconf 88' lang='lat' dir='ltr'>Donatistis</span> <span class='ocrx_word' id='word_1_518' title='bbox 1992 584 2086 617; x_wconf 78' lang='lat' dir='ltr'>fuisse</span> 
     </span>
    </p>

    <p class='ocr_par' dir='ltr' id='par_1_33' title="bbox 1207 631 2087 677">
     <span class='ocr_line' id='line_1_80' title="bbox 1207 631 2087 677; baseline 0.001 -11"><span class='ocrx_word' id='word_1_519' title='bbox 1207 634 1415 666; x_wconf 87' lang='lat' dir='ltr'>transversam</span> <span class='ocrx_word' id='word_1_520' title='bbox 1427 631 1560 675; x_wconf 90' lang='lat' dir='ltr'>quidam</span> <span class='ocrx_word' id='word_1_521' title='bbox 1574 635 1706 666; x_wconf 83' lang='lat' dir='ltr'>censent</span> <span class='ocrx_word' id='word_1_522' title='bbox 1729 644 1770 666; x_wconf 90' lang='lat' dir='ltr'>ex</span> <span class='ocrx_word' id='word_1_523' title='bbox 1783 633 1889 666; x_wconf 68' lang='lat' dir='ltr'>Sancti</span> <span class='ocrx_word' id='word_1_524' title='bbox 1904 633 2087 677; x_wconf 85' lang='lat' dir='ltr'>Augustini</span> 
     </span>
    </p>

    <p class='ocr_par' dir='ltr' id='par_1_34' title="bbox 1207 681 2225 1920">
     <span class='ocr_line' id='line_1_81' title="bbox 1209 681 2225 726; baseline 0 -10"><span class='ocrx_word' id='word_1_525' title='bbox 1209 681 1354 716; x_wconf 86' lang='lat' dir='ltr'>verbisin</span> <span class='ocrx_word' id='word_1_526' title='bbox 1366 683 1505 716; x_wconf 66' lang='lat' dir='ltr'>adducto</span> <span class='ocrx_word' id='word_1_527' title='bbox 1527 681 1612 715; x_wconf 89' lang='lat' dir='ltr'>libro</span> <span class='ocrx_word' id='word_1_528' title='bbox 1641 683 1682 716; x_wconf 91' lang='lat' dir='ltr'>de</span> <span class='ocrx_word' id='word_1_529' title='bbox 1696 683 1794 716; x_wconf 86' lang='lat' dir='ltr'>unico</span> <span class='ocrx_word' id='word_1_530' title='bbox 1807 683 1994 726; x_wconf 88' lang='lat' dir='ltr'>Baptismo:</span> <span class='ocrx_word' id='word_1_531' title='bbox 2023 686 2087 716; x_wconf 84' lang='lat' dir='ltr'>Do-</span> <span class='ocrx_word' id='word_1_532' title='bbox 2108 690 2180 726; x_wconf 77' lang='lat' dir='ltr'>Cap.</span> <span class='ocrx_word' id='word_1_533' title='bbox 2197 699 2225 718; x_wconf 75' lang='lat' dir='ltr'>x..</span> 
     </span>
     <span class='ocr_line' id='line_1_82' title="bbox 1208 731 2089 775; baseline 0.001 -10"><span class='ocrx_word' id='word_1_534' title='bbox 1208 733 1324 771; x_wconf 76' lang='lat' dir='ltr'>natistae</span> <span class='ocrx_word' id='word_1_535' title='bbox 1336 733 1574 766; x_wconf 84' lang='lat' dir='ltr'>verecundantur</span> <span class='ocrx_word' id='word_1_536' title='bbox 1586 731 1678 765; x_wconf 80' lang='lat' dir='ltr'>hocin</span> <span class='ocrx_word' id='word_1_537' title='bbox 1687 742 1788 774; x_wconf 84' lang='lat' dir='ltr'>aperto</span> <span class='ocrx_word' id='word_1_538' title='bbox 1799 735 1893 767; x_wconf 78' lang='lat' dir='ltr'>dicere</span> <span class='ocrx_word' id='word_1_539' title='bbox 1906 754 1922 774; x_wconf 33' lang='grc' dir='ltr'>,ν</span> <span class='ocrx_word' id='word_1_540' title='bbox 1943 736 2023 775; x_wconf 87' lang='lat' dir='ltr'>quod</span> <span class='ocrx_word' id='word_1_541' title='bbox 2030 740 2089 767; x_wconf 77' lang='lat' dir='ltr'>utt-</span> 
     </span>
     <span class='ocr_line' id='line_1_83' title="bbox 1208 783 2089 828; baseline 0.006 -14"><span class='ocrx_word' id='word_1_542' title='bbox 1208 795 1277 815; x_wconf 86' lang='lat' dir='ltr'>nam</span> <span class='ocrx_word' id='word_1_543' title='bbox 1297 789 1330 815; x_wconf 78' lang='lat' dir='ltr'>in</span> <span class='ocrx_word' id='word_1_544' title='bbox 1351 791 1450 826; x_wconf 85' lang='lat' dir='ltr'>aperto</span> <span class='ocrx_word' id='word_1_545' title='bbox 1470 788 1596 815; x_wconf 79' lang='lat' dir='ltr'>timeant</span> <span class='ocrx_word' id='word_1_546' title='bbox 1610 783 1731 824; x_wconf 84' lang='lat' dir='ltr'>facere.</span> <span class='ocrx_word' id='word_1_547' title='bbox 1760 783 1844 828; x_wconf 87' lang='lat' dir='ltr'>Agit</span> <span class='ocrx_word' id='word_1_548' title='bbox 1856 784 1897 818; x_wconf 91' lang='lat' dir='ltr'>de</span> <span class='ocrx_word' id='word_1_549' title='bbox 1916 784 2089 819; x_wconf 80' lang='lat' dir='ltr'>iteratione</span> 
     </span>
     <span class='ocr_line' id='line_1_84' title="bbox 1210 833 2091 878; baseline 0.001 -12"><span class='ocrx_word' id='word_1_550' title='bbox 1210 833 1363 876; x_wconf 84' lang='lat' dir='ltr'>Baptismi</span> <span class='ocrx_word' id='word_1_551' title='bbox 1379 858 1386 865; x_wconf 92' lang='lat'><strong>.</strong></span> <span class='ocrx_word' id='word_1_552' title='bbox 1414 833 1461 866; x_wconf 83' lang='lat' dir='ltr'>At</span> <span class='ocrx_word' id='word_1_553' title='bbox 1471 842 1596 866; x_wconf 82' lang='lat' dir='ltr'>eertum</span> <span class='ocrx_word' id='word_1_554' title='bbox 1607 833 1651 867; x_wconf 86' lang='lat' dir='ltr'>est</span> <span class='ocrx_word' id='word_1_555' title='bbox 1665 834 1854 868; x_wconf 87' lang='lat' dir='ltr'>Donatistas</span> <span class='ocrx_word' id='word_1_556' title='bbox 1876 833 1940 867; x_wconf 89' lang='lat' dir='ltr'>hoc</span> <span class='ocrx_word' id='word_1_557' title='bbox 1962 835 1995 867; x_wconf 86' lang='lat' dir='ltr'>in</span> <span class='ocrx_word' id='word_1_558' title='bbox 2009 846 2091 878; x_wconf 89' lang='lat' dir='ltr'>pun-</span> 
     </span>
     <span class='ocr_line' id='line_1_85' title="bbox 1208 883 2091 918; baseline 0.002 -2"><span class='ocrx_word' id='word_1_559' title='bbox 1208 885 1260 916; x_wconf 68' lang='lat' dir='ltr'>&amp;o</span> <span class='ocrx_word' id='word_1_560' title='bbox 1282 883 1365 917; x_wconf 88' lang='lat' dir='ltr'>nihil</span> <span class='ocrx_word' id='word_1_561' title='bbox 1388 883 1557 916; x_wconf 76' lang='lat' dir='ltr'>innovasse</span> <span class='ocrx_word' id='word_1_562' title='bbox 1576 907 1584 915; x_wconf 91' lang='lat'><strong>.</strong></span> <span class='ocrx_word' id='word_1_563' title='bbox 1614 884 1745 917; x_wconf 85' lang='lat' dir='ltr'>Etenim</span> <span class='ocrx_word' id='word_1_564' title='bbox 1766 894 1879 918; x_wconf 88' lang='lat' dir='ltr'>eorum</span> <span class='ocrx_word' id='word_1_565' title='bbox 1902 884 2091 918; x_wconf 81' lang='lat' dir='ltr'>Constanti-</span> 
     </span>
     <span class='ocr_line' id='line_1_86' title="bbox 1211 933 2088 978; baseline 0.001 -12"><span class='ocrx_word' id='word_1_566' title='bbox 1211 934 1315 967; x_wconf 85' lang='lat' dir='ltr'>nenfis</span> <span class='ocrx_word' id='word_1_567' title='bbox 1338 958 1348 974; x_wconf 92' lang='lat'>‚</span> <span class='ocrx_word' id='word_1_568' title='bbox 1385 943 1498 967; x_wconf 86' lang='lat' dir='ltr'>contra</span> <span class='ocrx_word' id='word_1_569' title='bbox 1524 944 1622 976; x_wconf 90' lang='lat' dir='ltr'>quem</span> <span class='ocrx_word' id='word_1_570' title='bbox 1647 933 1704 967; x_wconf 82' lang='lat' dir='ltr'>ista</span> <span class='ocrx_word' id='word_1_571' title='bbox 1728 933 1837 968; x_wconf 92' lang='lat' dir='ltr'>scribit</span> <span class='ocrx_word' id='word_1_572' title='bbox 1858 934 2088 978; x_wconf 85' lang='lat' dir='ltr'>Augustinus,</span> 
     </span>
     <span class='ocr_line' id='line_1_87' title="bbox 1211 982 2091 1029; baseline 0.003 -14"><span class='ocrx_word' id='word_1_573' title='bbox 1211 983 1390 1026; x_wconf 88' lang='lat' dir='ltr'>Episcopus</span> <span class='ocrx_word' id='word_1_574' title='bbox 1402 982 1582 1018; x_wconf 83' lang='lat' dir='ltr'>Petilianus</span> <span class='ocrx_word' id='word_1_575' title='bbox 1596 983 1819 1028; x_wconf 82' lang='lat' dir='ltr'>Augustinum</span> <span class='ocrx_word' id='word_1_576' title='bbox 1846 985 1950 1029; x_wconf 84' lang='lat' dir='ltr'>arguit</span> <span class='ocrx_word' id='word_1_577' title='bbox 1963 1009 1973 1022; x_wconf 92' lang='lat'><strong><em>‚</em></strong></span> <span class='ocrx_word' id='word_1_578' title='bbox 2000 983 2091 1027; x_wconf 82' lang='lat' dir='ltr'>quod</span> 
     </span>
     <span class='ocr_line' id='line_1_88' title="bbox 1207 1033 2091 1076; baseline 0.002 -10"><span class='ocrx_word' id='word_1_579' title='bbox 1207 1033 1249 1066; x_wconf 88' lang='lat' dir='ltr'>de</span> <span class='ocrx_word' id='word_1_580' title='bbox 1272 1034 1439 1076; x_wconf 84' lang='lat' dir='ltr'>Baptismo</span> <span class='ocrx_word' id='word_1_581' title='bbox 1465 1033 1562 1067; x_wconf 90' lang='lat' dir='ltr'>libros</span> <span class='ocrx_word' id='word_1_582' title='bbox 1600 1034 1815 1068; x_wconf 89' lang='lat' dir='ltr'>conscriberet</span> <span class='ocrx_word' id='word_1_583' title='bbox 1836 1059 1846 1074; x_wconf 89' lang='lat'>,</span> <span class='ocrx_word' id='word_1_584' title='bbox 1882 1036 1914 1068; x_wconf 91' lang='lat'>&amp;</span> <span class='ocrx_word' id='word_1_585' title='bbox 1938 1035 2091 1076; x_wconf 78' lang='lat' dir='ltr'>adjunxit</span> 
     </span>
     <span class='ocr_line' id='line_1_89' title="bbox 1209 1083 2092 1127; baseline 0 -12"><span class='ocrx_word' id='word_1_586' title='bbox 1209 1084 1337 1116; x_wconf 87' lang='lat' dir='ltr'>causam</span> <span class='ocrx_word' id='word_1_587' title='bbox 1360 1097 1370 1116; x_wconf 93' lang='lat'>.·</span> <span class='ocrx_word' id='word_1_588' title='bbox 1396 1085 1488 1126; x_wconf 74' lang='lat' dir='ltr'>,Quod</span> <span class='ocrx_word' id='word_1_589' title='bbox 1507 1085 1672 1116; x_wconf 79' lang='lat' dir='ltr'>ventilatur</span> <span class='ocrx_word' id='word_1_590' title='bbox 1701 1090 1734 1116; x_wconf 80' lang='lat' dir='ltr'>in</span> <span class='ocrx_word' id='word_1_591' title='bbox 1754 1085 1868 1127; x_wconf 69' lang='lat' dir='ltr'>publico</span> <span class='ocrx_word' id='word_1_592' title='bbox 1894 1097 1941 1117; x_wconf 84' lang='lat' dir='ltr'>res</span> <span class='ocrx_word' id='word_1_593' title='bbox 1955 1083 2092 1126; x_wconf 68' lang='lat' dir='ltr'>secreta.</span> 
     </span>
     <span class='ocr_line' id='line_1_90' title="bbox 1212 1131 2095 1179; baseline 0.002 -14"><span class='ocrx_word' id='word_1_594' title='bbox 1212 1131 1354 1166; x_wconf 73' lang='lat' dir='ltr'>Proinde</span> <span class='ocrx_word' id='word_1_595' title='bbox 1364 1142 1508 1175; x_wconf 88' lang='lat' dir='ltr'>apertum</span> <span class='ocrx_word' id='word_1_596' title='bbox 1523 1157 1534 1172; x_wconf 97' lang='lat'><strong><em>,</em></strong></span> <span class='ocrx_word' id='word_1_597' title='bbox 1562 1134 1594 1165; x_wconf 89' lang='lat' dir='ltr'>in</span> <span class='ocrx_word' id='word_1_598' title='bbox 1609 1144 1675 1174; x_wconf 88' lang='lat' dir='ltr'>quo</span> <span class='ocrx_word' id='word_1_599' title='bbox 1689 1134 1772 1176; x_wconf 90' lang='lat' dir='ltr'>ipsos</span> <span class='ocrx_word' id='word_1_600' title='bbox 1796 1134 1966 1176; x_wconf 77' lang='lat' dir='ltr'>baptizasse</span> <span class='ocrx_word' id='word_1_601' title='bbox 1980 1134 2095 1179; x_wconf 62' lang='lat' dir='ltr'>Augu⁴</span> 
     </span>
     <span class='ocr_line' id='line_1_91' title="bbox 1212 1182 2097 1227; baseline 0.002 -13"><span class='ocrx_word' id='word_1_602' title='bbox 1212 1182 1314 1215; x_wconf 82' lang='lat' dir='ltr'>ssinus</span> <span class='ocrx_word' id='word_1_603' title='bbox 1339 1182 1470 1221; x_wconf 89' lang='lat' dir='ltr'>scribit,</span> <span class='ocrx_word' id='word_1_604' title='bbox 1496 1192 1563 1215; x_wconf 85' lang='lat' dir='ltr'>erat</span> <span class='ocrx_word' id='word_1_605' title='bbox 1583 1184 1801 1227; x_wconf 86' lang='lat' dir='ltr'>congregatio</span> <span class='ocrx_word' id='word_1_606' title='bbox 1812 1183 1962 1216; x_wconf 86' lang='lat' dir='ltr'>omnium</span> <span class='ocrx_word' id='word_1_607' title='bbox 1989 1195 2026 1216; x_wconf 87' lang='lat' dir='ltr'>ac</span> <span class='ocrx_word' id='word_1_608' title='bbox 2048 1185 2097 1216; x_wconf 91' lang='lat' dir='ltr'>so-</span> 
     </span>
     <span class='ocr_line' id='line_1_92' title="bbox 1211 1231 2097 1276; baseline 0.002 -12"><span class='ocrx_word' id='word_1_609' title='bbox 1211 1231 1317 1265; x_wconf 89' lang='lat' dir='ltr'>lorum</span> <span class='ocrx_word' id='word_1_610' title='bbox 1342 1231 1507 1265; x_wconf 85' lang='lat' dir='ltr'>fidelium.</span> <span class='ocrx_word' id='word_1_611' title='bbox 1537 1231 1662 1265; x_wconf 85' lang='lat' dir='ltr'>Eodem</span> <span class='ocrx_word' id='word_1_612' title='bbox 1687 1232 1790 1266; x_wconf 88' lang='lat' dir='ltr'>modo</span> <span class='ocrx_word' id='word_1_613' title='bbox 1812 1232 1958 1276; x_wconf 82' lang='lat' dir='ltr'>intellige</span> <span class='ocrx_word' id='word_1_614' title='bbox 1974 1234 2097 1266; x_wconf 75' lang='lat' dir='ltr'>fastum</span> 
     </span>
     <span class='ocr_line' id='line_1_93' title="bbox 1214 1280 2098 1325; baseline -0.001 -10"><span class='ocrx_word' id='word_1_615' title='bbox 1214 1282 1302 1315; x_wconf 82' lang='lat' dir='ltr'>Petri</span> <span class='ocrx_word' id='word_1_616' title='bbox 1322 1281 1471 1325; x_wconf 86' lang='lat' dir='ltr'>Cnaphei</span> <span class='ocrx_word' id='word_1_617' title='bbox 1486 1305 1497 1321; x_wconf 91' lang='lat'>,</span> <span class='ocrx_word' id='word_1_618' title='bbox 1522 1280 1864 1315; x_wconf 61' lang='lat' dir='ltr'>Pseudo-patriarchas</span> <span class='ocrx_word' id='word_1_619' title='bbox 1877 1281 2098 1321; x_wconf 86' lang='lat' dir='ltr'>Antiocheni,</span> 
     </span>
     <span class='ocr_line' id='line_1_94' title="bbox 1212 1330 2097 1375; baseline -0.001 -10"><span class='ocrx_word' id='word_1_620' title='bbox 1212 1331 1253 1365; x_wconf 91' lang='lat' dir='ltr'>de</span> <span class='ocrx_word' id='word_1_621' title='bbox 1275 1342 1341 1373; x_wconf 88' lang='lat' dir='ltr'>quo</span> <span class='ocrx_word' id='word_1_622' title='bbox 1364 1331 1472 1375; x_wconf 83' lang='lat' dir='ltr'>passim</span> <span class='ocrx_word' id='word_1_623' title='bbox 1497 1330 1600 1363; x_wconf 80' lang='lat' dir='ltr'>Graeci</span> <span class='ocrx_word' id='word_1_624' title='bbox 1625 1333 1822 1374; x_wconf 86' lang='lat' dir='ltr'>Scriptores:</span> <span class='ocrx_word' id='word_1_625' title='bbox 1852 1335 1959 1364; x_wconf 82' lang='lat' dir='ltr'>Petrus</span> <span class='ocrx_word' id='word_1_626' title='bbox 1971 1332 2097 1368; x_wconf 69' lang='lat' dir='ltr'>instituit</span> 
     </span>
     <span class='ocr_line' id='line_1_95' title="bbox 1209 1381 2099 1425; baseline -0.002 -11"><span class='ocrx_word' id='word_1_627' title='bbox 1209 1382 1325 1424; x_wconf 84' lang='lat' dir='ltr'>sacrum</span> <span class='ocrx_word' id='word_1_628' title='bbox 1339 1390 1517 1425; x_wconf 84' lang='lat' dir='ltr'>unguentum</span> <span class='ocrx_word' id='word_1_629' title='bbox 1528 1385 1560 1413; x_wconf 86' lang='lat' dir='ltr'>in</span> <span class='ocrx_word' id='word_1_630' title='bbox 1572 1381 1696 1421; x_wconf 82' lang='lat' dir='ltr'>Ecclesia</span> <span class='ocrx_word' id='word_1_631' title='bbox 1708 1383 1805 1413; x_wconf 65' lang='lat' dir='ltr'>coram</span> <span class='ocrx_word' id='word_1_632' title='bbox 1816 1387 1894 1414; x_wconf 77' lang='lat' dir='ltr'>omni</span> <span class='ocrx_word' id='word_1_633' title='bbox 1912 1383 2020 1423; x_wconf 85' lang='lat' dir='ltr'>populo</span> <span class='ocrx_word' id='word_1_634' title='bbox 2030 1393 2099 1413; x_wconf 83' lang='lat' dir='ltr'>con-</span> 
     </span>
     <span class='ocr_line' id='line_1_96' title="bbox 1210 1429 2101 1475; baseline 0 -11"><span class='ocrx_word' id='word_1_635' title='bbox 1210 1430 1342 1474; x_wconf 82' lang='lat' dir='ltr'>secrari.</span> <span class='ocrx_word' id='word_1_636' title='bbox 1366 1431 1408 1464; x_wconf 91' lang='lat' dir='ltr'>Et</span> <span class='ocrx_word' id='word_1_637' title='bbox 1431 1430 1524 1463; x_wconf 80' lang='lat' dir='ltr'>istam</span> <span class='ocrx_word' id='word_1_638' title='bbox 1550 1429 1706 1472; x_wconf 84' lang='lat' dir='ltr'>Baptismi</span> <span class='ocrx_word' id='word_1_639' title='bbox 1732 1443 1769 1464; x_wconf 86' lang='lat' dir='ltr'>ac</span> <span class='ocrx_word' id='word_1_640' title='bbox 1784 1431 2101 1475; x_wconf 54' lang='lat' dir='ltr'>Baptist-eriioccul*</span> 
     </span>
     <span class='ocr_line' id='line_1_97' title="bbox 1213 1480 2099 1524; baseline 0.002 -11"><span class='ocrx_word' id='word_1_641' title='bbox 1213 1481 1371 1515; x_wconf 87' lang='lat' dir='ltr'>tationem</span> <span class='ocrx_word' id='word_1_642' title='bbox 1395 1480 1531 1524; x_wconf 74' lang='lat' dir='ltr'>viguisse</span> <span class='ocrx_word' id='word_1_643' title='bbox 1554 1481 1652 1514; x_wconf 71' lang='lat' dir='ltr'>etiam</span> <span class='ocrx_word' id='word_1_644' title='bbox 1676 1481 1708 1514; x_wconf 90' lang='lat' dir='ltr'>in</span> <span class='ocrx_word' id='word_1_645' title='bbox 1732 1482 1824 1515; x_wconf 87' lang='lat' dir='ltr'>ltalia</span> <span class='ocrx_word' id='word_1_646' title='bbox 1843 1505 1853 1521; x_wconf 86' lang='lat'><em>‚</em></span> <span class='ocrx_word' id='word_1_647' title='bbox 1882 1483 1965 1515; x_wconf 86' lang='lat' dir='ltr'>infra</span> <span class='ocrx_word' id='word_1_648' title='bbox 1989 1480 2099 1515; x_wconf 83' lang='lat' dir='ltr'>audie-</span> 
     </span>
     <span class='ocr_line' id='line_1_98' title="bbox 1213 1529 2101 1575; baseline 0.001 -12"><span class='ocrx_word' id='word_1_649' title='bbox 1213 1542 1284 1564; x_wconf 86' lang='lat' dir='ltr'>mus</span> <span class='ocrx_word' id='word_1_650' title='bbox 1297 1532 1315 1564; x_wconf 73' lang='grc' dir='ltr'>ὸ,</span> <span class='ocrx_word' id='word_1_651' title='bbox 1328 1531 1446 1564; x_wconf 69' lang='lat' dir='ltr'>Sancto</span> <span class='ocrx_word' id='word_1_652' title='bbox 1460 1529 1637 1564; x_wconf 80' lang='lat' dir='ltr'>Ambrofio</span> <span class='ocrx_word' id='word_1_653' title='bbox 1649 1555 1656 1562; x_wconf 92' lang='lat'><strong>.</strong></span> <span class='ocrx_word' id='word_1_654' title='bbox 1685 1531 1807 1575; x_wconf 89' lang='lat' dir='ltr'>Viguit</span> <span class='ocrx_word' id='word_1_655' title='bbox 1817 1531 1915 1566; x_wconf 83' lang='lat' dir='ltr'>etiam</span> <span class='ocrx_word' id='word_1_656' title='bbox 1935 1533 1967 1564; x_wconf 90' lang='lat' dir='ltr'>in</span> <span class='ocrx_word' id='word_1_657' title='bbox 1982 1532 2101 1566; x_wconf 74' lang='lat' dir='ltr'>Orien-</span> 
     </span>
     <span class='ocr_line' id='line_1_99' title="bbox 1213 1579 2103 1624; baseline 0 -11"><span class='ocrx_word' id='word_1_658' title='bbox 1213 1580 1270 1613; x_wconf 88' lang='lat' dir='ltr'>tali</span> <span class='ocrx_word' id='word_1_659' title='bbox 1285 1580 1425 1613; x_wconf 83' lang='lat' dir='ltr'>Ecclefia</span> <span class='ocrx_word' id='word_1_660' title='bbox 1439 1605 1446 1612; x_wconf 90' lang='lat'>.</span> <span class='ocrx_word' id='word_1_661' title='bbox 1477 1579 1609 1613; x_wconf 86' lang='lat' dir='ltr'>Etenim</span> <span class='ocrx_word' id='word_1_662' title='bbox 1625 1580 1757 1614; x_wconf 86' lang='lat' dir='ltr'>Petrum</span> <span class='ocrx_word' id='word_1_663' title='bbox 1774 1581 2008 1624; x_wconf 81' lang='lat' dir='ltr'>Apameensem</span> <span class='ocrx_word' id='word_1_664' title='bbox 2024 1581 2103 1624; x_wconf 86' lang='lat' dir='ltr'>Epi-</span> 
     </span>
     <span class='ocr_line' id='line_1_100' title="bbox 1216 1630 2102 1675; baseline -0.001 -11"><span class='ocrx_word' id='word_1_665' title='bbox 1216 1632 1373 1673; x_wconf 87' lang='lat' dir='ltr'>scopum,</span> <span class='ocrx_word' id='word_1_666' title='bbox 1401 1630 1546 1663; x_wconf 78' lang='lat' dir='ltr'>secundae</span> <span class='ocrx_word' id='word_1_667' title='bbox 1567 1631 1667 1672; x_wconf 86' lang='lat' dir='ltr'>Syriae</span> <span class='ocrx_word' id='word_1_668' title='bbox 1689 1631 1939 1673; x_wconf 85' lang='lat' dir='ltr'>Metropolitam</span> <span class='ocrx_word' id='word_1_669' title='bbox 1972 1656 1982 1671; x_wconf 92' lang='lat'>,</span> <span class='ocrx_word' id='word_1_670' title='bbox 2010 1630 2102 1675; x_wconf 72' lang='lat' dir='ltr'>quod</span> 
     </span>
     <span class='ocr_line' id='line_1_101' title="bbox 1215 1679 2104 1724; baseline 0 -11"><span class='ocrx_word' id='word_1_671' title='bbox 1215 1680 1383 1713; x_wconf 86' lang='lat' dir='ltr'>mulierem</span> <span class='ocrx_word' id='word_1_672' title='bbox 1397 1679 1677 1714; x_wconf 80' lang='lat' dir='ltr'>catechumenam</span> <span class='ocrx_word' id='word_1_673' title='bbox 1690 1681 1920 1716; x_wconf 73' lang='lat' dir='ltr'>introduxisset</span> <span class='ocrx_word' id='word_1_674' title='bbox 1943 1682 1978 1715; x_wconf 90' lang='lat' dir='ltr'>in</span> <span class='ocrx_word' id='word_1_675' title='bbox 1993 1681 2104 1724; x_wconf 85' lang='lat' dir='ltr'>Bapti-</span> 
     </span>
     <span class='ocr_line' id='line_1_102' title="bbox 1214 1730 2104 1773; baseline 0.001 -11"><span class='ocrx_word' id='word_1_676' title='bbox 1214 1730 1345 1763; x_wconf 84' lang='lat' dir='ltr'>sterium</span> <span class='ocrx_word' id='word_1_677' title='bbox 1360 1753 1370 1769; x_wconf 90' lang='lat'><strong>,</strong></span> <span class='ocrx_word' id='word_1_678' title='bbox 1395 1730 1536 1773; x_wconf 84' lang='lat' dir='ltr'>graviter</span> <span class='ocrx_word' id='word_1_679' title='bbox 1558 1730 1591 1763; x_wconf 90' lang='lat' dir='ltr'>in</span> <span class='ocrx_word' id='word_1_680' title='bbox 1616 1730 1986 1773; x_wconf 79' lang='lat' dir='ltr'>Constantinopolitana</span> <span class='ocrx_word' id='word_1_681' title='bbox 2000 1731 2104 1764; x_wconf 84' lang='lat' dir='ltr'>Men-</span> 
     </span>
     <span class='ocr_line' id='line_1_103' title="bbox 1216 1777 2106 1822; baseline 0.002 -10"><span class='ocrx_word' id='word_1_682' title='bbox 1216 1791 1262 1812; x_wconf 83' lang='lat' dir='ltr'>nae</span> <span class='ocrx_word' id='word_1_683' title='bbox 1288 1777 1482 1812; x_wconf 79' lang='lat' dir='ltr'>Patriarchae</span> <span class='ocrx_word' id='word_1_684' title='bbox 1506 1778 1644 1820; x_wconf 90' lang='lat' dir='ltr'>Synodo</span> <span class='ocrx_word' id='word_1_685' title='bbox 1665 1781 1827 1813; x_wconf 85' lang='lat' dir='ltr'>accusavit</span> <span class='ocrx_word' id='word_1_686' title='bbox 1838 1780 1977 1822; x_wconf 77' lang='lat' dir='ltr'>ejusdem</span> <span class='ocrx_word' id='word_1_687' title='bbox 1994 1779 2106 1814; x_wconf 86' lang='lat' dir='ltr'>Eccle-</span> 
     </span>
     <span class='ocr_line' id='line_1_104' title="bbox 1215 1827 2104 1870; baseline 0.002 -9"><span class='ocrx_word' id='word_1_688' title='bbox 1215 1829 1265 1862; x_wconf 79' lang='lat' dir='ltr'>fiae</span> <span class='ocrx_word' id='word_1_689' title='bbox 1279 1829 1452 1870; x_wconf 83' lang='lat' dir='ltr'>Presbyter</span> <span class='ocrx_word' id='word_1_690' title='bbox 1465 1827 1657 1860; x_wconf 85' lang='lat' dir='ltr'>Antoninus</span> <span class='ocrx_word' id='word_1_691' title='bbox 1672 1852 1678 1858; x_wconf 92' lang='lat'><em>.</em></span> <span class='ocrx_word' id='word_1_692' title='bbox 1707 1828 1815 1862; x_wconf 85' lang='lat' dir='ltr'>Antea</span> <span class='ocrx_word' id='word_1_693' title='bbox 1830 1829 1909 1862; x_wconf 89' lang='lat' dir='ltr'>item</span> <span class='ocrx_word' id='word_1_694' title='bbox 1930 1831 2104 1863; x_wconf 79' lang='lat' dir='ltr'>accusave-</span> 
     </span>
     <span class='ocr_line' id='line_1_105' title="bbox 1217 1875 2104 1920; baseline 0.001 -9"><span class='ocrx_word' id='word_1_695' title='bbox 1217 1888 1289 1912; x_wconf 88' lang='lat' dir='ltr'>rant</span> <span class='ocrx_word' id='word_1_696' title='bbox 1301 1877 1444 1920; x_wconf 77' lang='lat' dir='ltr'>ejusdem</span> <span class='ocrx_word' id='word_1_697' title='bbox 1457 1878 1612 1911; x_wconf 76' lang='lat' dir='ltr'>Dioecefis</span> <span class='ocrx_word' id='word_1_698' title='bbox 1623 1875 1916 1912; x_wconf 30' lang='lat' dir='ltr'>ArchissMandrirae</span> <span class='ocrx_word' id='word_1_699' title='bbox 1942 1880 1976 1912; x_wconf 86' lang='lat' dir='ltr'>in</span> <span class='ocrx_word' id='word_1_700' title='bbox 1992 1879 2104 1913; x_wconf 74' lang='lat' dir='ltr'>libello</span> 
     </span>
    </p>
   </div>
   <div class='ocr_carea' id='block_1_10' title="bbox 1217 1926 2105 2018">
    <p class='ocr_par' dir='ltr' id='par_1_35' title="bbox 1217 1926 2105 2018">
     <span class='ocr_line' id='line_1_106' title="bbox 1217 1926 2105 1968; baseline 0.003 -8"><span class='ocrx_word' id='word_1_701' title='bbox 1217 1927 1368 1961; x_wconf 82' lang='lat' dir='ltr'>exhibito</span> <span class='ocrx_word' id='word_1_702' title='bbox 1383 1927 1550 1968; x_wconf 84' lang='lat' dir='ltr'>Episcopis</span> <span class='ocrx_word' id='word_1_703' title='bbox 1564 1926 1845 1968; x_wconf 77' lang='lat' dir='ltr'>provincialibus,</span> <span class='ocrx_word' id='word_1_704' title='bbox 1870 1938 1908 1963; x_wconf 85' lang='lat' dir='ltr'>ac</span> <span class='ocrx_word' id='word_1_705' title='bbox 1923 1929 2047 1963; x_wconf 72' lang='lat' dir='ltr'>rursum</span> <span class='ocrx_word' id='word_1_706' title='bbox 2061 1930 2105 1964; x_wconf 78' lang='lat' dir='ltr'>le·</span> 
     </span>
     <span class='ocr_line' id='line_1_107' title="bbox 1217 1976 1628 2018; baseline 0 -9"><span class='ocrx_word' id='word_1_707' title='bbox 1217 1978 1268 2010; x_wconf 69' lang='lat' dir='ltr'>cto</span> <span class='ocrx_word' id='word_1_708' title='bbox 1283 1977 1316 2007; x_wconf 90' lang='lat' dir='ltr'>in</span> <span class='ocrx_word' id='word_1_709' title='bbox 1330 1976 1457 2009; x_wconf 84' lang='lat' dir='ltr'>laudata</span> <span class='ocrx_word' id='word_1_710' title='bbox 1475 1977 1628 2018; x_wconf 90' lang='lat' dir='ltr'>Synodo.</span> 
     </span>
    </p>
   </div>
   <div class='ocr_carea' id='block_1_11' title="bbox 1210 2025 2284 3378">
    <p class='ocr_par' dir='ltr' id='par_1_36' title="bbox 1220 2025 2137 2223">
     <span class='ocr_line' id='line_1_108' title="bbox 1268 2025 2106 2075; baseline 0.011 -18"><span class='ocrx_word' id='word_1_711' title='bbox 1268 2025 1362 2058; x_wconf 82' lang='lat' dir='ltr'>Istius</span> <span class='ocrx_word' id='word_1_712' title='bbox 1376 2026 1608 2061; x_wconf 88' lang='lat' dir='ltr'>occultationis</span> <span class='ocrx_word' id='word_1_713' title='bbox 1619 2027 1760 2064; x_wconf 85' lang='lat' dir='ltr'>radicem</span> <span class='ocrx_word' id='word_1_714' title='bbox 1773 2031 1808 2065; x_wconf 76' lang='grc' dir='ltr'>ὃς</span> <span class='ocrx_word' id='word_1_715' title='bbox 1818 2031 1951 2075; x_wconf 77' lang='lat' dir='ltr'>scopum</span> <span class='ocrx_word' id='word_1_716' title='bbox 1970 2033 2106 2067; x_wconf 71' lang='lat' dir='ltr'>Sanc‘ius</span> 
     </span>
     <span class='ocr_line' id='line_1_109' title="bbox 1220 2073 2105 2125; baseline 0.011 -18"><span class='ocrx_word' id='word_1_717' title='bbox 1220 2073 1425 2119; x_wconf 85' lang='lat' dir='ltr'>Augustinus</span> <span class='ocrx_word' id='word_1_718' title='bbox 1447 2077 1585 2119; x_wconf 85' lang='lat' dir='ltr'>exponit</span> <span class='ocrx_word' id='word_1_719' title='bbox 1606 2078 1642 2111; x_wconf 87' lang='lat' dir='ltr'>in</span> <span class='ocrx_word' id='word_1_720' title='bbox 1665 2079 1873 2115; x_wconf 63' lang='lat' dir='ltr'>Tractat-ibus</span> <span class='ocrx_word' id='word_1_721' title='bbox 1892 2083 1982 2125; x_wconf 86' lang='lat' dir='ltr'>snper</span> <span class='ocrx_word' id='word_1_722' title='bbox 1994 2083 2105 2117; x_wconf 74' lang='lat' dir='ltr'>Sanffl</span> 
     </span>
     <span class='ocr_line' id='line_1_110' title="bbox 1220 2125 2106 2177; baseline 0.01 -19"><span class='ocrx_word' id='word_1_723' title='bbox 1220 2125 1354 2168; x_wconf 83' lang='lat' dir='ltr'>Joannis</span> <span class='ocrx_word' id='word_1_724' title='bbox 1380 2125 1599 2170; x_wconf 85' lang='lat' dir='ltr'>Evangelium</span> <span class='ocrx_word' id='word_1_725' title='bbox 1621 2152 1629 2159; x_wconf 89' lang='lat'>.</span> <span class='ocrx_word' id='word_1_726' title='bbox 1669 2129 1817 2176; x_wconf 69' lang='lat' dir='ltr'>Quidam</span> <span class='ocrx_word' id='word_1_727' title='bbox 1845 2132 1955 2166; x_wconf 85' lang='lat' dir='ltr'>fideles</span> <span class='ocrx_word' id='word_1_728' title='bbox 1975 2141 2106 2177; x_wconf 78' lang='lat' dir='ltr'>propter</span> 
     </span>
     <span class='ocr_line' id='line_1_111' title="bbox 1221 2175 2137 2223; baseline 0.012 -16"><span class='ocrx_word' id='word_1_729' title='bbox 1221 2175 1360 2208; x_wconf 88' lang='lat' dir='ltr'>Domini</span> <span class='ocrx_word' id='word_1_730' title='bbox 1384 2177 1514 2210; x_wconf 90' lang='lat' dir='ltr'>verbum</span> <span class='ocrx_word' id='word_1_731' title='bbox 1528 2201 1539 2216; x_wconf 91' lang='lat'><strong>,</strong></span> <span class='ocrx_word' id='word_1_732' title='bbox 1565 2177 1669 2212; x_wconf 82' lang='lat' dir='ltr'>Adhuc</span> <span class='ocrx_word' id='word_1_733' title='bbox 1686 2180 1778 2213; x_wconf 86' lang='lat' dir='ltr'>multa</span> <span class='ocrx_word' id='word_1_734' title='bbox 1789 2181 1879 2215; x_wconf 79' lang='lat' dir='ltr'>babeo</span> <span class='ocrx_word' id='word_1_735' title='bbox 1892 2182 1976 2216; x_wconf 74' lang='lat' dir='ltr'>vobis</span> <span class='ocrx_word' id='word_1_736' title='bbox 1989 2186 2105 2223; x_wconf 78' lang='lat' dir='ltr'>dicere,</span> <span class='ocrx_word' id='word_1_737' title='bbox 2123 2207 2137 2218; x_wconf 77' lang='lat'><strong>.</strong></span> 
     </span>
    </p>

    <p class='ocr_par' dir='ltr' id='par_1_37' title="bbox 1210 2221 2284 3323">
     <span class='ocr_line' id='line_1_112' title="bbox 1216 2221 2106 2279; baseline 0.01 -22"><span class='ocrx_word' id='word_1_738' title='bbox 1216 2221 1237 2267; x_wconf 82' lang='lat' dir='ltr'><strong><em>s</em></strong></span> <span class='ocrx_word' id='word_1_739' title='bbox 1233 2226 1272 2258; x_wconf 85' lang='lat' dir='ltr'>ed</span> <span class='ocrx_word' id='word_1_740' title='bbox 1277 2225 1344 2268; x_wconf 64' lang='lat' dir='ltr'>finon</span> <span class='ocrx_word' id='word_1_741' title='bbox 1352 2226 1469 2266; x_wconf 78' lang='lat' dir='ltr'>potestis</span> <span class='ocrx_word' id='word_1_742' title='bbox 1476 2235 1600 2267; x_wconf 84' lang='lat' dir='ltr'>portare</span> <span class='ocrx_word' id='word_1_743' title='bbox 1611 2232 1695 2263; x_wconf 79' lang='lat' dir='ltr'>modo</span> <span class='ocrx_word' id='word_1_744' title='bbox 1705 2255 1716 2271; x_wconf 92' lang='lat'>‚</span> <span class='ocrx_word' id='word_1_745' title='bbox 1739 2243 1806 2265; x_wconf 93' lang='lat' dir='ltr'>non</span> <span class='ocrx_word' id='word_1_746' title='bbox 1825 2231 1986 2267; x_wconf 86' lang='lat' dir='ltr'>audebant</span> <span class='ocrx_word' id='word_1_747' title='bbox 1998 2236 2106 2279; x_wconf 83' lang='lat' dir='ltr'>legere</span> 
     </span>
     <span class='ocr_line' id='line_1_113' title="bbox 1221 2275 2106 2317; baseline 0.01 -10"><span class='ocrx_word' id='word_1_748' title='bbox 1221 2275 1321 2309; x_wconf 86' lang='lat' dir='ltr'>sacras</span> <span class='ocrx_word' id='word_1_749' title='bbox 1347 2275 1503 2309; x_wconf 77' lang='lat' dir='ltr'>Litteras·</span> <span class='ocrx_word' id='word_1_750' title='bbox 1532 2277 1588 2311; x_wconf 84' lang='lat' dir='ltr'>Ad</span> <span class='ocrx_word' id='word_1_751' title='bbox 1612 2278 1672 2312; x_wconf 90' lang='lat' dir='ltr'>hos</span> <span class='ocrx_word' id='word_1_752' title='bbox 1699 2280 1754 2314; x_wconf 87' lang='lat' dir='ltr'>ille</span> <span class='ocrx_word' id='word_1_753' title='bbox 1775 2280 1934 2316; x_wconf 85' lang='lat' dir='ltr'>declamat</span> <span class='ocrx_word' id='word_1_754' title='bbox 1956 2297 1967 2317; x_wconf 87' lang='lat'><em>:</em></span> <span class='ocrx_word' id='word_1_755' title='bbox 1993 2288 2106 2317; x_wconf 76' lang='lat' dir='ltr'>Omnia</span> 
     </span>
     <span class='ocr_line' id='line_1_114' title="bbox 1219 2324 2284 2376; baseline 0.016 -21"><span class='ocrx_word' id='word_1_756' title='bbox 1219 2325 1353 2366; x_wconf 71' lang='lat' dir='ltr'>quaeposs</span> <span class='ocrx_word' id='word_1_757' title='bbox 1367 2324 1579 2368; x_wconf 68' lang='lat' dir='ltr'>adscensionem</span> <span class='ocrx_word' id='word_1_758' title='bbox 1594 2331 1715 2363; x_wconf 69' lang='lat' dir='ltr'>Domini</span> <span class='ocrx_word' id='word_1_759' title='bbox 1734 2335 1885 2364; x_wconf 76' lang='lat' dir='ltr'>Canonrca</span> <span class='ocrx_word' id='word_1_760' title='bbox 1908 2340 2037 2367; x_wconf 83' lang='lat' dir='ltr'>verltate</span> <span class='ocrx_word' id='word_1_761' title='bbox 2057 2343 2104 2368; x_wconf 85' lang='lat' dir='ltr'>at·</span> <span class='ocrx_word' id='word_1_762' title='bbox 2127 2339 2223 2371; x_wconf 68' lang='lat' dir='ltr'>Trast.</span> <span class='ocrx_word' id='word_1_763' title='bbox 2234 2344 2284 2376; x_wconf 82' lang='lat'>96.</span> 
     </span>
     <span class='ocr_line' id='line_1_115' title="bbox 1219 2375 2105 2423; baseline 0.014 -18"><span class='ocrx_word' id='word_1_764' title='bbox 1219 2386 1272 2416; x_wconf 82' lang='lat' dir='ltr'>que</span> <span class='ocrx_word' id='word_1_765' title='bbox 1284 2375 1465 2409; x_wconf 82' lang='lat' dir='ltr'>authoritate</span> <span class='ocrx_word' id='word_1_766' title='bbox 1476 2375 1638 2419; x_wconf 81' lang='lat' dir='ltr'>conscripta</span> <span class='ocrx_word' id='word_1_767' title='bbox 1644 2378 1718 2421; x_wconf 82' lang='lat' dir='ltr'>funt</span> <span class='ocrx_word' id='word_1_768' title='bbox 1729 2405 1741 2420; x_wconf 89' lang='lat'><em>,</em></span> <span class='ocrx_word' id='word_1_769' title='bbox 1767 2388 1832 2423; x_wconf 81' lang='lat' dir='ltr'>quis</span> <span class='ocrx_word' id='word_1_770' title='bbox 1850 2381 1949 2423; x_wconf 70' lang='lat' dir='ltr'>fidelis</span> <span class='ocrx_word' id='word_1_771' title='bbox 1965 2410 1974 2423; x_wconf 90' lang='lat'>‚</span> <span class='ocrx_word' id='word_1_772' title='bbox 2001 2386 2054 2419; x_wconf 86' lang='lat' dir='ltr'>vel</span> <span class='ocrx_word' id='word_1_773' title='bbox 2063 2393 2105 2418; x_wconf 86' lang='lat' dir='ltr'>et-</span> 
     </span>
     <span class='ocr_line' id='line_1_116' title="bbox 1221 2424 2103 2473; baseline 0.015 -18"><span class='ocrx_word' id='word_1_774' title='bbox 1221 2431 1282 2456; x_wconf 81' lang='lat' dir='ltr'>iam</span> <span class='ocrx_word' id='word_1_775' title='bbox 1293 2424 1529 2460; x_wconf 78' lang='lat' dir='ltr'>Catechumenus</span> <span class='ocrx_word' id='word_1_776' title='bbox 1541 2452 1551 2467; x_wconf 93' lang='lat'><em>‚</em></span> <span class='ocrx_word' id='word_1_777' title='bbox 1578 2439 1739 2471; x_wconf 85' lang='lat' dir='ltr'>antequam</span> <span class='ocrx_word' id='word_1_778' title='bbox 1747 2434 1766 2463; x_wconf 87' lang='lat'><em>5</em></span> <span class='ocrx_word' id='word_1_779' title='bbox 1763 2438 1889 2473; x_wconf 74' lang='lat' dir='ltr'>piritum</span> <span class='ocrx_word' id='word_1_780' title='bbox 1902 2436 1921 2465; x_wconf 86' lang='lat'>5</span> <span class='ocrx_word' id='word_1_781' title='bbox 1922 2436 2043 2468; x_wconf 70' lang='lat' dir='ltr'>anllum</span> <span class='ocrx_word' id='word_1_782' title='bbox 2054 2435 2103 2468; x_wconf 85' lang='lat' dir='ltr'>ba-</span> 
     </span>
     <span class='ocr_line' id='line_1_117' title="bbox 1215 2479 2103 2527; baseline 0.016 -22"><span class='ocrx_word' id='word_1_783' title='bbox 1215 2479 1350 2515; x_wconf 82' lang='lat' dir='ltr'>ptizatus</span> <span class='ocrx_word' id='word_1_784' title='bbox 1362 2481 1488 2517; x_wconf 76' lang='lat' dir='ltr'>accipiat</span> <span class='ocrx_word' id='word_1_785' title='bbox 1498 2501 1508 2516; x_wconf 88' lang='lat'>,</span> <span class='ocrx_word' id='word_1_786' title='bbox 1539 2490 1598 2510; x_wconf 90' lang='lat' dir='ltr'>non</span> <span class='ocrx_word' id='word_1_787' title='bbox 1609 2490 1692 2521; x_wconf 84' lang='lat' dir='ltr'>aequo</span> <span class='ocrx_word' id='word_1_788' title='bbox 1704 2486 1802 2514; x_wconf 81' lang='lat' dir='ltr'>anlmo</span> <span class='ocrx_word' id='word_1_789' title='bbox 1812 2484 1882 2526; x_wconf 78' lang='lat' dir='ltr'>leglt</span> <span class='ocrx_word' id='word_1_790' title='bbox 1891 2494 1981 2527; x_wconf 81' lang='lat' dir='ltr'>atque</span> <span class='ocrx_word' id='word_1_791' title='bbox 1993 2486 2079 2518; x_wconf 74' lang='lat' dir='ltr'>audie</span> <span class='ocrx_word' id='word_1_792' title='bbox 2091 2509 2103 2525; x_wconf 83' lang='lat'>‚</span> 
     </span>
     <span class='ocr_line' id='line_1_118' title="bbox 1218 2522 2104 2578; baseline 0.012 -21"><span class='ocrx_word' id='word_1_793' title='bbox 1218 2522 1334 2564; x_wconf 75' lang='lat' dir='ltr'>etiamsi</span> <span class='ocrx_word' id='word_1_794' title='bbox 1343 2528 1471 2558; x_wconf 87' lang='lat' dir='ltr'>nondum</span> <span class='ocrx_word' id='word_1_795' title='bbox 1483 2550 1493 2566; x_wconf 90' lang='lat'>‚</span> <span class='ocrx_word' id='word_1_796' title='bbox 1515 2526 1588 2567; x_wconf 81' lang='lat' dir='ltr'>ficut</span> <span class='ocrx_word' id='word_1_797' title='bbox 1611 2537 1722 2571; x_wconf 88' lang='lat' dir='ltr'>oportet</span> <span class='ocrx_word' id='word_1_798' title='bbox 1735 2555 1746 2571; x_wconf 95' lang='lat'>,</span> <span class='ocrx_word' id='word_1_799' title='bbox 1772 2528 1950 2576; x_wconf 78' lang='lat' dir='ltr'>intelligat?</span> <span class='ocrx_word' id='word_1_800' title='bbox 1977 2538 2104 2578; x_wconf 77' lang='lat' dir='ltr'>,Quomo-</span> 
     </span>
     <span class='ocr_line' id='line_1_119' title="bbox 1218 2575 2104 2624; baseline 0.015 -19"><span class='ocrx_word' id='word_1_801' title='bbox 1218 2575 1255 2606; x_wconf 88' lang='lat' dir='ltr'>do</span> <span class='ocrx_word' id='word_1_802' title='bbox 1265 2577 1332 2618; x_wconf 79' lang='lat' dir='ltr'>ergo</span> <span class='ocrx_word' id='word_1_803' title='bbox 1347 2577 1465 2618; x_wconf 75' lang='lat' dir='ltr'>aliquid</span> <span class='ocrx_word' id='word_1_804' title='bbox 1475 2588 1569 2609; x_wconf 87' lang='lat' dir='ltr'>eorum</span> <span class='ocrx_word' id='word_1_805' title='bbox 1580 2603 1591 2620; x_wconf 89' lang='lat'>,</span> <span class='ocrx_word' id='word_1_806' title='bbox 1617 2590 1684 2620; x_wconf 86' lang='lat' dir='ltr'>quae</span> <span class='ocrx_word' id='word_1_807' title='bbox 1691 2581 1754 2622; x_wconf 65' lang='lat' dir='ltr'>pol}</span> <span class='ocrx_word' id='word_1_808' title='bbox 1767 2581 1980 2624; x_wconf 81' lang='lat' dir='ltr'>Adscenfionem</span> <span class='ocrx_word' id='word_1_809' title='bbox 2004 2588 2104 2618; x_wconf 71' lang='lat' dir='ltr'>Domi·</span> 
     </span>
     <span class='ocr_line' id='line_1_120' title="bbox 1219 2622 2104 2675; baseline 0.014 -20"><span class='ocrx_word' id='word_1_810' title='bbox 1219 2625 1253 2656; x_wconf 75' lang='lat' dir='ltr'>nl</span> <span class='ocrx_word' id='word_1_811' title='bbox 1270 2622 1381 2666; x_wconf 77' lang='lat' dir='ltr'>scripta</span> <span class='ocrx_word' id='word_1_812' title='bbox 1397 2623 1493 2667; x_wconf 87' lang='lat' dir='ltr'>sunt,</span> <span class='ocrx_word' id='word_1_813' title='bbox 1520 2638 1577 2660; x_wconf 86' lang='lat' dir='ltr'>non</span> <span class='ocrx_word' id='word_1_814' title='bbox 1594 2630 1708 2671; x_wconf 86' lang='lat' dir='ltr'>possunt</span> <span class='ocrx_word' id='word_1_815' title='bbox 1721 2630 1806 2671; x_wconf 82' lang='lat' dir='ltr'>ferre</span> <span class='ocrx_word' id='word_1_816' title='bbox 1827 2631 1983 2675; x_wconf 70' lang='lat' dir='ltr'>discipuli,</span> <span class='ocrx_word' id='word_1_817' title='bbox 2012 2641 2104 2667; x_wconf 72' lang='lat' dir='ltr'>ettam</span> 
     </span>
     <span class='ocr_line' id='line_1_121' title="bbox 1218 2672 2103 2720; baseline 0.011 -15"><span class='ocrx_word' id='word_1_818' title='bbox 1218 2675 1345 2706; x_wconf 88' lang='lat' dir='ltr'>nondum</span> <span class='ocrx_word' id='word_1_819' title='bbox 1363 2672 1416 2714; x_wconf 64' lang='lat' dir='ltr'>fibi·</span> <span class='ocrx_word' id='word_1_820' title='bbox 1437 2677 1516 2719; x_wconf 77' lang='lat' dir='ltr'>miffo</span> <span class='ocrx_word' id='word_1_821' title='bbox 1537 2680 1651 2719; x_wconf 71' lang='lat' dir='ltr'>spiritu</span> <span class='ocrx_word' id='word_1_822' title='bbox 1670 2681 1799 2720; x_wconf 76' lang='lat' dir='ltr'>Sanc‘lo,</span> <span class='ocrx_word' id='word_1_823' title='bbox 1825 2683 1889 2713; x_wconf 70' lang='lat' dir='ltr'>cum</span> <span class='ocrx_word' id='word_1_824' title='bbox 1913 2689 2011 2714; x_wconf 75' lang='lat' dir='ltr'>omnia</span> <span class='ocrx_word' id='word_1_825' title='bbox 2028 2694 2103 2716; x_wconf 86' lang='lat' dir='ltr'>nunc</span> 
     </span>
     <span class='ocr_line' id='line_1_122' title="bbox 1210 2723 2101 2771; baseline 0.011 -15"><span class='ocrx_word' id='word_1_826' title='bbox 1210 2723 1321 2764; x_wconf 85' lang='lat' dir='ltr'>ferant</span> <span class='ocrx_word' id='word_1_827' title='bbox 1343 2725 1552 2759; x_wconf 73' lang='lat' dir='ltr'>catechumene</span> <span class='ocrx_word' id='word_1_828' title='bbox 1575 2730 1705 2760; x_wconf 89' lang='lat' dir='ltr'>nondum</span> <span class='ocrx_word' id='word_1_829' title='bbox 1727 2738 1839 2770; x_wconf 84' lang='lat' dir='ltr'>accepto</span> <span class='ocrx_word' id='word_1_830' title='bbox 1850 2733 1963 2771; x_wconf 71' lang='lat' dir='ltr'>spiritu</span> <span class='ocrx_word' id='word_1_831' title='bbox 1973 2732 2101 2766; x_wconf 65' lang='lat' dir='ltr'>Sancto?</span> 
     </span>
     <span class='ocr_line' id='line_1_123' title="bbox 1218 2772 2100 2823; baseline 0.015 -20"><span class='ocrx_word' id='word_1_832' title='bbox 1218 2775 1301 2815; x_wconf 74' lang='lat' dir='ltr'>‚Qula</span> <span class='ocrx_word' id='word_1_833' title='bbox 1324 2772 1375 2814; x_wconf 74' lang='lat' dir='ltr'>etsi</span> <span class='ocrx_word' id='word_1_834' title='bbox 1399 2786 1456 2807; x_wconf 85' lang='lat' dir='ltr'>non</span> <span class='ocrx_word' id='word_1_835' title='bbox 1478 2781 1520 2807; x_wconf 81' lang='lat' dir='ltr'>eis</span> <span class='ocrx_word' id='word_1_836' title='bbox 1539 2775 1673 2816; x_wconf 80' lang='lat' dir='ltr'>fidelium</span> <span class='ocrx_word' id='word_1_837' title='bbox 1699 2781 1890 2812; x_wconf 80' lang='lat' dir='ltr'>sacramenta</span> <span class='ocrx_word' id='word_1_838' title='bbox 1907 2783 2100 2823; x_wconf 85' lang='lat' dir='ltr'>produntur,</span> 
     </span>
     <span class='ocr_line' id='line_1_124' title="bbox 1219 2823 2103 2872; baseline 0.014 -18"><span class='ocrx_word' id='word_1_839' title='bbox 1219 2835 1276 2855; x_wconf 87' lang='lat' dir='ltr'>non</span> <span class='ocrx_word' id='word_1_840' title='bbox 1297 2824 1361 2855; x_wconf 74' lang='lat' dir='ltr'>ideo</span> <span class='ocrx_word' id='word_1_841' title='bbox 1379 2823 1418 2865; x_wconf 83' lang='lat' dir='ltr'>fit</span> <span class='ocrx_word' id='word_1_842' title='bbox 1441 2826 1520 2866; x_wconf 68' lang='lat' dir='ltr'>quod</span> <span class='ocrx_word' id='word_1_843' title='bbox 1540 2836 1575 2857; x_wconf 86' lang='lat' dir='ltr'>ea</span> <span class='ocrx_word' id='word_1_844' title='bbox 1587 2825 1674 2866; x_wconf 84' lang='lat' dir='ltr'>ferre</span> <span class='ocrx_word' id='word_1_845' title='bbox 1684 2839 1742 2860; x_wconf 92' lang='lat' dir='ltr'>non</span> <span class='ocrx_word' id='word_1_846' title='bbox 1748 2828 1868 2869; x_wconf 74' lang='lat' dir='ltr'>poffint,</span> <span class='ocrx_word' id='word_1_847' title='bbox 1891 2830 1950 2872; x_wconf 84' lang='lat' dir='ltr'>sed</span> <span class='ocrx_word' id='word_1_848' title='bbox 1958 2841 1992 2864; x_wconf 86' lang='lat' dir='ltr'>ut</span> <span class='ocrx_word' id='word_1_849' title='bbox 2010 2833 2050 2865; x_wconf 84' lang='lat' dir='ltr'>ab</span> <span class='ocrx_word' id='word_1_850' title='bbox 2059 2839 2103 2866; x_wconf 85' lang='lat' dir='ltr'>e1&#39;s</span> 
     </span>
     <span class='ocr_line' id='line_1_125' title="bbox 1218 2875 2103 2923; baseline 0.012 -19"><span class='ocrx_word' id='word_1_851' title='bbox 1218 2875 1303 2905; x_wconf 77' lang='lat' dir='ltr'>tamo</span> <span class='ocrx_word' id='word_1_852' title='bbox 1325 2875 1479 2906; x_wconf 77' lang='lat' dir='ltr'>ardentius</span> <span class='ocrx_word' id='word_1_853' title='bbox 1503 2875 1756 2919; x_wconf 74' lang='lat' dir='ltr'>concupiscantur:</span> <span class='ocrx_word' id='word_1_854' title='bbox 1783 2882 1896 2923; x_wconf 75' lang='lat' dir='ltr'>quanto</span> <span class='ocrx_word' id='word_1_855' title='bbox 1919 2887 1961 2913; x_wconf 78' lang='lat' dir='ltr'>elr</span> <span class='ocrx_word' id='word_1_856' title='bbox 1982 2881 2103 2915; x_wconf 82' lang='lat' dir='ltr'>honora-</span> 
     </span>
     <span class='ocr_line' id='line_1_126' title="bbox 1219 2922 2104 2967; baseline 0.012 -13"><span class='ocrx_word' id='word_1_857' title='bbox 1219 2922 1306 2956; x_wconf 68' lang='lat' dir='ltr'>bilius</span> <span class='ocrx_word' id='word_1_858' title='bbox 1326 2924 1504 2956; x_wconf 77' lang='lat' dir='ltr'>occultantur</span> <span class='ocrx_word' id='word_1_859' title='bbox 1517 2950 1525 2958; x_wconf 91' lang='lat'><em>.</em></span> <span class='ocrx_word' id='word_1_860' title='bbox 1552 2925 1595 2959; x_wconf 90' lang='lat' dir='ltr'>Et</span> <span class='ocrx_word' id='word_1_861' title='bbox 1617 2928 1651 2959; x_wconf 90' lang='lat' dir='ltr'>in</span> <span class='ocrx_word' id='word_1_862' title='bbox 1674 2928 1822 2962; x_wconf 88' lang='lat' dir='ltr'>sermone</span> <span class='ocrx_word' id='word_1_863' title='bbox 1833 2930 1873 2963; x_wconf 90' lang='lat' dir='ltr'>de</span> <span class='ocrx_word' id='word_1_864' title='bbox 1884 2931 2025 2967; x_wconf 88' lang='lat' dir='ltr'>Domini</span> <span class='ocrx_word' id='word_1_865' title='bbox 2040 2943 2104 2967; x_wconf 87' lang='lat' dir='ltr'>vet-</span> 
     </span>
     <span class='ocr_line' id='line_1_127' title="bbox 1221 2972 2259 3022; baseline 0.006 -15"><span class='ocrx_word' id='word_1_866' title='bbox 1221 2974 1268 3007; x_wconf 85' lang='lat' dir='ltr'>bis</span> <span class='ocrx_word' id='word_1_867' title='bbox 1280 2972 1440 3007; x_wconf 84' lang='lat' dir='ltr'>declamat</span> <span class='ocrx_word' id='word_1_868' title='bbox 1451 2973 1490 3007; x_wconf 83' lang='lat' dir='ltr'>ad</span> <span class='ocrx_word' id='word_1_869' title='bbox 1501 2976 1763 3012; x_wconf 87' lang='lat' dir='ltr'>Catechumenos</span> <span class='ocrx_word' id='word_1_870' title='bbox 1774 3003 1781 3011; x_wconf 92' lang='lat'><strong>.</strong></span> <span class='ocrx_word' id='word_1_871' title='bbox 1809 2982 1853 3012; x_wconf 87' lang='lat' dir='ltr'>Tu</span> <span class='ocrx_word' id='word_1_872' title='bbox 1867 2981 2103 3016; x_wconf 82' lang='lat' dir='ltr'>Catecbumenus</span> <span class='ocrx_word' id='word_1_873' title='bbox 2123 2984 2259 3022; x_wconf 76' lang='lat' dir='ltr'>Serm46.</span> 
     </span>
     <span class='ocr_line' id='line_1_128' title="bbox 1220 3024 2238 3073; baseline 0.013 -19"><span class='ocrx_word' id='word_1_874' title='bbox 1220 3025 1323 3055; x_wconf 80' lang='lat' dir='ltr'>diceris</span> <span class='ocrx_word' id='word_1_875' title='bbox 1338 3025 1467 3056; x_wconf 68' lang='lat' dir='ltr'>Audiens</span> <span class='ocrx_word' id='word_1_876' title='bbox 1480 3049 1491 3064; x_wconf 95' lang='lat'>,</span> <span class='ocrx_word' id='word_1_877' title='bbox 1518 3027 1551 3058; x_wconf 62' lang='grc'>6·</span> <span class='ocrx_word' id='word_1_878' title='bbox 1567 3024 1678 3069; x_wconf 84' lang='lat' dir='ltr'>surdus</span> <span class='ocrx_word' id='word_1_879' title='bbox 1691 3038 1721 3060; x_wconf 84' lang='lat' dir='ltr'>es</span> <span class='ocrx_word' id='word_1_880' title='bbox 1733 3052 1740 3059; x_wconf 93' lang='lat'><strong><em>.</em></strong></span> <span class='ocrx_word' id='word_1_881' title='bbox 1769 3028 1868 3062; x_wconf 73' lang='lat' dir='ltr'>Aures¹</span> <span class='ocrx_word' id='word_1_882' title='bbox 1880 3037 1960 3063; x_wconf 81' lang='lat' dir='ltr'>enim</span> <span class='ocrx_word' id='word_1_883' title='bbox 1976 3039 2103 3073; x_wconf 84' lang='lat' dir='ltr'>corporis</span> <span class='ocrx_word' id='word_1_884' title='bbox 2123 3032 2189 3062; x_wconf 67' lang='lat'>⁰²9·</span> <span class='ocrx_word' id='word_1_885' title='bbox 2213 3036 2238 3055; x_wconf 82' lang='lat'>²·</span> 
     </span>
     <span class='ocr_line' id='line_1_129' title="bbox 1217 3072 2100 3124; baseline 0.01 -19"><span class='ocrx_word' id='word_1_886' title='bbox 1217 3082 1357 3115; x_wconf 77' lang='lat' dir='ltr'>patenter</span> <span class='ocrx_word' id='word_1_887' title='bbox 1381 3072 1474 3108; x_wconf 82' lang='lat' dir='ltr'>habes</span> <span class='ocrx_word' id='word_1_888' title='bbox 1489 3097 1499 3113; x_wconf 94' lang='lat'>,</span> <span class='ocrx_word' id='word_1_889' title='bbox 1524 3082 1595 3118; x_wconf 85' lang='lat' dir='ltr'>qula</span> <span class='ocrx_word' id='word_1_890' title='bbox 1617 3077 1711 3110; x_wconf 84' lang='lat' dir='ltr'>verba</span> <span class='ocrx_word' id='word_1_891' title='bbox 1731 3090 1798 3120; x_wconf 85' lang='lat' dir='ltr'>quae</span> <span class='ocrx_word' id='word_1_892' title='bbox 1819 3079 1978 3123; x_wconf 69' lang='lat' dir='ltr'>dic‘lasunt</span> <span class='ocrx_word' id='word_1_893' title='bbox 1989 3084 2100 3124; x_wconf 84' lang='lat' dir='ltr'>audis,</span> 
     </span>
     <span class='ocr_line' id='line_1_130' title="bbox 1217 3122 2104 3173; baseline 0.01 -18"><span class='ocrx_word' id='word_1_894' title='bbox 1217 3122 1275 3166; x_wconf 84' lang='lat' dir='ltr'>sed</span> <span class='ocrx_word' id='word_1_895' title='bbox 1296 3134 1383 3156; x_wconf 88' lang='lat' dir='ltr'>aures</span> <span class='ocrx_word' id='word_1_896' title='bbox 1405 3125 1502 3157; x_wconf 77' lang='lat' dir='ltr'>cordis</span> <span class='ocrx_word' id='word_1_897' title='bbox 1522 3126 1618 3159; x_wconf 84' lang='lat' dir='ltr'>adbuc</span> <span class='ocrx_word' id='word_1_898' title='bbox 1627 3127 1742 3170; x_wconf 79' lang='lat' dir='ltr'>clausas</span> <span class='ocrx_word' id='word_1_899' title='bbox 1753 3127 1845 3163; x_wconf 86' lang='lat' dir='ltr'>babes</span> <span class='ocrx_word' id='word_1_900' title='bbox 1855 3155 1866 3170; x_wconf 94' lang='lat'>‚</span> <span class='ocrx_word' id='word_1_901' title='bbox 1892 3135 1960 3173; x_wconf 79' lang='lat' dir='ltr'>quia</span> <span class='ocrx_word' id='word_1_902' title='bbox 1971 3133 2050 3173; x_wconf 82' lang='lat' dir='ltr'>quod</span> <span class='ocrx_word' id='word_1_903' title='bbox 2060 3134 2104 3165; x_wconf 75' lang='lat' dir='ltr'>dt-</span> 
     </span>
     <span class='ocr_line' id='line_1_131' title="bbox 1222 3172 2102 3221; baseline 0.011 -16"><span class='ocrx_word' id='word_1_904' title='bbox 1222 3174 1299 3206; x_wconf 67' lang='lat' dir='ltr'>Hum</span> <span class='ocrx_word' id='word_1_905' title='bbox 1321 3172 1359 3213; x_wconf 85' lang='lat' dir='ltr'>est</span> <span class='ocrx_word' id='word_1_906' title='bbox 1381 3173 1609 3218; x_wconf 74' lang='lat' dir='ltr'>nonc&#39;ntelligts.</span> <span class='ocrx_word' id='word_1_907' title='bbox 1637 3181 1714 3210; x_wconf 82' lang='lat' dir='ltr'>Ecce</span> <span class='ocrx_word' id='word_1_908' title='bbox 1726 3178 1842 3221; x_wconf 69' lang='lat' dir='ltr'>Pascha</span> <span class='ocrx_word' id='word_1_909' title='bbox 1851 3180 1889 3219; x_wconf 86' lang='lat' dir='ltr'>est</span> <span class='ocrx_word' id='word_1_910' title='bbox 1901 3204 1912 3220; x_wconf 90' lang='lat'>‚</span> <span class='ocrx_word' id='word_1_911' title='bbox 1938 3182 1979 3213; x_wconf 90' lang='lat' dir='ltr'>da</span> <span class='ocrx_word' id='word_1_912' title='bbox 1998 3193 2102 3217; x_wconf 85' lang='lat' dir='ltr'>nomen</span> 
     </span>
     <span class='ocr_line' id='line_1_132' title="bbox 1223 3222 2103 3271; baseline 0.01 -15"><span class='ocrx_word' id='word_1_913' title='bbox 1223 3225 1266 3256; x_wconf 86' lang='lat' dir='ltr'>ad</span> <span class='ocrx_word' id='word_1_914' title='bbox 1285 3222 1496 3266; x_wconf 68' lang='lat' dir='ltr'>Baptismum.</span> <span class='ocrx_word' id='word_1_915' title='bbox 1524 3228 1556 3257; x_wconf 74' lang='lat' dir='ltr'>st</span> <span class='ocrx_word' id='word_1_916' title='bbox 1578 3237 1635 3258; x_wconf 88' lang='lat' dir='ltr'>non</span> <span class='ocrx_word' id='word_1_917' title='bbox 1654 3236 1684 3260; x_wconf 78' lang='lat' dir='ltr'>te</span> <span class='ocrx_word' id='word_1_918' title='bbox 1694 3234 1806 3261; x_wconf 77' lang='lat' dir='ltr'>excitat</span> <span class='ocrx_word' id='word_1_919' title='bbox 1817 3229 1991 3271; x_wconf 74' lang='lat' dir='ltr'>festivitas,</span> <span class='ocrx_word' id='word_1_920' title='bbox 2017 3234 2103 3266; x_wconf 80' lang='lat' dir='ltr'>ducat</span> 
     </span>
     <span class='ocr_line' id='line_1_133' title="bbox 1225 3271 2106 3323; baseline 0.01 -17"><span class='ocrx_word' id='word_1_921' title='bbox 1225 3271 1290 3316; x_wconf 74' lang='lat' dir='ltr'>ipsa</span> <span class='ocrx_word' id='word_1_922' title='bbox 1310 3272 1476 3316; x_wconf 72' lang='lat' dir='ltr'>curiositas,</span> <span class='ocrx_word' id='word_1_923' title='bbox 1502 3283 1535 3308; x_wconf 87' lang='lat' dir='ltr'>ut</span> <span class='ocrx_word' id='word_1_924' title='bbox 1549 3273 1632 3317; x_wconf 67' lang='lat' dir='ltr'>setas</span> <span class='ocrx_word' id='word_1_925' title='bbox 1649 3280 1725 3320; x_wconf 76' lang='lat' dir='ltr'>quid</span> <span class='ocrx_word' id='word_1_926' title='bbox 1733 3279 1890 3321; x_wconf 60' lang='lat' dir='ltr'>diliumfit</span> <span class='ocrx_word' id='word_1_927' title='bbox 1906 3294 1917 3314; x_wconf 92' lang='lat'>.·</span> <span class='ocrx_word' id='word_1_928' title='bbox 1944 3283 2008 3323; x_wconf 65' lang='lat' dir='ltr'>‚Qut</span> <span class='ocrx_word' id='word_1_929' title='bbox 2022 3287 2106 3314; x_wconf 78' lang='lat' dir='ltr'>man-</span> 
     </span>
    </p>

    <p class='ocr_par' dir='ltr' id='par_1_38' title="bbox 1623 3326 2059 3378">
     <span class='ocr_line' id='line_1_134' title="bbox 1623 3326 2059 3378; baseline 0.016 -19"><span class='ocrx_word' id='word_1_930' title='bbox 1623 3326 1652 3361; x_wconf 81' lang='lat' dir='ltr'><strong>E</strong></span> <span class='ocrx_word' id='word_1_931' title='bbox 1678 3339 1697 3363; x_wconf 89' lang='lat' dir='ltr'>e</span> <span class='ocrx_word' id='word_1_932' title='bbox 1746 3339 1766 3378; x_wconf 87' lang='lat'>3</span> <span class='ocrx_word' id='word_1_933' title='bbox 1968 3331 2059 3366; x_wconf 80' lang='lat' dir='ltr'>ducat</span> 
     </span>
    </p>
   </div>
   <div class='ocr_carea' id='block_1_12' title="bbox 2124 1755 2242 1792">
    <p class='ocr_par' dir='ltr' id='par_1_39' title="bbox 2124 1755 2242 1792">
     <span class='ocr_line' id='line_1_135' title="bbox 2124 1755 2242 1792; baseline -0.025 -4"><span class='ocrx_word' id='word_1_934' title='bbox 2124 1755 2191 1788; x_wconf 67' lang='lat' dir='ltr'>Ast.</span> <span class='ocrx_word' id='word_1_935' title='bbox 2211 1764 2242 1792; x_wconf 54' lang='grc' dir='ltr'>ς,</span> 
     </span>
    </p>
   </div>
  </div>
 </body>
</html>
