2346 3724
833 141 916 173 ετ
987 129 1508 175 νεκποιὶυΜ.

238 211 377 248 vCerdon
389 207 520 256 agendae
540 215 597 243 aut
619 206 804 245 fimuiandae
822 209 1020 255 poenitentiae
1035 210 1130 245 causa

294 263 439 296 Romam
451 259 557 292 venit.
1007 270 1086 309 293.
1100 271 1132 296 2.

243 311 409 347 Cerdonis
429 320 568 343 errores.
867 320 935 356 109.
958 322 989 347 2.
1016 312 1049 345 ἀ
1072 313 1132 354 seq.

242 359 422 397 Cerinthus
443 370 543 404 negat
566 358 736 396 Christum
763 361 967 396 resurrexisse
981 386 988 393 .
1018 360 1096 401 269.
1110 374 1131 394 ι.

291 412 426 445 necfuit
439 411 638 454 Episcopus,
665 423 726 446 nec
740 412 885 447 Dostor.
914 422 991 458 27¹·
1016 422 1042 447 1-
1070 410 1132 445 Per

291 459 520 504 Apostolicam
541 462 716 504 Synodum
734 462 927 497 damnatus.
951 462 1027 495 ibid.
1052 461 1130 504 Ejus

290 522 428 546 errores.
979 509 1076 559 '278-
1098 523 1129 548 2·

241 560 527 597 Chalcedonenses
540 562 695 597 Canones
704 563 813 598 multo
826 572 974 607 tempore
985 574 1054 596 non
1066 563 1131 595 fue·

291 623 367 647 runt
389 612 516 657 probati
543 613 703 647 Romanae
725 613 896 654 Ecclefiae‚
921 612 1072 656 adeoque
1095 611 1130 644 li-

290 674 411 707 garunt
426 663 512 698 solos
523 663 708 697 Orienlales
721 689 730 697 .
1027 659 1083 708 38·
1100 673 1130 697 1·

240 711 441 747 Charitasan
456 713 563 747 amitti
573 713 688 756 poffit?
892 715 978 750 16.1.
992 713 1026 747 δε
1044 713 1130 754 seqq.

240 762 396 798 Charitas
408 763 507 797 etiam
528 765 665 807 perfecta
675 763 782 798 amitti
796 763 899 808 potest
910 762 1038 798 duobus
1060 773 1130 795 mo-

290 813 362 848 dis:
389 813 502 848 Primo
514 814 759 859 peringresium
781 813 953 858 superbiae.
979 811 1131 848 Secundo

291 875 348 908 per
361 863 552 898 violentiam
567 865 714 899 fortioris
724 864 996 908 concupiscentiae
1010 887 1016 896 .
1043 874 1087 909 ¹7·
1099 873 1130 899 2·

240 912 567 958 Charitas-perfecta,
593 925 632 949 ac
643 913 793 955 robusta,
818 915 908 950 nulla
920 915 953 949 vi
972 916 1133 957 separatur

235 994 238 998 .
291 965 308 998 ὲ
321 963 456 998 Christo
467 989 475 997 .
1062 961 1133 994 ibid.

241 1013 439 1050 chrismatis
448 1013 690 1050 confectionem
706 1039 717 1055 ,
743 1025 805 1049 nec
825 1012 932 1048 fidelis
942 1011 1026 1046 olim
1047 1011 1134 1045 Grae-

290 1076 405 1098 corum
417 1064 733 1108 populusadspicere
738 1072 889 1106 poterat.
917 1072 997 1109 330.
1019 1072 1051 1096 2.
1077 1062 1134 1106 lp-

291 1114 361 1147 sam
383 1113 515 1155 publice
536 1114 658 1156 primus
668 1113 747 1149 fecit
759 1112 873 1148 Petrus
883 1111 982 1148 Fullo
997 1111 1136 1147 Patriar·

290 1160 352 1196 cha
364 1161 618 1197 Antiochenus.
1006 1171 1081 1209 325-
1104 1174 1133 1199 1·

241 1209 438 1246 Chrismatis
460 1212 699 1248 confectionem
723 1213 862 1257 spestare
882 1223 951 1248 non
984 1223 1135 1257 poterant

293 1261 536 1297 Catechumeni
555 1288 562 1294 .
587 1262 662 1297 ibid.
689 1264 764 1298 imo
796 1275 859 1298 nec
885 1263 1135 1309 Euergumeni,

291 1322 348 1346 aut
360 1312 563 1347 Poenitentes
577 1338 585 1345 .
1062 1313 1134 1346 ibid.

242 1361 424 1397 Christiani
436 1363 477 1398 de
488 1363 570 1397 fictis
586 1363 780 1400 criminibus
790 1364 954 1409 perperam
965 1364 1106 1399 accusati
1122 1387 1130 1396 .

317 1423 351 1448 0.
366 1422 399 1447 2.

242 1424 441 1497 Ch7ristianis
463 1463 686 1508 imputatum,
712 1463 735 1498 si
758 1464 848 1508 quod
862 1465 1051 1510 contigisset
1061 1466 1136 1500 lnfi-

290 1512 420 1547 delibus
440 1514 681 1549 infortunium.
709 1514 763 1550 60.
788 1527 819 1552 2.
846 1515 941 1549 Hinc
963 1516 1111 1558 paraemia
1125 1529 1137 1549 .-

292 1565 412 1598 Pluvia
424 1564 535 1606 defecit
547 1588 559 1605 ,
584 1565 701 1598 Tiberis
721 1566 896 1600 exundavit
906 1590 916 1607 ,
934 1565 1042 1608 fames
1050 1564 1137 1611 gras-

288 1610 379 1656 satur
390 1638 402 1655 ,
427 1613 595 1658 causasunt
607 1614 773 1656 Christian!
783 1640 790 1647 .
1061 1616 1135 1649 ibid.

241 1660 427 1699 Christiani
450 1665 568 1700 titulus
589 1664 689 1702 habet
714 1666 836 1711 duplex
862 1663 1135 1701 fundamentum.

319 1726 329 1748 1
355 1740 362 1747 .
380 1726 402 1748 1.

241 1724 414 1803 Christiano
438 1777 522 1800 nemo
543 1768 659 1808 major.
690 1776 744 1814 15.
770 1767 853 1816 Qo
867 1763 960 1801 sensu
971 1765 1006 1800 id
1017 1765 1137 1800 dictum

293 1813 312 1847 ὲ
323 1813 537 1850 Tertulliano
551 1842 559 1849 .
1039 1826 1093 1863 54-
1108 1827 1138 1852 2·

241 1861 507 1898 Christianorum
515 1888 527 1904 ‚
554 1865 728 1907 praesertim
743 1865 952 1898 foerninarum
964 1888 976 1904 ‚
998 1865 1032 1898 in
1046 1865 1138 1899 vesti-

293 1922 330 1947 tu
344 1912 520 1948 modestia.
1026 1925 1105 1960 372.
1117 1927 1137 1948 1.

239 1961 432 2002 christianus
444 1962 479 1992 &
493 1958 611 1991 Fidelis
633 1957 804 2001 quomodo
826 1958 978 1991 differant
993 1961 1009 1989 ἓ
1035 1969 1092 2004 54.
1108 1971 1134 1995 1.

292 2009 501 2043 Christianus
511 2007 611 2042 etiam
623 2006 745 2041 dicitur
757 2007 798 2042 ad
816 2006 1137 2043 Catechumenatum

290 2058 446 2093 admissus
459 2071 468 2091 ε
496 2056 620 2092 Fidelis
632 2058 717 2092 solus
731 2057 929 2102 baptizatus.
956 2057 1028 2092 ibid.
1043 2058 1138 2093 Non-

291 2120 473 2153 numquam
483 2118 594 2143 tamen
604 2119 700 2143 voces
710 2109 772 2142 illae
782 2108 1035 2143 confunduntur
1044 2132 1051 2141 .
1063 2108 1136 2142 ibid.

240 2158 431 2199 Christianus
443 2170 527 2193 nemo
538 2184 548 2200 ‚
575 2158 632 2200 nisi
647 2164 699 2200 qui
721 2164 753 2191 in
761 2157 850 2200 finem
859 2157 948 2202 usque
966 2158 1139 2202 persevera·

292 2214 376 2244 verit
388 2235 396 2242 .
427 2220 479 2256 15.
508 2218 564 2255 54.
581 2219 608 2245 ι.
638 2210 720 2257 Qo
731 2210 821 2242 sensu
833 2209 956 2243 dictum
977 2209 995 2242 a
1008 2209 1140 2243 Tertul-

290 2260 385 2295 liano
410 2284 417 2292 .
448 2271 503 2306 55.
531 2271 561 2296 1.
590 2258 672 2294 Vox
691 2283 703 2301 ,
729 2258 919 2299 Christianus
940 2284 952 2301 ,
972 2260 1138 2303 vaccipitur

292 2321 352 2354 pro
364 2310 436 2344 solo
447 2310 544 2344 firmo
556 2320 593 2344 ac
604 2318 725 2344 aeterno
736 2308 859 2348 Christi
873 2321 1025 2352 corpore.
1048 2319 1066 2355 ς
1074 2320 1103 2352 7.
1117 2322 1136 2344 ι.

242 2359 432 2402 christianus
445 2385 452 2393 .
480 2360 610 2394 Primus
630 2360 674 2394 est
687 2359 806 2404 gradus
827 2359 1130 2394 catechumenatus.

297 2422 374 2459 342.
391 2422 421 2448 1.
448 2410 598 2446 Dabatur
607 2422 664 2455 per
674 2420 791 2444 manus
802 2411 1049 2455 impositionem
1062 2420 1138 2444 cum

293 2461 389 2505 signo
400 2461 517 2496 Crucis
530 2486 538 2494 .
1015 2460 1088 2493 ibid.
1106 2472 1140 2496 2.

243 2509 370 2545 Christi
389 2511 560 2546 descensus
582 2510 622 2545 ad
647 2510 794 2551 Inferos‚
821 2522 879 2545 cur
900 2510 933 2544 in
947 2509 1140 2554 quibusdam

293 2559 466 2604 Symbolis
482 2572 550 2595 non
570 2562 771 2604 exprimatur
784 2561 800 2592 ?
831 2570 905 2607 143.
930 2571 957 2595 1.
986 2559 1042 2593 Est
1066 2560 1139 2595 arti-

293 2609 387 2644 culus
404 2610 666 2655 antiquissimus.
692 2612 764 2645 ibid.
790 2623 822 2648 2.
850 2611 906 2644 Ad
930 2611 1031 2644 finem
1046 2611 1138 2654 perti·

294 2671 397 2695 nens.
424 2667 493 2708 144.
508 2672 536 2697 1.
565 2660 718 2696 Romana
732 2672 843 2696 tamen
856 2661 1002 2695 Ecclefia
1024 2662 1139 2695 articu-

294 2710 364 2745 lum
376 2711 471 2745 illum
484 2711 566 2745 olim
580 2722 647 2745 non
659 2709 774 2745 habuit
793 2736 802 2743 .
923 2710 998 2743 ibid.
1025 2710 1058 2744 δε
1071 2712 1137 2756 seq.

243 2759 369 2796 Christi
382 2761 527 2806 pueritiae
538 2761 694 2796 miracula
710 2762 783 2795 sunt
805 2761 945 2795 conficta
958 2782 968 2798 ‚
995 2760 1029 2795 δε
1043 2772 1137 2795 men·

293 2811 407 2847 dacia.
439 2824 482 2861 17
485 2822 517 2859 3·
533 2823 563 2849 1.
589 2811 673 2847 Item
686 2811 767 2847 liber
779 2811 820 2846 de
831 2810 897 2845 illis
917 2810 1136 2856 conscriptus.

294 2861 369 2895 ibid.

242 2909 399 2947 Christus
411 2923 480 2948 non
492 2912 538 2947 est
556 2912 662 2948 Filius
687 2911 754 2948 Dei
772 2911 967 2956 adoptivus.
1023 2909 1136 2960 383.1.

244 2960 396 3003 Christus
407 2963 555 3008 quaedam
566 2963 652 2997 dieta
663 2963 699 2997 in
710 2963 794 2998 solas
806 2961 1058 3007 Discipulorum
1073 2973 1138 3006 per-

293 3014 392 3048 sonas
401 3014 522 3049 direxit
536 3038 547 3055 ,
561 3013 677 3050 nonin
688 3013 878 3049 successores
890 3037 897 3045 .
927 3023 1041 3050 121-2·
1068 3012 1139 3047 Ta-

294 3074 373 3099 men
383 3062 582 3099 discretione
596 3075 681 3108 opus
691 3063 738 3099 est
753 3089 761 3097 .
1063 3063 1136 3097 ibid.

244 3111 398 3149 Christus
419 3113 585 3150 Hebraica
604 3115 717 3160 lingua
738 3115 876 3160 loquens
897 3112 941 3150 ab
978 3112 1137 3148 omnibus

297 3163 487 3201 Gentilibus
499 3165 701 3200 intellectus.
1033 3161 1102 3200 186
1107 3175 1136 3197 .1·

247 3210 282 3246 S.
292 3212 523 3259 Chrysostomi
534 3225 645 3251 textus
656 3214 848 3250 emendatus
860 3240 868 3248 .
959 3248 965 3255 ,
1022 3212 1136 3252 288-2·

247 3261 284 3298 S·
301 3259 554 3347 {hrysostomus
566 3267 686 3302 SanCto
698 3266 804 3301 Paulo
814 3263 904 3310 quafi
921 3265 1116 3300 secretarius
1129 3289 1137 3297 .

325 3320 360 3347 0·
385 3322 414 3348 1.

249 3358 283 3396 S.
298 3360 454 3397 Clemens
463 3375 506 3399 an
516 3365 702 3402 immediate
716 3367 815 3401 Petro
828 3365 1135 3414 suceeffetit?267.1.

242 3442 245 3446 ,
262 3403 282 3431 ⁴
301 3411 440 3449 Certum
450 3414 494 3450 est
506 3415 598 3452 fuisse
608 3418 830 3453 consecratum
841 3417 860 3452 a
875 3416 975 3452 Petro
990 3442 997 3450 .
1058 3417 1131 3450 ibid.

1903 146 1932 190 '3
1944 134 2008 193 87

1193 211 1301 244 Clerici
1313 213 1476 243 Vacantivt
1488 232 1500 249 ‚
1524 207 1658 251 quinam
1671 209 1756 246 lint?
1959 216 2071 263 3661-

1193 260 1398 296 Clericorum
1422 258 1570 294 absolute
1589 258 1814 297 ordinatorum
1826 263 2020 309 vagationes
2030 278 2075 302 re-

1241 309 1402 355 prehensae
1422 335 1430 343 .
1463 308 1541 358 364-
1563 320 1585 341 ι.
1607 319 1642 346 2·
1680 309 1714 344 &
1738 313 1813 357 365.
1837 330 1858 347 ι.
1885 315 1948 359 seq.
1990 315 2076 352 Non

1242 361 1406 405 pertinent
1419 359 1459 394 ad
1471 358 1712 393 Hierarchiam.
1959 365 2073 413 3654,

1193 411 1339 446 Clericus
1362 411 1614 445 Procuratorem
1638 408 1728 444 laicae
1744 410 1890 445 mulieris
1900 424 1992 457 agere
2005 428 2077 451 nou

1241 461 1400 496 sinebatur
1420 462 1438 495 ὲ
1460 461 1632 504 disciplina
1644 459 1777 504 antiqua
1792 485 1799 492 .
1929 473 2075 510 347·1·2·

1192 512 1308 547 Cletus
1322 536 1333 552 ,
1359 523 1401 545 an
1413 511 1512 545 fuerit
1534 511 1738 545 consecratus
1749 511 1923 546 Romanus
1946 513 2077 556 Episco-

1245 574 1304 607 pus
1315 572 1390 596 ante
1412 563 1441 596 S.
1455 561 1689 596 Clementem?
1815 561 1895 607 264.
1911 573 1941 598 1.
1966 564 1999 597 &
2013 564 2077 606 seq.

1192 612 1401 648 Coenobitica
1413 612 1479 645 vita
1491 611 1688 654 praestantior
1701 610 1951 646 Anachoretica.
1967 613 2075 661 3762.

1192 664 1340 698 Coesarea
1351 674 1408 696 cur
1420 661 1596 695 Palaestinae
1608 661 1755 694 instituta
1769 662 2077 711 Metropolis?l91.2.

1193 713 1341 748 collecta
1352 712 1397 746 est
1411 712 1596 746 communis
1608 711 1642 745 &
1655 711 1786 755 publica
1800 712 1948 757 Eccleliae
1964 725 2016 755 per
2027 715 2081 747 Sa-

1243 763 1410 798 cerdotem
1422 763 1547 796 oratio.
1580 771 1659 809 375.
1677 773 1708 798 2.
1738 761 1852 795 Preces
1869 773 1949 806 quas
1972 764 2080 798 Graeci

1242 814 1389 856 Synaxes
1401 821 1521 846 vocant
1533 835 1544 852 ,
1573 822 1633 845 nos
1648 810 1813 846 Collestas
1825 813 2082 856 interpretamur.

1242 864 1315 896 ibid.
1345 861 1550 898 Authenrica
1573 860 1772 907 fignificatio
1789 863 1879 897 vocis
1893 887 1904 904 ‚
1932 863 2078 897 Collella.

1245 913 1320 947 ibid.

1196 963 1402 999 Communio
1421 961 1599 998 domestica
1619 961 1654 997 in
1666 962 1840 997 Gallicana
1862 962 2007 997 Ecclesia
2032 960 2087 998 ad·

1247 1013 1314 1049 huc
1331 1013 1445 1059 vigens
1457 1038 1465 1046 .
1968 1023 2026 1060 43.
2056 1022 2085 1047 1.

1195 1064 1456 1099 Communionis
1470 1061 1656 1098 Catholicae
1676 1060 1764 1098 unde
1786 1061 1965 1108 petendum
1987 1072 2086 1097 exor-

1245 1114 1361 1148 dium?
1961 1122 2040 1158 207-
2053 1125 2083 1150 2·

1197 1164 1434 1208 competentes
1446 1163 1675 1208 Baptisterium
1687 1164 1806 1198 intrare
1827 1173 1896 1198 non
1909 1171 2060 1207 poteraut
2079 1186 2089 1196 .

1276 1227 1295 1252 2
1322 1239 1329 1246 .
1346 1226 1367 1246 ι.

1198 1224 1404 1307 σοὲιρεςιεηκπ
1423 1288 1432 1296 .
1458 1263 1606 1311 Qintus
1628 1260 1747 1307 gradus
1768 1261 2087 1297 catechumenatus.

1250 1324 1328 1361 344.
1341 1328 1361 1347 ι.
1389 1313 1601 1348 Caeremoniae
1613 1312 1647 1346 in
1659 1322 1700 1346 eo
1711 1312 1822 1346 servari
1836 1312 1952 1346 solitae.
1975 1312 2086 1349 ibid.2.

1249 1364 1485 1409 Competentes
1506 1361 1616 1398 vocati
1638 1360 1911 1403 Mello-Christiani
1923 1386 1935 1403 ,
1959 1362 2088 1400 &cure

1323 1440 1330 1447 .
1367 1426 1390 1448 1-

1199 1424 1371 1499 Conigffio
1384 1462 1503 1510 gradus
1515 1462 1556 1498 ad
1573 1462 1778 1507 Martyrium
1788 1486 1797 1495 .
1921 1491 1926 1497 .
1998 1471 2089 1509 502.

1201 1514 1376 1550 Confeffor
1387 1514 1406 1547 a
1419 1513 1590 1558 Cypriane
1604 1512 1739 1547 subinde
1767 1524 1826 1557 pro
1841 1509 1991 1556 Martyre
2012 1512 2094 1546 acci·

1249 1566 1357 1608 pitur.
1989 1571 2045 1608 51.
2063 1573 2093 1598 1.

1202 1614 1377 1649 Confessor
1403 1614 1435 1648 δε
1448 1613 1576 1657 Martyr
1598 1612 1770 1657 quomodo
1790 1611 1970 1647 differant?
1995 1612 2051 1659 48.
2069 1622 2090 1646 1.

1249 1665 1282 1699 δε
1296 1666 1359 1708 seq.
1388 1664 1564 1704 Confeffor
1586 1663 1734 1703 dicitur,
1761 1664 1818 1707 qui
1840 1663 2015 1698 dumtaxat
2039 1673 2096 1706 ap-

1251 1714 1425 1759 prehensus
1450 1714 1484 1747 &
1509 1723 1690 1748 carceratus
1711 1713 1775 1748 fuit
1800 1726 1811 1746 .-
1845 1712 1976 1755 Martyr
1996 1736 2008 1753 ,
2036 1711 2094 1754 qui

1252 1776 1308 1809 per
1319 1773 1481 1799 tormenta
1499 1763 1654 1806 probatus
1665 1787 1673 1794 .
1976 1761 2048 1794 ibid.
2061 1767 2093 1795 2.

1203 1813 1480 1849 Confirmatiouis
1499 1811 1739 1849 collationem,
1765 1808 1882 1844 Latini
1895 1810 1996 1846 etiam
2017 1809 2097 1853 Epi·

1253 1862 1366 1905 scopi,
1394 1859 1599 1902 Presbyteris
1614 1859 1697 1892 olim
1712 1857 1961 1901 delegaverunt.
2017 1859 2094 1906 36⁴·

1207 1907 1480 1946 Confirmationis
1501 1907 1746 1942 Sacramentum
1759 1931 1767 1939 .
1797 1905 1907 1955 318.2.
1946 1909 2008 1943 Per
2029 1909 2096 1944 hoc

1258 1958 1420 1992 efficimur
1432 1956 1631 1991 Christiani.
1884 1959 1956 1992 ibid.
1983 1959 2018 1993 ὅ(
2031 1961 2097 2004 seq.

1204 2008 1479 2044 Confirmationis
1491 2008 1734 2041 Sacramentum
1749 2006 1783 2040 in
1796 2008 1905 2042 fronte
1927 2010 2096 2055 conferen-

1254 2058 1350 2093 dum.
1380 2067 1462 2105 307.
1478 2068 1510 2094 2.
1539 2058 1615 2091 Sola
1628 2058 1748 2091 frontis
1764 2060 1873 2091 ametro
1890 2059 1934 2092 est
1948 2060 2095 2095 effentia-

1256 2108 1317 2142 lis.
1345 2107 1419 2140 ibid.
1446 2107 1704 2147 Graeciocu10s‚
1733 2120 1845 2148 nares,
1872 2120 1962 2143 auxes
1988 2111 2019 2144 ὅ(
2044 2122 2096 2153 pe·

1254 2160 1323 2193 stus
1336 2168 1485 2202 ungunt.
1515 2157 1587 2191 ibid.
1612 2158 1788 2192 Falluntur
1802 2159 1858 2202 qui
1875 2171 1990 2202 putant
2007 2185 2017 2201 ‚
2035 2171 2096 2194 un-

1254 2210 1397 2243 ctionem
1417 2207 1486 2242 fieri
1507 2207 1542 2241 in
1569 2217 1643 2242 toto
1662 2219 1816 2251 corpore.
1842 2209 1916 2242 ibid.
1944 2210 2007 2244 Per
2029 2210 2095 2246 hoc

1255 2260 1500 2293 Sacramentum
1531 2259 1755 2293 consecramur
1788 2257 1909 2293 milites
1947 2258 2092 2296 Christi.

1254 2309 1327 2344 ibid.
1353 2307 1433 2355 308.
1449 2321 1477 2346 1.

1212 2359 1435 2394 Confissentes
1460 2357 1593 2393 aderant
1614 2358 1781 2395 sacrificio
1801 2384 1812 2401 ,
1841 2359 1894 2394 sed
1918 2360 2033 2395 offerre
2058 2359 2092 2395 δε

1261 2411 1384 2444 sumere
1397 2409 1606 2443 vetabantur.
1954 2421 2032 2456 325.
2064 2422 2092 2447 1-

1208 2459 1395 2496 Constantii
1418 2459 1624 2503 Imperatoris
1643 2469 1726 2494 artes
1746 2459 1886 2499 dolosae,
1913 2460 1947 2494 ὅ(
1960 2460 2094 2494 blandi·-

1258 2520 1368 2545 menta
1393 2510 1498 2555 tnagis
1520 2510 1666 2544 timenda
1686 2534 1696 2549 ,
1730 2510 1828 2552 quam
1851 2510 2093 2553 persecutiones

1256 2560 1514 2604 Tyrannorum.
1540 2558 1640 2606 69.1.
1666 2560 1744 2594 Fuit
1769 2560 1971 2594 Arianorum
1993 2560 2093 2594 Satel-

1253 2610 1320 2644 les.
2022 2620 2090 2646 0.1.

1201 2659 1445 2695 Constantinus
1469 2656 1738 2693 Catechumenus
1757 2660 1945 2700 frequenter
1963 2622 2091 2694 auziivit

1249 2710 1284 2743 in
1309 2710 1471 2743 Ecclefia.
1498 2717 1567 2752 34¹·
1589 2718 1616 2741 1-
1641 2707 1738 2740 Stetit
1763 2707 1888 2748 semper
1906 2731 1915 2746 ,
1946 2708 1981 2740 &
2005 2721 2088 2743 nun-

1251 2770 1350 2803 quam
1365 2757 1471 2793 voluit
1487 2758 1594 2790 sedere
1604 2780 1612 2789 .
1641 2755 1714 2790 ibid.
1737 2755 1776 2795 ln
1789 2756 1878 2789 exitu
1889 2758 2020 2800 tantum
2035 2759 2087 2794 ba·

1250 2810 1390 2853 ptizatus
1401 2834 1409 2841 .
2010 2809 2085 2842 ibid.

1200 2859 1441 2894 Constantinus
1453 2858 1599 2902 Magnus
1611 2855 1644 2890 in
1657 2854 1794 2890 Nicaena
1806 2855 1945 2900 Synodo
1958 2857 2087 2903 Marty-

1249 2921 1298 2944 res
1317 2909 1519 2955 singulariter
1538 2916 1730 2949 veneratuS,
1755 2917 1937 2951 eorumque
1959 2908 2087 2943 cicatri-

1249 2971 1301 2994 ces
1313 2960 1477 2995 osculatus
1488 2983 1496 2991 .
1993 2957 2050 3005 48.
2062 2969 2084 2992 ι.

1202 3010 1442 3046 Constantinus
1453 3010 1600 3054 Magnus
1614 3019 1682 3042 non
1695 3007 1800 3042 solum
1813 3007 1994 3053 Episcopos
2006 3035 2016 3049 ,
2027 3008 2083 3044 sed

1249 3060 1439 3097 Monachos
1449 3059 1625 3094 honoravit
1635 3059 1853 3093 omuiofficio
1869 3084 1877 3091 .
1955 3061 2032 3106 358.
2052 3070 2081 3097 1·

1203 3111 1441 3146 Constantinus
1452 3110 1586 3144 titulum
1602 3133 1613 3150 ,
1625 3109 1660 3143 ἃ
1672 3108 1820 3144 habitum
1833 3107 2008 3144 pontificis
2019 3120 2085 3144 ma-

1250 3162 1331 3196 ximi
1345 3161 1480 3208 gentilis
1491 3160 1635 3195 admittit
1646 3183 1655 3192 .
1683 3169 1760 3208 309.
1774 3172 1804 3198 2·
1831 3159 1888 3194 An
1903 3159 1986 3195 κεᾶὲ
1999 3183 2010 3199 ,
2035 3159 2084 3194 est

1250 3212 1313 3247 alia
1326 3211 1457 3257 quaestio
1471 3236 1480 3245 .
1958 3218 2036 3258 310.
2048 3221 2083 3246 2.

1202 3262 1417 3298 Constantius
1442 3262 1622 3305 Imperator
1643 3260 1843 3295 Arianorum
1866 3258 2083 3299 Advocatus,

1251 3312 1335 3348 Anti
1350 3311 1497 3348 Christus
1508 3311 1612 3347 didius
1626 3337 1634 3344 .
1647 3311 1730 3359 67.1.
1743 3311 1832 3345 Cur?
1843 3309 1948 3348 ibid.z.
1961 3311 2082 3356 &7012

1202 3364 1416 3400 Constantius
1428 3364 1603 3406 Imperator
1614 3361 1803 3405 Principem
1816 3362 1847 3395 se
1858 3359 1937 3396 facit
1950 3359 2083 3402 Episco-

1252 3425 1387 3458 porum.
1416 3424 1493 3462 309.
1507 3425 1538 3452 2.
1564 3412 1659 3448 Hinc
1679 3411 1698 3447 a
1711 3411 1829 3458 Sansto
1841 3407 2082 3494 Athargfiodi-

1971 3469 2007 3494 us
2019 3481 2043 3500 ,.
2062 3482 2064 3485 -
