2346 3724
110 1399 247 1431 Ful-282.

336 139 431 177 260
818 126 1149 171 Seno

268 212 563 246 minarelaborarent
576 235 587 252 ‚
610 212 643 246 Θ
655 215 706 255 qui
719 235 730 251 ‚
756 221 820 244 cum
831 215 941 243 nemini
953 208 1146 252 Apostolorum

270 263 398 304 ampliar
412 268 479 296 vita
486 261 671 305 Jitppeteret,
699 263 834 302 deinrepr
856 262 1008 301 nudojam
1027 264 1123 301 capite
1136 283 1145 298 ,

239 319 244 323 '
272 323 306 347 ut
327 316 438 354 aJ'unt‚
459 313 567 354 sincero
587 318 728 346 veritatis
746 309 874 353 sermoni
886 308 1006 352 falsam
1025 312 1058 343 (9·
1074 320 1145 342 com-

271 369 442 397 mentitiam
462 363 627 396 dodanam
649 374 687 395 ex
700 360 827 402 adverso
846 368 988 401 opponere
1005 368 1061 401 pro
1073 364 1144 392 viri-

272 415 327 447 bus
349 420 514 447 niterentur
528 439 536 446 .
565 415 697 455 Fatetur
720 412 747 444 A
755 409 923 454 postolicis
943 409 1146 453 temporibus

272 476 339 498 non
352 464 486 498 defuisse
497 463 628 496 haereses
640 486 650 501 ‚
677 461 786 494 verum
803 459 953 505 adjungit
977 461 1059 503 ipsas
1070 459 1145 492 fuis-

270 516 303 549 se
314 515 529 548 clandestinas
541 535 551 551 ‚
561 513 594 546 δε
606 513 691 554 quasi
707 511 844 544 latuisse.
873 510 922 543 lta
933 511 1068 544 Sanstus
1081 510 1146 549 Cy-

239 594 241 596 .
271 567 402 608 prianus
413 564 503 607 supra
517 562 602 596 dixit
621 561 759 595 acriores
778 560 927 594 haeresion
952 559 1053 603 pestes
1066 568 1146 592 tunc

269 617 411 651 necdum
424 614 613 657 prorupisse.
638 612 680 644 Et
694 610 780 646 istud
792 610 961 645 dumtaxat
976 610 1079 652 ipsum
1091 619 1146 642 vo-

269 669 361 702 luisse
383 665 478 709 poffit
500 664 634 697 sanctus
654 661 886 701 Firmilianus,
913 659 1054 694 scribens
1075 668 1146 692 exe-

268 717 404 752 crabiles
415 727 452 749 ac
462 711 662 748 detestandas
673 711 804 746 haereses
822 721 903 746 tunc
917 708 1057 743 necdum
1072 709 1147 743 fuis-

268 770 312 803 se.
347 767 407 800 Ista
419 765 526 808 elogia
539 763 691 797 videntur
703 761 842 796 haeresim
865 772 932 794 non
949 759 1122 802 explanare
1134 782 1145 798 ‚

265 818 321 853 sed
347 816 565 850 determinare
583 813 840 847 &contrahere.
870 812 915 844 Et
939 809 1024 843 certe
1049 809 1145 844 deSi-

266 867 422 904 moniana
434 888 446 904 ‚
474 875 543 907 quae
556 863 707 907 palmaris
719 861 783 896 fuit
804 860 862 895 sub
872 859 1062 904 Apostolis,
1087 858 1145 893 hae-

266 920 322 954 resi
336 915 446 950 scribit
467 915 501 948 in
523 914 631 958 primo
651 921 767 948 contra
781 911 914 945 Celsum
935 909 1019 944 libro
1029 909 1145 954 Orige-

132 977 194 1012 p01.
202 989 250 1016 44,
267 980 323 1003 nes
336 980 343 999 z
371 968 472 999 Simon
483 968 694 998 Samaritanus
707 966 815 1006 Magus
826 987 836 1002 ‚
852 969 910 1003 per
921 965 1052 1005 magiam
1059 959 1145 1003 suam

266 1016 410 1063 quosdam
431 1018 565 1057 decipere
585 1024 708 1048 conatus
730 1038 741 1054 ,
778 1010 882 1052 effi’t‘lu
902 1023 960 1045 non
980 1016 1076 1044 caruit
1102 1012 1145 1043 ad

266 1077 383 1111 tempus
397 1092 408 1108 ‚
434 1077 509 1100 nunc
519 1075 620 1099 autem
637 1071 670 1098 in
681 1073 741 1097 toto
750 1063 818 1096 orbe
837 1067 939 1104 opinor
950 1067 1007 1095 vix
1018 1066 1144 1105 triginta

268 1123 453 1154 simonianos
479 1122 605 1158 reperiri
629 1140 636 1147 .
677 1119 716 1147 Ac
728 1113 854 1156 fortaffe
874 1123 913 1146 ne
936 1119 980 1145 tot
1004 1113 1140 1154 quidem.

269 1173 347 1205 Sunt
365 1172 445 1202 enim
465 1172 498 1200 in
509 1165 661 1207 Palfflina
679 1169 768 1207 pauci
787 1163 966 1202 admodicm,
993 1162 1026 1195 iri
1035 1162 1144 1203 reliquo

265 1228 415 1254 terrarum
437 1217 508 1251 orbe
522 1215 671 1258 nusquam
694 1225 799 1248 nomen
807 1214 874 1254 eJ'us
896 1211 935 1252 est
943 1218 977 1245 in
988 1223 1024 1245 ea
1033 1217 1142 1254 opinio-

264 1283 302 1304 ne
318 1295 327 1310 ‚
353 1275 385 1302 in
395 1279 455 1310 qua
470 1265 532 1309 ipse
555 1266 657 1299 haberi
678 1266 774 1298 voluit
785 1289 792 1296 .
820 1268 908 1296 Nam
917 1263 1004 1304 apud
1011 1273 1082 1305 quos
1094 1273 1143 1294 no-

244 1323 247 1326 '
264 1327 395 1354 minatur
409 1342 418 1355 ‚
445 1322 489 1350 eis
502 1318 539 1349 de
555 1315 749 1357 Apostolorum
768 1314 848 1346 mis
866 1318 996 1345 innotuit
1011 1337 1019 1344 .
1044 1311 1088 1345 Et
1106 1311 1140 1344 in

258 1373 357 1405 *sexto
381 1366 464 1400 libro
482 1391 488 1398 .
517 1370 608 1397 Nunc
626 1363 772 1406 nusquam
777 1368 913 1405 gentium
925 1361 1039 1398 exstant
1049 1363 1141 1393 simo-

264 1425 350 1455 niani
362 1441 373 1458 ‚
399 1421 539 1458 quamvis
559 1412 685 1453 simon,
709 1416 766 1454 quo
776 1413 875 1453 plures
891 1409 947 1451 fibi
955 1418 1084 1452 pararet
1097 1411 1142 1442 dt-

258 1470 385 1516 scipulos
399 1491 408 1506 ‚
432 1464 577 1509 sustulerit
588 1465 603 1497 ἑ
611 1461 668 1506 sua
686 1462 822 1495 dolirina
843 1465 946 1494 mortis
955 1461 1117 1502 periculum
1130 1483 1141 1500 ‚

262 1521 342 1564 quod
365 1515 525 1556 christiam
545 1514 724 1548 docebantur
745 1520 948 1549 contemnere,
974 1512 1076 1543 dicens
1099 1515 1142 1542 in·

263 1570 451 1611 differentem
461 1577 523 1598 rem
544 1565 595 1607 effe
607 1564 829 1596 Idololatriam.
860 1562 923 1594 Imo
945 1553 994 1593 nec
1003 1560 1066 1594 ulla
1071 1567 1141 1601 per·
1165 1604 1167 1606 q

260 1621 369 1666 ftcutio
385 1627 489 1652 contra
511 1618 696 1647 simonianos
711 1623 851 1654 umquam
872 1620 973 1644 exorta
984 1610 1022 1649 est
1034 1635 1041 1642 .
1069 1612 1143 1643 scie·

262 1672 317 1705 bat
340 1673 418 1703 enim
434 1667 531 1699 malus
555 1668 699 1703 Doemon,
724 1661 867 1695 dodrinae
886 1659 999 1704 JESU
1025 1658 1143 1702 infidia-

261 1731 308 1755 τον
320 1746 330 1761 ,
356 1719 438 1753 rebus
451 1717 510 1758 suis
524 1714 602 1749 nibil
607 1714 731 1756 periculi
743 1717 896 1746 imminere
916 1712 935 1741 ἃ
949 1711 968 1742 5
970 1714 1077 1742 imonIs
1092 1709 1143 1742 di-

257 1771 378 1815 scipulis
391 1794 398 1800 .
431 1767 537 1800 Addit
560 1767 595 1799 δι
607 1764 683 1797 νὶνο
694 1760 824 1796 Simoni
840 1759 936 1793 fuiffe
961 1770 1082 1799 paucos
1094 1759 1142 1792 se·-

262 1830 400 1865 quaces.
429 1815 554 1850 Eadem
566 1814 611 1848 est
625 1812 709 1846 ratio
719 1811 856 1845 aliarum
875 1808 1140 1843 'tuncvhaerefiom

261 1870 342 1906 Post
361 1866 487 1902 ablatos
510 1863 606 1900 nobis
617 1861 798 1907 Apostolos
819 1866 989 1905 coeperunt
1010 1858 1072 1893 511ae
1085 1858 1144 1893 cri·

262 1922 326 1956 ssas
343 1919 465 1964 erigere
477 1941 485 1949 .

335 2055 379 2098 Si
416 2066 494 2115 quae
520 2043 651 2093 audent
671 2039 716 2109 fi
742 2037 947 2107 interserere
973 2042 1078 2087 aetafi

511 2113 725 2185 Apostolicae
750 2149 763 2173 9
810 2116 902 2159 &a

317 2269 501 2307 Laudatam
524 2268 555 2300 in
590 2262 808 2309 superioribus
828 2260 991 2306 capitibus
1013 2257 1149 2303 praescri-

267 2325 414 2367 ptionem
437 2319 569 2362 quidam
593 2315 732 2350 haeretici
754 2313 906 2347 viderunt
939 2309 1149 2354 irrefragabi-

266 2378 349 2413 lem,
377 2371 517 2413 ideoque
530 2366 723 2400 studuerunt
733 2364 879 2398 eludere.
908 2361 1077 2395 Dixerunt
1093 2359 1148 2390 sua

269 2426 441 2468 Dogmata
466 2430 536 2453 non
558 2417 621 2450 esse
644 2425 752 2453 nova,
779 2413 873 2445 fuisse
895 2409 1065 2454 praedicata
1091 2404 1149 2440 sub

272 2472 441 2517 Apostolis
451 2495 461 2511 ,
486 2468 626 2511 ideoque
637 2465 670 2498 &
682 2465 754 2498 suas
768 2461 924 2495 Ecclefias
935 2460 998 2496 esse
1009 2457 1150 2501 Aposto-

272 2524 350 2557 licas
364 2546 374 2561 ,
401 2532 436 2553 ac
457 2515 611 2563 germane
631 2513 835 2549 Christianas
848 2537 855 2543 .
884 2511 928 2545 Et
948 2511 1076 2544 Doctor
1093 2506 1150 2540 res-

273 2572 422 2617 pondet.-
449 2570 559 2600 Edant
570 2568 637 2609 ergo
655 2570 779 2607 origines
803 2559 994 2602 Ecclefiarum
1002 2558 1127 2602 suarum
1140 2581 1151 2598 ,

276 2623 409 2655 ordinem
431 2616 642 2660 Episcoporum
658 2613 776 2656 suorum
799 2636 810 2651 ‚
836 2617 882 2645 ita
899 2620 956 2652 per
973 2609 1151 2654 succeffiones

277 2673 316 2705 ab
329 2675 414 2704 initio
426 2670 641 2701 decurrentium
652 2688 662 2703 ,
687 2672 720 2695 ut
727 2668 846 2704 primus
859 2662 906 2693 ille
919 2659 1082 2703 Episcopus
1101 2660 1152 2692 alr-

272 2733 363 2764 -quem
384 2731 422 2752 ex
450 2715 589 2758 apostolis
613 2714 667 2747 vel
684 2711 847 2754 Apostolrcis
868 2715 963 2752 viris,
990 2717 1042 2753 qui
1053 2719 1153 2743 tamen

277 2783 342 2805 cum
355 2767 491 2811 apostolis
502 2764 745 2808 perseveraverit
757 2786 767 2802 ,
793 2760 931 2794 habuerit
950 2760 1109 2794 Autborem
1119 2762 1154 2795 θ

281 2820 481 2862 antecessorem
507 2841 514 2848 .
544 2812 745 2857 Apostolicae
764 2812 850 2845 aetati
873 2812 967 2846 fuiffe
984 2809 1153 2846 haereticos

280 2870 411 2905 transire
434 2866 612 2912 permittit,
638 2862 823 2898 constanter
842 2860 932 2895 addit
944 2863 1068 2895 nullam
1089 2861 1154 2895 illis

278 2923 342 2955 effe
364 2917 563 2962 Apostolicae
582 2912 787 2948 fundationis
800 2912 991 2946 Ecclesiam.
1020 2912 1152 2946 Etenim

281 2968 470 3012 hujusmodi
495 2965 635 3000 Ecclesia
656 2963 752 2998 debet
764 2963 905 3005 primum
918 2964 1011 2996 suum
1027 2962 1155 3005 Episco-

281 3031 360 3065 pum
380 3017 535 3060 accepisse
560 3016 609 3049 vel
629 3014 672 3048 ab
689 3014 802 3054 aliquo
823 3012 1010 3055 Apostolo,
1037 3013 1087 3045 vel
1115 3010 1156 3045 ab

282 3071 395 3114 aliquo
417 3066 611 3110 Apostolico
624 3065 717 3105 viro,
743 3062 776 3096 id
788 3062 858 3102 est«,
884 3061 1039 3105 Apostoli
1060 3061 1156 3096 alicu-

283 3132 334 3165 Jus
356 3116 520 3160 discipulo
542 3127 578 3149 ac
598 3116 747 3158 Legato.
774 3112 818 3147 Et
839 3113 1012 3157 adjungit.-
1039 3115 1157 3157 ,Quita-

285 3181 352 3204 men
371 3181 437 3203 cum
460 3164 593 3207 Apostolis
599 3163 857 3207 perseveraverit.
885 3163 1005 3195 Forsan
1031 3163 1157 3206 respicit

285 3219 460 3254 Glauciam
472 3226 529 3250 aut
540 3214 782 3256 Theodadem,
808 3224 891 3255 quos
902 3212 1008 3246 saneti
1022 3211 1108 3246 Petri
1126 3213 1159 3247 &

289 3270 397 3303 Sancti
420 3266 515 3301 Pauli
535 3264 709 3304 discipulos
733 3262 889 3297 Basilides
906 3262 939 3296 ἀ
964 3262 1159 3296 Valentinus

289 3318 444 3362 jassabant
463 3317 538 3352 suos
559 3314 650 3349 fuisse
660 3313 856 3359 Magistros.
884 3311 920 3347 ld
944 3312 1009 3351 est,
1035 3313 1162 3347 nostros

1221 138 1532 171 LION

1210 209 1388 251 apostatas.
1416 208 1518 256 Quod
1530 222 1572 244 an
1586 221 1695 246 verum
1717 212 1775 255 sit,
1802 212 2008 258 ignoramus.
2036 212 2088 246 In·

1209 259 1300 292 terim
1313 260 1480 303 poffitesse
1491 270 1617 295 verum.
1646 263 1690 297 Et
1702 272 1782 298 tunc
1803 263 1985 298 istiusmodi
2005 273 2089 305 apo-

1208 308 1293 343 statae
1311 321 1485 344 erexerunt
1509 309 1689 352 Ecclefias,
1715 312 1764 347 uti
1785 315 1884 358 vespae
1897 315 2023 348 faciunt
2044 313 2087 346 sa-

1209 369 1266 393 vos
1280 385 1287 392 .
1315 361 1368 394 De
1378 359 1443 394 illis
1453 359 1542 395 enim
1554 361 1640 395 dixit
1649 362 1779 396 Sant'tus
1794 364 1932 406 Ioannes
1947 361 2089 407 Aposto-

1209 408 1273 443 lus:
1306 412 1485 444 Prodierunt
1506 423 1545 445 ex
1567 411 1651 444 nobis
1664 435 1675 451 ,
1698 411 1819 455 sednon
1836 424 1923 448 erant
1933 425 1970 447 ex
1984 413 2085 447 nobis.

1260 459 1418 495 Notanda
1430 462 1504 495 sunt
1517 461 1612 496 verba
1625 476 1634 495 :
1647 463 1807 496 Evolvam
1818 463 1950 498 ordinem
1971 461 2088 506 Episco-

1206 516 1312 550 porum
1320 509 1458 552 suorum,
1483 513 1540 545 &a
1567 511 1745 545 Affirmant
1755 511 1797 546 ad
1811 513 2004 557 Apostolicae
2017 515 2088 547 fun-

1209 558 1352 594 dationis
1365 562 1539 596 Ecclesram
1567 574 1636 596 non
1661 562 1803 596 sufficere
1814 564 2088 607 qualemcumque

1212 609 1448 653 Episcoporurn
1471 613 1723 653 succeffionem,
1750 612 1804 646 sed
1825 614 1943 656 requiri
1964 615 2062 648 talem
2077 636 2088 653 ,

1209 659 1299 702 cujus
1311 660 1433 702 primus
1447 661 1579 697 Author
1591 664 1643 697 seu
1657 662 1851 697 Antecessor
1862 664 1958 698 fuerit
1977 664 2018 697 ab
2029 663 2090 697 ali-

1210 720 1275 750 quo
1295 711 1461 753 Apostolo
1485 712 1534 745 vel
1557 708 1756 756 Apostoli'so
1781 712 2002 748 consecratus.
2031 715 2089 748 Et·

1209 760 1297 793 enim
1319 760 1417 794 debet
1438 762 1501 795 esse
1521 764 1623 796 rectus
1642 762 1676 797 &
1697 762 1809 797 firmus
1832 763 1915 799 ordo
1929 787 1940 804 ,
1964 763 2021 807 qui
2033 773 2089 806 per

1212 822 1278 844 non
1291 810 1523 855 interpolatam
1547 812 1671 847 lineam
1691 811 1865 848 adscendat
1884 813 1925 847 ad
1952 812 2091 856 Aposto-

1210 860 1259 894 los
1271 885 1281 899 ,
1308 872 1363 904 per
1382 859 1563 905 Apostolos
1573 862 1614 896 ad
1627 862 1794 897 Christum
1807 888 1818 904 ‚
1847 874 1901 907 per
1922 861 2090 899 Christum

1209 911 1249 944 ad
1261 911 1371 945 Deum
1383 935 1390 942 .
1418 912 1522 959 Qod
1537 922 1766 958 argumentum
1777 914 1820 947 est
1834 913 1957 949 Sanffis
1979 913 2091 948 Eccle-

1208 962 1257 994 fiae
1279 961 1430 996 Patribus
1452 963 1745 1003 frequentiffimum
1764 989 1771 996 .
1799 965 1933 998 Sanctus
1955 965 2090 999 Irenaeus

1207 1011 1346 1045 affirmat
1369 1023 1407 1050 ac
1431 1012 1633 1047 demonstrat
1656 1013 1888 1058 Evangelicam
1907 1013 2090 1049 doctrinam

1207 1061 1300 1095 fuisse
1311 1062 1344 1095 ὅ(
1358 1061 1455 1095 verbo
1465 1063 1498 1096 δε
1511 1063 1628 1106 scripto
1639 1064 1794 1097 traditam
1807 1062 1871 1099 toti
1893 1065 2022 1100 mundo
2032 1075 2090 1109 per

1209 1111 1391 1154 Apostolos
1412 1123 1449 1145 ac
1470 1113 1613 1156 ipsorum
1635 1112 1835 1156 discipulos,
1860 1123 1960 1158 atque
1986 1116 2089 1158 prose-

1207 1162 1318 1211 quitur
1340 1174 1351 1194 .-
1377 1163 1583 1196 Traditionem
1614 1169 1715 1206 itaque
1747 1163 1941 1205 Apostolorum
1963 1170 1996 1198 tn
2028 1174 2089 1199 toto
2104 1167 2165 1198 Lib.
2174 1177 2203 1205 3.

1207 1212 1318 1244 mundo
1328 1211 1552 1253 manifestatam
1566 1236 1577 1252 ,
1602 1219 1636 1246 in
1648 1218 1726 1244 omni
1738 1213 1867 1255 Ecclefia
1877 1214 1957 1254 adest
1975 1214 2087 1258 perspi·
2103 1216 2168 1246 ⁶³9·
2181 1218 2207 1238 ¹·
2215 1217 2243 1236 ²·

1207 1271 1269 1294 cere
1291 1261 1427 1293 omnibus
1449 1268 1502 1304 qui
1521 1273 1597 1295 vera
1618 1263 1721 1295 volunt
1743 1263 1871 1303 audire,
1898 1262 2088 1298 &habemus

1207 1312 1407 1344 adnumerare
1431 1322 1478 1344 eos
1498 1335 1509 1351 ‚
1550 1316 1602 1354 qui
1629 1311 1667 1344 ab
1697 1310 1835 1354 Apostoli:
1870 1312 1997 1353 instituti
2014 1312 2091 1358 sunt

1209 1358 1350 1403 Episcopi
1370 1365 1402 1393 in
1424 1359 1555 1401 Ecclefiis
1568 1384 1579 1401 ,
1599 1361 1815 1404 &Succefforer
1826 1373 1924 1396 eorum
1934 1361 2025 1408 usque
2045 1364 2092 1398 ad

1208 1423 1282 1450 nos,
1308 1409 1450 1452 quinibil
1458 1412 1519 1445 tale
1532 1412 1687 1444 docuerunt
1706 1422 1759 1445 nec
1768 1423 1973 1456 agnoverunt,
2001 1414 2091 1457 quale

1207 1461 1245 1493 ab
1259 1460 1308 1493 bis
1323 1459 1462 1499 Gnosticts
1474 1462 1638 1494 deliratur.
1666 1461 1819 1496 Affirmat
1828 1471 1945 1497 omnes
1967 1463 2092 1499 Prima-

1208 1521 1256 1545 tes
1277 1510 1434 1543 Ecclesias
1454 1507 1571 1544 habere
1593 1510 1828 1554 Episcoporum
1857 1513 2091 1549 succeffionem

1208 1561 1241 1595 &
1253 1560 1403 1594 ordinem
1415 1583 1426 1600 ,
1453 1561 1510 1604 qui
1522 1560 1563 1594 ab
1574 1561 1687 1605 aliquo
1699 1573 1755 1605 per
1767 1563 1949 1606 Apostolos
1964 1563 2092 1600 institu-

1210 1620 1246 1644 to
1254 1609 1353 1644 ducat
1364 1610 1541 1645 exordium
1553 1623 1564 1643 .-
1589 1612 1716 1645 Omnes
1726 1612 1848 1655 ubique
1859 1612 1946 1647 idem
1956 1613 2092 1653 docere,

1211 1660 1245 1694 ἀ
1269 1659 1414 1694 docuisse
1433 1661 1574 1704 semper,
1599 1661 1632 1695 ὅ(
1654 1659 1743 1695 hunc
1758 1664 1822 1696 effe
1833 1662 2091 1708 irrefragabilem

1210 1708 1424 1744 characterem
1437 1711 1581 1745 veritatis
1594 1735 1600 1742 .
1623 1710 1655 1745 A
1667 1722 1785 1756 genere
1795 1712 1962 1747 descendit
1973 1713 2013 1748 ad
2026 1714 2092 1757 spe-

1210 1761 1313 1794 ciem.
1342 1760 1490 1795 Adducit
1513 1761 1673 1796 Romanae
1694 1761 1841 1796 Ecclefiae
1862 1763 2092 1798 succeffionem

1211 1811 1310 1854 usque
1321 1809 1361 1844 ad
1373 1821 1453 1845 tunc
1464 1810 1627 1846 sedentem
1641 1812 1852 1847 Eleutherum
1864 1838 1875 1853 ‚
1887 1813 2088 1848 demonstrat

1211 1860 1388 1903 incoeptam
1410 1860 1428 1893 a
1448 1859 1548 1893 Petro
1571 1861 1604 1894 &
1631 1860 1734 1895 Paulo
1756 1862 1927 1905 Apostolis
1947 1888 1959 1904 ,
1998 1862 2091 1899 addit

1211 1908 1296 1944 hanc
1320 1910 1384 1944 esse
1397 1908 1610 1953 pleniffimam
1631 1911 1775 1944 veritatis
1785 1911 2003 1947 ostenfionem
2015 1937 2027 1954 ,
2055 1914 2090 1948 δι

1210 1960 1361 1995 asseverat
1382 1959 1517 1994 similem
1538 1960 1675 1995 aliarum
1688 1961 1903 1997 Ecclesiarum
1923 1962 2094 1998 succeffio-

1213 2019 1290 2044 nem
1309 2010 1397 2052 posse
1419 2008 1557 2051 produci
1570 2033 1577 2040 .
1607 2009 1649 2042 Et
1677 2007 1711 2042 in
1724 2012 1939 2052 quartolibro
1958 2012 2090 2047 scribite

1213 2061 1406 2102 ,Quapropter
1427 2063 1492 2098 eis,
1513 2063 1565 2099 qui
1586 2063 1618 2090 in
1644 2058 1771 2099 Ecclefia
1786 2058 1878 2101 sunt,
1907 2060 2092 2098 Presbyteri]
2107 2049 2242 2088 9944·

1213 2109 1354 2143 obaudire
1385 2114 1496 2150 oportet
1517 2133 1524 2140 .
1555 2113 1612 2142 His
1635 2114 1686 2150 qui
1710 2107 1900 2151 succeffonem
1926 2109 2036 2144 babent
2051 2109 2098 2145 ab.

1214 2158 1354 2202 apostolis
1363 2183 1374 2200 ,
1401 2163 1532 2200 quicum
1545 2156 1743 2200 Episcopatus
1752 2157 1917 2201 succeffione
1930 2159 2093 2204 charisma

1214 2214 1358 2243 veritatis
1378 2219 1492 2241 cerrum
1511 2206 1672 2251 secundam
1687 2210 1837 2242 Placitum
1859 2212 1965 2244 Patris
1977 2220 2092 2253 accepe-

1214 2269 1286 2293 runt
1295 2284 1302 2292 .
1330 2259 1469 2301 Reliquos
1480 2260 1552 2293 vero
1563 2261 1618 2302 qus
1633 2257 1780 2301 abfistunt*
1792 2261 1809 2293 ἑ
1815 2262 1978 2302 principali
1983 2260 2092 2305 succes-

1198 2322 1199 2355 j
1209 2309 1309 2351 sione,
1337 2311 1557 2352 &quocumque
1569 2310 1624 2341 loco
1633 2311 1827 2352 colliguntur,
1850 2308 2019 2353 suspetYos‚
2041 2311 2094 2346 vel

1214 2359 1454 2401 quafihaereticos
1465 2381 1476 2397 ‚
1502 2361 1536 2392 (ν
1547 2360 1636 2392 malae
1652 2364 1811 2401 sententt'ae
1821 2382 1831 2399 ‚
1857 2362 1911 2395 vel
1932 2361 2018 2404 quasi
2016 2359 2093 2404 stin*-

1214 2410 1322 2441 dentes
1342 2408 1479 2440 &elatos
1490 2423 1505 2446 ‚·
1528 2407 1624 2447 &fibi
1645 2410 1800 2449 placentes
1823 2433 1833 2448 ,
1858 2420 1912 2443 aut
1931 2413 2035 2445 rursr'u
2059 2418 2094 2443 ut

1215 2458 1379 2500 hypocritas
1392 2480 1403 2496 ,
1428 2455 1555 2499 quaellus
1572 2462 1679 2499 grana
1699 2459 1734 2491 o·
1746 2469 1837 2491 vanae
1848 2461 1955 2503 gloriae
1965 2459 2017 2495 boc
2027 2468 2094 2504 ope-

1214 2506 1446 2547 ramnfioe
1465 2505 1534 2548 est,
1559 2507 1635 2540 sunt
1656 2507 1816 2548 Haerefis,
1842 2508 2010 2551 Schisma,
2035 2519 2093 2545 aut

1216 2556 1502 2601 Para-Synagoga.
1529 2556 1574 2590 Et
1587 2557 1621 2590 in
1634 2558 1781 2601 sequenti
1804 2558 1945 2602 ejusdem
1957 2559 2032 2595 libri
2042 2571 2095 2595 ca·

1198 2587 1301 2657 ipite:
1330 2607 1385 2640 Ubi
1396 2604 1594 2650 charismata
1615 2610 1736 2642 Domini
1751 2608 1846 2651 posita
1862 2609 1957 2653 sunt,
1985 2611 2028 2644 ibi
2047 2612 2096 2644 di-

1213 2659 1292 2703 scere
1307 2665 1419 2700 oportet
1441 2662 1604 2692 veritatem
1616 2681 1627 2697 ‚
1649 2660 1734 2700 apud
1750 2671 1823 2702 quos
1844 2659 1883 2698 el}
1894 2673 1930 2694 ea
1941 2685 1952 2701 ,
1975 2673 2045 2704 quae
2053 2661 2095 2699 a&
2152 2696 2155 2706 γη

1218 2709 1355 2752 apostolis
1375 2707 1413 2748 est
1423 2705 1556 2748 Ecclefiae
1572 2704 1716 2750 succeffio.
1745 2710 1801 2744 Ad
1813 2710 2014 2754 Apostolicae
2022 2712 2095 2748 fun·

1216 2759 1361 2795 dationis
1370 2756 1545 2792 Ecclesiam
1565 2753 1674 2793 lucide
1694 2760 1834 2795 affirmat
1853 2773 1923 2797 non
1945 2761 2095 2807 quamvis

1219 2809 1449 2846 tucceffionem
1472 2806 1639 2849 sufficere,
1666 2808 1720 2844 sed
1743 2810 1827 2854 opus
1847 2812 1910 2846 effe
1921 2812 1997 2854 illa,
2024 2821 2096 2856 quoe

1222 2872 1276 2906 per
1287 2861 1404 2895 restam
1423 2858 1545 2892 lineam
1555 2857 1592 2891 sit
1608 2860 1708 2902 usque
1729 2859 1771 2895 ad
1784 2861 1983 2905 Apostolos,
2010 2862 2044 2896 ἃ
2054 2861 2096 2897 ab

1220 2910 1391 2955 Apostolis
1401 2906 1559 2951 acceperit
1566 2909 1733 2953 originem
1743 2935 1756 2952 ‚
1782 2912 1836 2945 seu
1850 2913 1990 2956 primum
2002 2910 2098 2947 inses-

1221 2965 1341 2997 sorem.
1368 2958 1472 2998 Tali,
1498 2968 1596 3001 quam
1609 2959 1729 2994 merito
1750 2961 1964 3006 principalem
1978 2969 2095 3001 vocae,

1221 3011 1417 3047 successione
1426 3017 1574 3043 carentes
1583 3018 1765 3050 conventus
1784 3011 1922 3048 affirmat
1934 3012 1952 3044 a
1963 3009 2096 3046 Christo

1222 3064 1360 3097 deviare.

1271 3112 1309 3146 In
1322 3109 1467 3146 secundo
1477 3107 1629 3145 adversus
1641 3110 1891 3148 Parmenianum
1902 3109 1987 3145 libro
1995 3110 2096 3146 etiam

1226 3165 1358 3200 Sanetus
1383 3161 1528 3204 Optatus
1548 3161 1687 3196 affirmat
1704 3163 1846 3206 primum
1857 3159 2017 3194 Romanae
2035 3160 2095 3194 Ec-

1226 3214 1326 3248 clefiae
1336 3211 1538 3255 Episcopum
1547 3211 1640 3246 fuiffe
1649 3213 1801 3247 Sanctum
1810 3208 1942 3244 Petrum
1956 3210 2096 3254 Aposto-

1228 3267 1294 3298 lum
1307 3288 1319 3304 ,
1345 3262 1413 3305 ejus
1431 3272 1548 3295 omnes
1568 3262 1670 3304 usque
1693 3262 1732 3295 ad
1747 3270 1827 3294 runc
1841 3259 2006 3294 sedentem
2017 3261 2098 3294 Siri-

1229 3317 1318 3349 cium
1328 3312 1529 3347 successores
1549 3320 1735 3350 enumerat,
1759 3309 1911 3355 &pergit
1934 3310 2102 3395 adstDona-

1946 3371 1971 3395 n
2000 3370 2055 3397 as:
