2346 3724
755 171 799 215 C
873 184 900 211 A
961 183 993 211 r
1063 181 1079 212 1
1135 183 1174 212 'r
1241 180 1263 212 1
1328 181 1363 211 S*
1445 166 1580 210 VIII.
1886 184 1981 223 119

1165 246 1308 294 primum
1332 245 1527 281 Platonicos
1547 244 1649 286 fecit»,
1674 255 1712 279 ae
1733 247 1849 290 deinde
1864 253 1971 295 paucis
1983 264 2056 299 mu·-¹

1163 299 1237 334 tatis
1261 309 1298 332 ac
1309 297 1490 332 emendatis
1503 296 1650 340 optimos
1664 294 1886 334 Christianos.
1911 296 2047 337 At'vero

1161 348 1296 394 quidam
1317 347 1336 381 ὲ
1359 344 1576 392 philosophis
1602 343 1781 381 christiani
1798 350 1976 385 nescierunt
1990 345 2058 387 sua?

1162 397 1383 441 Philosophiae
1396 398 1490 433 istam
1519 396 1680 432 medelam
1705 395 1891 438 impendere
1914 422 1925 438 ‚
1953 401 2054 443 atques

1161 450 1206 484 ita.
1229 449 1389 484 haeserunt
1402 450 1436 484 in
1449 448 1643 486 elementis,
1668 446 1786 481 &fasti
1799 447 1871 481 sunt
1888 445 2046 488 haetetici,

1163 499 1266 547 Qod
1288 498 1432 539 maxime
1445 510 1555 534 verum
1575 497 1621 535 est
1635 497 1676 534 de
1689 495 1858 534 Gnosticis
1869 521 1877 530 .
1925 536 1927 539 .
2052 507 2055 509 ·

225 260 300 285 tens
317 248 416 295 ipsam
437 247 456 282 ὲ
479 247 607 283 Divina
627 250 837 293 providentia
864 247 1107 294 proximiante

228 293 447 343 Evangelium
464 299 558 333 fuisse
571 300 695 334 missam
710 301 917 347 gentilibus,
943 309 1108 343 tamquam

223 349 295 393 ejus
309 349 548 390 praecursoriam
570 351 857 393 praepara'tionem.
885 350 930 384 Et
940 347 1020 383 hinc
1033 350 1108 384 Ori-

225 408 325 444 genes
346 421 369 436 ‚.
389 398 501 432 nostrae
521 400 605 441 apud
631 401 867 437 Alexandriam
888 398 1008 435 scholae
1032 399 1108 432 Do-

227 449 318 488 ssot,
343 448 494 484 Sanctum
535 449 735 494 Gregorium
755 451 1047 495 Thaumaturgum
1073 450 1107 484 &

222 493 308 533 alios
328 497 456 540 plures,
482 501 498 534 a
512 502 618 536 nostra
631 502 696 537 fide
707 498 1106 548 co'ptumaciteraversos,

1899 621 2031 633 ...,.——-

452 714 934 800 CAPUT
1047 709 1903 798 OCTAVUM„

278 904 477 1012 Quid
513 899 867 1005 curiofitas
895 902 1279 1011 praetendat
1323 925 1447 980 aut
1466 893 1995 1007 scrupulostms.

456 1087 569 1136 Obis
618 1087 866 1136 curiositate
911 1103 1024 1154 opus
1074 1103 1161 1134 non
1210 1080 1272 1135 est
1318 1085 1412 1152 post
1457 1085 1788 1133 CHRISTUM
1829 1086 2055 1147 JESUM,

489 1158 906 1224 nec.inquis1tione
951 1156 1047 1224 post
1083 1157 1369 1219 Evangelium
1403 1191 1415 1203 .
1488 1160 1603 1204 Cum
1655 1153 1868 1202 credimus
1899 1191 1912 1212 ,
1947 1152 2066 1207 nihil,

487 1226 775 1277 desideramus
811 1226 924 1278 ultra
959 1225 1131 1276 credere
1167 1263 1179 1274 .
1251 1230 1348 1276 Hoc
1386 1227 1502 1275 enim
1525 1225 1643 1292 prius
1672 1222 1888 1272 credimus
1918 1259 1932 1282 ‚
1970 1226 2058 1270 non

486 1297 567 1347 effe
603 1298 726 1365 quod
760 1298 874 1347 ultra
909 1297 1083 1347 credere
1119 1296 1353 1347 debeamus
1387 1335 1398 1346 .
1479 1298 1627 1344 Venio
1663 1297 1814 1360 itaque
1853 1291 1907 1341 ad
1933 1293 2061 1340 illum

216 1364 448 1412 articulum
485 1404 498 1429 ‚
557 1385 688 1434 quem
723 1372 766 1416 &
802 1367 932 1417 nostri
967 1367 1241 1434 praetendunt
1278 1367 1333 1416 ad
1370 1366 1605 1416 ineundam
1642 1364 1935 1412 curiositatem
1964 1399 1978 1422 ‚
2015 1366 2059 1410 δε

214 1434 409 1481 haeretici
459 1438 682 1485 inculcant
729 1437 784 1484 ad
821 1437 1143 1504 importandam
1190 1436 1556 1505 scrupulositatem
1605 1471 1617 1482 .
1692 1436 1909 1501 Scriptum
1959 1431 2067 1492 est,

213 1503 421 1567 inquiunt
448 1524 462 1561 3
543 1511 663 1553 uaerl'te
691 1542 705 1566 ,
740 1511 800 1552 <9⁴
828 1512 1020 1555 invenietis
1054 1543 1067 1554 .
1119 1507 1309 1573 Qando
1345 1509 1456 1555 hanc
1493 1522 1651 1553 vocem
1689 1507 1911 1552 Dominus
1948 1504 2056 1550 emi-

211 1570 264 1620 fit
297 1608 309 1631 ,
345 1574 621 1624 recordemur
654 1570 667 1624 ζ
740 1579 857 1625 Puto
907 1578 954 1624 in
1002 1578 1208 1642 primitiis
1245 1576 1342 1643 ipfis
1378 1575 1582 1623 doetrinae
1618 1572 1697 1622 suae
1725 1610 1738 1632 ‚
1773 1573 1874 1622 cum
1911 1571 2057 1620 adhuc

209 1640 480 1706 dubitaretur
515 1644 629 1713 apud
664 1663 814 1695 omnes
838 1683 851 1707 ‚
911 1662 968 1695 an
1002 1646 1201 1696 Christus
1239 1644 1341 1695 esset
1371 1665 1382 1693 :
1435 1649 1492 1693 Et
1529 1645 1630 1693 cum
1668 1642 1811 1691 adhuc
1858 1660 1937 1692 nec
1975 1645 2058 1690 Pe-

211 1726 302 1760 trus
350 1713 474 1763 illum
510 1719 603 1765 Dei
651 1718 810 1765 Filium
859 1715 1174 1784 pronunciasset
1212 1753 1225 1764 .
1298 1716 1414 1765 Cum
1460 1717 1593 1764 etiam
1631 1719 1830 1780 Joannes
1879 1711 1934 1761 de
1981 1713 2058 1761 illo

208 1797 351 1830 certus
404 1783 484 1834 effe
546 1784 710 1836 desisset
745 1823 758 1834 .
829 1787 997 1837 Merito
1033 1805 1137 1851 ergo
1173 1803 1279 1836 tunc
1315 1786 1478 1835 didium
1515 1786 1576 1834 est
1602 1822 1615 1845 ‚
1651 1788 1815 1849 Qaerite
1858 1788 1917 1829 Φ*
1950 1787 2061 1830 inve-

209 1856 314 1899 711’et1's
347 1890 360 1913 ,
409 1855 589 1923 quando
623 1856 877 1922 quaerendus
913 1857 1057 1907 adhuc
1094 1873 1188 1907 erat
1225 1894 1239 1919 ,
1296 1860 1374 1924 qui
1410 1856 1552 1904 adhuc
1588 1856 1762 1918 agnitus
1799 1871 1886 1903 non
1922 1869 2015 1902 erat
2041 1890 2053 1901 .

210 1925 271 1972 Et
318 1923 404 1972 hoc
454 1942 668 1992 quantum
720 1926 775 1975 ad
813 1926 993 1993 Judaeos
1029 1965 1042 1976 .
1114 1927 1190 1977 Ad
1242 1927 1341 1976 illos
1376 1930 1494 1976 enim
1530 1927 1720 1992 pertinet
1758 1940 1878 1974 totus
1916 1923 2069 1985 sermo,

210 1990 530 2056 suggillationis
568 1997 686 2045 istius
716 2033 729 2057 ,
765 2000 844 2063 qui
880 1997 1100 2047 habebant
1138 1999 1213 2047 ubi
1240 2014 1483 2065 quaererent
1513 1996 1737 2046 Christum
1772 2030 1785 2041 .
1859 1994 2065 2052 Habent,r

208 2065 356 2130 ianit
387 2100 399 2123 2
436 2065 621 2133 Moysen
657 2070 698 2114 &
735 2068 911 2116 Heliam
949 2106 962 2128 ‚
999 2067 1046 2118 id
1084 2068 1146 2118 est
1171 2105 1184 2129 ‚
1235 2071 1396 2131 Legem
1433 2073 1475 2118 &
1513 2067 1751 2132 Prophetas
1787 2063 2065 2114 Christumssss

206 2131 493 2199 praedicantes
529 2173 540 2184 .
613 2136 854 2187 Secundum
890 2138 1011 2205 quod
1061 2143 1104 2188 δε
1141 2138 1247 2187 alibi
1283 2140 1431 2205 aperte
1473 2158 1485 2184 ε
1535 2138 1768 2182 Scrutamini
1800 2171 1814 2194 ‚
1863 2136 2011 2202 inquit
2036 2171 2060 2194 ‚⁴

206 2207 424 2272 Scrirpturas
450 2242 463 2265 ‚
501 2211 539 2254 in
574 2209 701 2272 quibus
726 2205 896 2271 fiilutem
922 2208 1090 2276 speratis
1126 2244 1139 2255 .
1209 2207 1289 2253 lllae
1323 2212 1417 2253 enim
1452 2205 1494 2253 de
1529 2225 1586 2252 me
1632 2204 1830 2271 loquuntur
1864 2241 1876 2252 .
1949 2208 2050 2253 Hoc

206 2274 291 2322 erit
319 2295 330 2322 :
366 2278 531 2339 Qaerite
567 2283 625 2322 ξφ
660 2281 850 2324 invenietis
884 2313 897 2324 .
968 2281 1091 2326 Nam
1137 2281 1180 2325 δε
1215 2276 1439 2343 sequentia
1476 2278 1523 2325 in
1549 2273 1726 2341 Judaeos
1765 2291 2050 2342 competere..

206 2343 479 2392 manifestum
519 2345 579 2393 est
607 2366 620 2394 ε
656 2345 811 2410 Pulfizte
840 2352 905 2391 ’ἐφ’
939 2352 1123 2412 aperietur
1158 2348 1267 2392 vobis
1303 2382 1316 2393 .
1368 2344 1523 2411 *Judaei
1577 2345 1695 2394 retro
1730 2363 1863 2413 penes
1899 2351 2055 2395 Deum-

205 2410 379 2466 suerant
417 2450 433 2472 ‚
483 2413 644 2462 dehinc
681 2417 804 2478 eJeffi
851 2413 912 2463 ob
947 2414 1107 2464 delicta
1142 2431 1263 2464 extra
1300 2418 1449 2464 Deum
1484 2412 1564 2464 effe
1603 2433 1828 2482 coeperunt
1869 2451 1881 2462 .
1950 2418 2048 2466 Na-
2104 2428 2107 2431 ’
2142 2432 2143 2435 ’

207 2483 348 2530 tiones
397 2482 504 2533 vero
555 2501 777 2550 nunquam
830 2503 968 2551 penes
1018 2490 1163 2534 Deum
1194 2522 1207 2546 5
1251 2486 1330 2534 nisi
1378 2485 1647 2534 stillicidium
1695 2485 1751 2536 de
1788 2487 1946 2548 situla,
2000 2492 2045 2536 ὅτ.

206 2552 351 2619 pulvis
387 2571 439 2602 ex
474 2570 570 2603 area
596 2591 609 2615 ,
646 2559 688 2603 &
726 2554 829 2604 foris
866 2554 1028 2624 semper
1062 2593 1074 2604 .
1148 2561 1305 2623 ltaque
1353 2559 1432 2623 qui
1480 2556 1584 2605 soris
1621 2555 1784 2624 semper
1808 2594 1821 2618 ‚
1859 2574 2046 2624 quomo-

208 2620 270 2670 do
302 2622 489 2690 pulsabit
525 2625 579 2674 eo
616 2625 689 2673 ubi
727 2643 951 2692 nunquam
988 2626 1071 2675 fuit
1112 2626 1130 2674 ἓ
1181 2632 1327 2695 Qam
1373 2631 1547 2691 januam
1595 2630 1719 2677 novit
1767 2630 1813 2676 in
1862 2646 2042 2694 quam-⁴

209 2709 291 2739 nec
327 2710 527 2761 receptus
556 2731 569 2755 ,
606 2713 684 2743 nec
720 2701 880 2762 ejectus
917 2696 1155 2762 aliquando
1191 2695 1211 2745 ?
1280 2703 1353 2745 An
1402 2700 1481 2765 qui
1517 2696 1596 2746 scit
1632 2697 1673 2746 se
1708 2701 1825 2746 intus
1863 2697 2041 2758 fuisse„

208 2766 252 2810 δε
289 2761 399 2811 foras
436 2770 575 2813 actum
601 2803 614 2826 ‚
650 2768 686 2813 is
722 2770 868 2833 potius
905 2766 1093 2834 pulsabit
1116 2804 1128 2827 ‚
1165 2772 1208 2815 δε
1243 2766 1398 2815 ostium
1433 2771 1557 2816 novit
1596 2765 1615 2813 ?
1663 2770 1810 2815 Etiam
1835 2802 1848 2824 ‚
1886 2772 2041 2823 Petite„

208 2838 268 2878 (ξφ
303 2837 486 2901 accipietis
511 2872 523 2895 ,
560 2839 600 2884 ei
638 2840 856 2905 competit
882 2871 894 2895 ‚
939 2840 1016 2905 qui
1053 2835 1214 2886 sciebat
1251 2835 1277 2884 a
1313 2855 1404 2903 quo
1437 2835 1537 2886 esset
1573 2835 1809 2902 petendum
1834 2872 1848 2895 ,
1884 2833 1911 2884 a
1946 2855 2038 2904 quo

207 2907 252 2951 &
289 2919 380 2952 erat
416 2904 583 2970 aliquid
619 2905 910 2974 repromissum
938 2927 949 2956 ε
1003 2905 1029 2956 a
1066 2912 1168 2957 Deo
1202 2906 1366 2956 scilicet
1402 2906 1626 2955 Abraham
1658 2942 1671 2966 ,
1725 2905 1842 2954 Isaac
1889 2911 1932 2955 δε
1956 2913 2037 2973 Ja-

205 2971 292 3022 cob
317 3009 331 3033 ,
368 2991 500 3039 quem
538 2978 733 3027 nationes
770 2996 856 3027 non
893 2980 1032 3040 magis
1067 2993 1286 3029 noverant
1322 2974 1457 3044 quam
1493 2977 1627 3026 ullam
1668 2976 2037 3044 repromissionem

204 3048 294 3109 ejus
329 3079 342 3090 .
416 3049 473 3092 Et
508 3044 609 3093 ideo
645 3046 701 3095 ad
736 3047 861 3097 Israel
899 3047 1196 3115 loquebatur:
1235 3052 1342 3114 Non
1366 3048 1461 3113 firm
1487 3085 1500 3109 ,
1538 3049 1734 3114 inquits,
1769 3043 1890 3111 miffiis
1920 3085 1933 3109 ‚
1969 3049 2038 3112 nist

202 3115 257 3162 ad
291 3134 377 3161 oves
407 3115 571 3182 perditas
610 3115 735 3164 domus
767 3117 888 3183 lfiael
921 3156 934 3167 .
1006 3119 1221 3170 Nondum
1268 3116 1446 3168 Canibus
1495 3118 1681 3183 ja&abat
1724 3135 1885 3186 panem
1923 3118 2035 3166 filio-

200 3203 294 3234 rum
316 3220 328 3243 ‚
370 3185 562 3234 nondum
598 3189 644 3235 in
680 3189 798 3237 viam
835 3192 1061 3238 nationum
1097 3192 1159 3240 ire
1197 3189 1430 3240 mandabat
1465 3224 1477 3235 .
1547 3190 1589 3235 Si
1637 3187 1814 3255 quidem
1863 3192 1908 3238 in
1947 3189 2034 3238 fine

202 3256 403 3322 >praevcepit
427 3294 440 3316 ,
486 3273 534 3305 ut
571 3256 777 3306 vaderent
813 3258 869 3307 ad
904 3258 1120 3309 docendas
1168 3265 1211 3309 δε
1258 3258 1485 3323 tingendas
1533 3260 1732 3309 nationes
1767 3296 1780 3318 ‚
1831 3256 2034 3309 consecu-

204 3328 289 3373 turi
325 3343 426 3374 mox
463 3330 670 3394 Spiritum
707 3332 903 3378 Sanctum
929 3332 1209 3388 ,Paracletum
1250 3368 1264 3392 ‚
1309 3335 1389 3399 qui
1424 3330 1522 3383 illos
1559 3324 1813 3378 dedusturus
1849 3327 1949 3379 esset
1984 3331 2031 3379 in

302 3395 388 3435 crist.
401 3398 480 3439 Lupi·
493 3402 591 3439 opera
601 3401 680 3432 Tom.
701 3402 759 3432 IX.
1544 3400 1573 3435 L
1628 3412 1650 3437 2
1851 3410 1985 3434 omnem
