2346 3724
251 273 330 301 nus,
355 270 419 292 cum
437 263 512 301 puer
536 259 602 301 esset
614 283 624 298 ‚
651 257 816 301 &disceret
835 258 955 291 litteras
973 280 982 294 ‚
1009 266 1073 287 rum
1085 255 1136 286 di-

251 313 334 354 xiffit
343 309 477 353 magister
498 311 561 349 ejus
575 334 585 349 ‚
610 310 857 350 quemadmodum
882 312 914 340 in
926 304 1136 348 consuetudine

250 361 312 402 est,
336 362 393 391 Dic
405 364 438 391 Δ.
454 383 466 399 ,
490 358 642 402 respondit
659 364 690 391 A.
705 360 822 392 Rursus
833 369 898 391 cum
911 355 1048 399 Magister
1057 356 1138 396 juffii

249 421 316 443 eum
336 411 429 442 dicere
444 434 454 448 ‚
481 411 520 441 Β,
534 407 706 452 respondisse
728 413 887 441 Dominum
901 431 911 447 ,
939 410 983 439 Tu
993 411 1078 447 prior
1092 407 1139 438 dic

249 458 326 493 mibi
347 460 424 502 quid
443 458 481 498 est
494 464 527 492 A.
543 470 614 493 tunc
630 471 680 503 ego
701 461 799 501 dicam
822 457 879 491 tibi
899 458 976 499 quid
994 455 1032 496 est
1045 458 1139 487 B.Et

250 509 302 543 boc
314 518 492 551 exponunt,
518 509 602 552 quafi
620 508 769 552 ipsesolus
793 514 970 551 incognitum
989 505 1138 549 sciverit,

252 561 332 601 quod
354 560 562 601 manifestavit
589 566 623 592 in
646 568 744 601 typum
769 564 802 590 Α.
826 556 1023 591 Garriebant
1048 554 1137 599 quod

251 610 423 644 Dominus
447 621 503 653 per
514 610 554 643 A.
568 610 775 644 intellexisset
796 608 887 642 suum
901 608 1031 642 Patrem
1043 607 1139 640 inco·-

252 660 386 703 gnitum
406 659 554 694 humano
577 660 714 704 generi,
738 659 813 693 coeli
834 670 871 693 ac
882 670 970 693 terrae
983 657 1139 692 Creatore

252 710 452 753 superiorem
465 737 472 743 .
490 710 643 753 Ejusdem
657 708 732 744 libri
745 709 898 744 meminit
909 709 1043 748 Sanctus
1054 705 1139 740 Ana-

253 759 366 793 stasius
387 761 531 795 Sinaita:
559 759 693 803 Observa
707 759 800 803 falsa
827 749 1052 802 &suppofl'iitia
1064 757 1115 799 effe
1130 781 1140 796 ‚

254 821 324 852 quae
335 820 481 844 vocantur
487 812 617 853 puerilia
629 808 740 849 Christi
748 810 894 844 miracula
904 834 912 841 .
941 813 1051 851 Neque
1060 810 1141 842 enim

253 862 358 901 aperte
374 885 386 900 ,
412 862 474 895 luce
478 863 606 903 palam,
633 861 809 893 miraculum
820 861 920 892 edidit
933 865 966 892 in
977 868 1060 892 terra
1070 880 1081 898 ,
1106 866 1140 889 ut

253 911 329 943 dicit
349 913 551 954 Evangelium
567 933 579 950 ,
604 912 678 943 anie
703 910 880 944 miraculum
902 911 981 943 iliud
1003 914 1037 941 in
1052 912 1141 939 Cana

254 961 416 1002 Galilaea,
441 960 492 994 ubi
512 971 623 1003 aquam
644 965 676 992 in
686 966 795 993 vinum
821 966 986 999 mutavit,
1000 957 1057 1000 sed
1066 965 1141 990 totos

254 1011 321 1043 illos
332 1017 461 1055 triginta
469 1022 567 1044 annos
577 1010 712 1051 exemplo
735 1011 770 1044 ὰ
781 1011 860 1043 more
869 1009 961 1048 nostro
972 1005 1120 1050 transegit
1133 1031 1143 1045 ,

253 1068 374 1100 excepto
391 1059 455 1102 [δίο
460 1067 601 1101 peccato,
627 1070 809 1101 quamquam
828 1069 918 1092 verus
929 1062 1011 1090 Deus
1021 1056 1087 1100 effet
1109 1057 1143 1090 ὑ

253 1118 325 1142 ante
345 1108 452 1151 &post
462 1110 638 1151 affumptam
649 1119 757 1142 veram
767 1114 900 1144 carnem
910 1132 918 1141 .
944 1108 1038 1142 Hinc
1052 1117 1143 1141 more

253 1157 391 1199 nostro,
417 1159 576 1201 quoniam
596 1158 786 1204 ignorantia
810 1160 857 1194 est
885 1159 1000 1194 nostrae
1026 1166 1145 1192 naturae

254 1209 373 1253 vitium
385 1233 396 1250 ,
423 1221 494 1244 non
506 1209 727 1253 frequentavit
745 1209 874 1245 scholas
884 1234 896 1251 ,
924 1221 984 1243 nec
996 1206 1145 1252 alphabe-

254 1269 328 1292 tum
347 1259 486 1293 didicit.
514 1260 620 1294 Lucet
641 1272 682 1294 ex
703 1260 888 1303 Judaeorum
908 1257 1145 1294 admirabunda

256 1309 520 1352 interrogatione
543 1322 553 1342 .·
580 1311 735 1353 ‚Quomodo
755 1309 805 1343 hic
822 1313 945 1345 litteras
969 1307 1023 1350 scit
1044 1332 1055 1349 ‚
1081 1318 1147 1341 cum

256 1370 315 1392 non
337 1359 476 1392 didicerit
491 1358 508 1389 ‚2
535 1358 795 1402 Eutychianistae
818 1360 951 1393 fuerunt
973 1356 1147 1392 Valentini

255 1409 403 1442 surculus
426 1432 434 1439 .
462 1407 557 1442 Hinc
583 1408 644 1443 issa
675 1408 786 1442 fabula
816 1408 978 1442 ambobus
1005 1407 1146 1450 placuit.

256 1455 412 1499 Ejusdem
433 1456 509 1490 libri
523 1458 677 1491 meminit
702 1457 736 1490 in
748 1459 806 1490 suo
822 1458 915 1499 super
926 1458 1033 1491 Sanffi
1047 1457 1149 1499 Joan-

255 1506 306 1540 nis
333 1505 557 1550 Evangelium
588 1505 830 1540 commentario
855 1505 1148 1548 Theophyiaaus.

255 1555 454 1591 Demonstat
475 1554 645 1588 Christum
669 1555 857 1589 Dominum
882 1557 980 1599 usque
994 1553 1034 1587 ad
1051 1556 1149 1588 susce·

255 1616 350 1650 ptum
361 1604 380 1638 ὲ
394 1606 521 1649 Ioanne
534 1605 702 1648 Baptisma
713 1607 807 1639 fuisse
831 1606 961 1649 populis
972 1606 1126 1650 ignotum
1139 1629 1149 1644 ‚

120 1673 192 1708 Cap.
213 1679 238 1699 1,
256 1657 529 1699 &prosequiturz
557 1664 617 1690 Hoc
628 1656 687 1688 loco
710 1654 847 1698 discimus
864 1680 874 1695 ,
899 1657 983 1697 quod
1002 1656 1149 1688 miracula

251 1710 395 1749 pueritiae
417 1704 531 1742 Cbristi
545 1705 608 1746 fint
630 1705 753 1747 confii‘la
780 1707 984 1739 &mendacia
999 1730 1006 1737 .
1032 1709 1149 1747 Compo-

251 1755 311 1800 fita
322 1753 361 1787 ab
373 1754 423 1787 kls
435 1778 447 1794 ‚
473 1761 526 1796 qui
548 1756 684 1788 deridere
697 1755 837 1789 volebant
857 1754 1017 1795 mysterium
1028 1779 1036 1786 .
1062 1759 1150 1788 Nam

251 1804 409 1849 fifuzffent
433 1816 509 1838 vera
526 1828 537 1844 ,
562 1807 703 1847 quomodo
723 1810 839 1847 ignotus
852 1805 960 1849 fuiffet
984 1809 1147 1844 Dominus,

258 1861 311 1899 qui
321 1855 383 1888 haec
387 1854 550 1896 faciebat?
576 1858 768 1897 Neutiquam
790 1860 870 1887 enlm
884 1854 1040 1897 verifimile
1051 1854 1151 1896 fuerit

259 1918 317 1939 non
331 1905 423 1947 fuiffe
446 1903 605 1945 celebrem,
633 1910 685 1946 qui
695 1907 772 1938 talia
783 1904 941 1947 faciebat.
970 1906 1080 1938 Verum
1093 1916 1151 1937 non

256 1962 304 1989 ita
314 1955 352 1994 est
363 1980 370 1986 .
399 1958 473 1987 Non
485 1958 564 1987 enim
576 1963 741 1996 antequam
765 1954 972 1996 baptizaretur
981 1980 992 1996 ,
1013 1954 1097 1998 figna
1103 1954 1148 1996 fe·

256 2013 323 2046 cit,
348 2010 586 2046 nequecognitus
599 2011 680 2036 erat.
710 2005 862 2038 Eundem
875 2004 995 2038 librum
1018 2007 1150 2039 damna—

260 2055 307 2090 vit
328 2055 363 2086 in
380 2054 435 2085 sua
448 2051 590 2094 synodo
612 2054 747 2087 Sanctius
760 2052 849 2097 Papa
861 2054 1008 2088 Gelafius'
1018 2079 1025 2086 .

309 2103 445 2137 Sanctus
469 2102 606 2135 Irenaeus
627 2104 732 2148 pergit
750 2103 792 2138 de
816 2103 1077 2139 Valentinianis:
1109 2109 1151 2137 Hi

813 187 837 216 Α
1004 185 1020 214 Ῐ
1092 186 1116 213 Τ

910 188 932 216 1·

123 2127 244 2207 ζξὲϋῤ
260 2158 311 2196 qui
328 2151 403 2196 sunt
424 2153 445 2183 ἃ
467 2151 652 2192 Valentino,
678 2154 786 2186 iterum
799 2153 960 2195 existentes
985 2163 1074 2187 extra
1095 2166 1147 2187 om-

260 2215 328 2238 nem
338 2209 474 2244 timorem
485 2227 496 2242 ‚
521 2201 595 2245 suas
606 2201 829 2244 conscriptiones
837 2204 1026 2245 proferentes
1043 2228 1051 2243 ‚
1059 2205 1151 2244 plura

261 2254 368 2287 habere
387 2254 558 2297 gloriantur
577 2275 586 2291 ‚
614 2255 706 2294 quiim
722 2252 784 2293 fine
805 2252 874 2295 ipsa
884 2255 1078 2296 Evangelia.
1109 2254 1149 2284 Si-

259 2306 382 2347 quidem
403 2309 436 2335 in
448 2311 571 2335 tantum
578 2303 770 2345 procefferunt
794 2304 929 2336 audaciae
942 2327 954 2342 ,
979 2311 1011 2334 ut
1023 2303 1105 2344 quod
1112 2302 1149 2334 ab

260 2355 308 2387 his
330 2365 387 2386 non
407 2353 476 2384 olim
495 2350 692 2393 conscriptum
713 2352 752 2389 eli
786 2375 799 2391 ,
840 2357 983 2384 veritatis
1007 2355 1149 2394 Evange-

259 2406 336 2437 lium
347 2402 470 2435 titulent
481 2423 492 2439 ,
511 2406 546 2432 in
557 2400 637 2432 nullo
645 2404 824 2432 conveniens
835 2399 1028 2441 Apcfiolorum
1040 2403 1070 2432 E
1072 2411 1147 2433 van-

261 2564 359 2592 tuor‚
383 2563 454 2595 quae
476 2551 510 2584 δε
523 2550 577 2593 ipsi
592 2550 736 2584 venerari
748 2548 945 2583 fimulabant
961 2575 972 2590 ‚
1001 2550 1148 2595 Evange-

262 2604 316 2636 liis
337 2612 405 2635 non
430 2599 631 2634 concordare
653 2602 684 2633 in
699 2601 891 2644 Dogmate,
917 2599 1057 2644 ideoque
1078 2611 1146 2634 non

263 2654 325 2687 else
340 2652 483 2685 veritatis
496 2651 716 2695 Evangelium
726 2673 737 2690 ‚
753 2651 806 2685 sed
819 2661 1046 2684 commentum
1059 2662 1148 2684 men-

262 2702 351 2736 dacii
374 2727 382 2734 .
420 2700 576 2743 Ejusdem
597 2701 780 2735 commenti
810 2700 938 2735 videtur
965 2701 1148 2735 meminisse

108 2782 185 2810 Haer.
202 2781 249 2808 26.
265 2753 400 2787 sanstus
418 2748 644 2794 Epiphanius:
670 2754 747 2784 sunt
761 2763 800 2784 ex
829 2750 971 2791 Gnosia-is
993 2752 1148 2792 nonnulli,

108 2829 172 2857 cap,
199 2829 224 2846 ,Π
263 2809 318 2845 qui
336 2803 540 2835 adulterinum
565 2802 740 2842 quoddam,
767 2803 802 2835 <v
821 2800 1011 2843 adscititium
1039 2804 1147 2834 Poema

264 2855 430 2888 venditant
461 2875 472 2890 ,
507 2854 588 2893 quod
611 2860 685 2892 opus
719 2850 881 2894 inscribunt
906 2875 917 2891 ‚
956 2850 1147 2892 PerfeHionis

266 2903 495 2946 Evangelium‚
518 2903 582 2933 cum
590 2902 696 2934 revera
718 2913 776 2935 non
791 2901 1014 2945 Evangelium‚
1036 2899 1092 2944 sed
1100 2903 1146 2933 do-

263 2956 338 2988 loris
347 2951 385 2993 fii
398 2963 432 2984 ac
442 2951 539 2984 lucius
554 2951 709 2992 perfidio.
738 2950 888 2994 Universa
909 2953 1020 2992 quippi?
1040 2951 1073 2985 Θ
1084 2963 1144 2985 con-

262 3003 414 3048 summata
429 3007 533 3034 mortis
551 3000 697 3034 acerbitas
710 3008 743 3034 in
753 3014 784 3035 eo
795 3002 916 3034 Diaboli
931 3001 1013 3042 foetu
1021 3007 1146 3035 contine-

265 3065 316 3088 tur
326 3079 333 3086 .
356 3050 571 3086 perfectionis
583 3051 801 3095 Evangelium
813 3052 940 3085 videtur
954 3052 1046 3085 fuiffe
1059 3051 1144 3085 idem

264 3116 341 3139 cum
356 3101 540 3146 Evangelio
559 3100 718 3134 veritatis.
749 3100 951 3144 Epiphanius
974 3100 1141 3146 adjungit:

267 3156 328 3188 Alii
340 3157 369 3186 E
373 3153 544 3196 vangelium
557 3154 640 3184 Evae
647 3149 707 3192 fine
719 3151 776 3183 ullo
785 3153 896 3192 pudore
902 3151 1053 3191 jallitant
1063 3176 1073 3190 ,
1090 3151 1144 3194 sub

265 3207 356 3247 hujus
378 3210 458 3238 enim
480 3208 613 3239 nomine,
637 3203 737 3242 utpote
759 3212 826 3242 quae
850 3207 1022 3245 cognitionis
1045 3213 1146 3235 nomen

265 3260 458 3298 asts-pente,
486 3263 606 3295 quocum
627 3251 762 3284 collocuta
765 3250 854 3292 fuit,
879 3253 1035 3290 didicerit,
1059 3252 1145 3295 perfi-

264 3308 325 3340 dsae
345 3305 409 3350 suae
426 3304 542 3346 semina
559 3300 753 3345 sparserunt.
780 3301 884 3349 Qod
907 3300 1008 3343 Julius
1022 3301 1145 3336 Cassia-

266 3366 326 3390 nus
337 3381 348 3397 ,
374 3355 392 3388 ὲ
402 3354 575 3389 Valentini
591 3352 700 3387 schola
713 3362 787 3386 cum
801 3351 1039 3386 Encratitarum
1053 3352 1144 3385 Prin-

1187 187 1203 215 1

1190 1644 1193 1653 ‹

254 2454 363 2497 gelus,
389 2460 424 2483 ut
444 2461 493 2482 nec
515 2450 718 2493 Evangelium
741 2451 860 2491 quidem
877 2449 918 2491 fit
929 2452 1015 2491 apud
1033 2461 1079 2482 eos
1088 2449 1132 2491 fin

261 2501 445 2546 bliisphemia
456 2526 463 2532 .
492 2498 645 2533 Affirmat
655 2499 738 2532 istun
756 2500 978 2544 Evangelium
990 2501 1061 2533 aliis
1073 2511 1147 2543 qua·

1276 185 1294 214 S
1912 191 2001 223 1‘7*

1400 171 1626 216 XVII.
1950 209 2001 236 l>

1198 256 1270 297 cipe
1284 254 1435 288 Tatiano
1448 254 1570 288 docens
1590 253 1693 288 homo
1707 280 1717 296 ,
1744 258 1783 291 ad
1796 261 1883 301 plura
1895 264 1967 296 usus
1980 263 2075 297 fuerit

1200 306 1386 349 Evangelio
1398 304 1575 339 secundum
1589 304 1774 349 AEgyptios
1787 331 1797 346 ‚
1825 302 1954 345 testatur
1966 315 1998 345 in
2016 323 2077 346 ter-

1199 355 1248 389 tio
1272 357 1472 389 stromatum
1498 355 1583 390 libro
1604 356 1739 389 Sanetus
1757 356 1911 392 Clemens
1937 362 2077 396 Alexan-

1198 406 1329 438 drinus.
1358 404 1446 438 istud
1464 406 1682 451 Evangelium
1707 405 1798 440 fuisse
1810 408 1826 440 ὲ
1840 406 2079 452 PseudmApo-

1199 455 1290 488 stolis
1307 455 1550 498 conscriptum,
1580 456 1613 490 δε
1633 456 1651 490 a
1675 457 1793 490 sancio
1814 458 1903 492 Luca
1926 460 2079 501 reproba·-

1199 516 1269 539 tum
1284 529 1295 545 ,
1321 504 1455 539 testatur
1476 506 1510 539 in
1523 508 1654 540 suorum
1669 508 1995 541 Commentariorum
2008 519 2080 552 prae-

1201 557 1324 590 satione
1337 554 1613 599 Theophylastus
1624 582 1631 589 .

1250 606 1382 640 Sanstus
1394 604 1600 649 Epiphanius
1619 606 1753 642 adducit
1774 608 1938 652 integrum
1961 607 2082 642 catalo-

1200 667 1279 700 gum
1303 656 1485 689 istiusmodi
1510 654 1791 700 apocryphorum.
1818 658 2030 702 Pergitenim
2043 657 2086 690 de

1203 707 1390 740 memoratis
1401 705 1586 740 Gnosticis:
1618 708 1705 739 Libri
1711 717 1804 749 penes
1823 710 1887 741 illos
1899 708 2084 750 quampluri-

1201 756 1323 799 misum
1336 781 1343 788 .
1370 760 1457 789 Nam
1466 761 1711 800 interrogationes
1735 757 1879 800 quasdam
1890 762 2000 791 Μανία
2012 769 2084 792 ven·

1203 809 1304 840 ditant
1316 831 1323 838 .
1351 806 1471 850 Aiiifisb
1482 807 1553 840 Seth
1564 813 1679 840 nomine
1701 810 1859 850 complures
1882 809 1971 842 libros
1979 807 2085 851 suppo·

1196 856 1302 898 fititios
1315 857 1474 890 obtrudunt
1487 882 1494 889 .
1525 859 1585 890 Sed
1603 860 1638 891 (9
1651 859 1760 890 Adami
1771 861 1966 892 revelationes
1986 861 2064 891 alias
2076 882 2084 889 .

1204 911 1247 939 Et
1258 909 1319 939 alia
1327 913 1397 940 item
1410 910 1582 951 Evangelia
1595 907 1801 951 discipulorum
1813 915 1927 942 nomine
1943 908 2015 952 fient
2027 906 2090 949 aust

1203 956 1396 1000 conscribere.
1423 958 1528 991 Addit
1544 959 1657 991 Mariae
1667 959 1885 992 revelationes
1908 960 1970 993 esse
1981 957 2087 1001 dupli-

1205 1019 1269 1041 ces:
1300 1008 1444 1051 Majores
1456 1019 1493 1040 ac
1505 1008 1668 1042 minores.
1698 1008 1824 1042 Ambas
1847 1011 1959 1053 plenas
1983 1009 2088 1050 impu-

1205 1057 1347 1092 dicitiis.
1375 1058 1511 1091 Etinfra
1527 1070 1537 1090 τ
1561 1058 1686 1099 Infinita
1700 1067 1792 1099 penes
1804 1060 1867 1091 illos
1877 1058 1950 1102 sunt
1962 1056 2088 1102 suppofi-
2106 1054 2177 1091 Ca?-
2200 1063 2245 1082 ¹2·

1206 1114 1274 1140 titia
1294 1117 1382 1148 atque
1403 1108 1593 1149 impudenter
1615 1107 1735 1149 confie‘la
1756 1114 1954 1141 monimenta.
1983 1105 2090 1150 Cujsisl

1206 1160 1284 1190 modi
1306 1157 1344 1197 est
1365 1156 1458 1195 liber,
1485 1162 1537 1198 qui
1558 1158 1595 1188 de
1613 1163 1749 1199 progenie
1772 1162 1880 1190 Mariae
1903 1157 2091 1200 inscribitur.

1208 1212 1244 1241 In
1257 1219 1313 1250 quo
1325 1206 1479 1245 horribilia
1488 1208 1628 1248 quaedam
1641 1218 1674 1238 ac
1689 1207 1863 1246 detestanda
1873 1208 1988 1240 illorum
2002 1207 2092 1238 Dic‘la

1206 1264 1394 1291 continemur
1417 1281 1424 1288 .
1452 1257 1495 1290 Et
1519 1257 1643 1290 rursum
1665 1269 1672 1288 :
1702 1259 1856 1291 Praetereci
1884 1258 2092 1301 Evangelium

1208 1309 1360 1350 quoddam
1376 1305 1435 1350 sub
1457 1306 1616 1348 Philippi,
1640 1305 1809 1349 saniliffimi
1832 1307 1941 1347 Christi
1956 1306 2094 1350 Discipu-

1208 1360 1232 1391 li
1258 1382 1268 1396 ‚
1296 1362 1411 1389 nomine
1436 1357 1672 1397 circumferunt.
1699 1357 1812 1400 Pergit
1839 1359 1879 1391 de
1906 1357 2093 1391 Ebionitis:

1213 1411 1241 1439 E
1245 1407 1366 1440 bionitae
1381 1406 1549 1447 apostolicos
1561 1408 1635 1438 alios
1649 1407 1735 1438 allus
1742 1407 1904 1448 proferunt
1914 1433 1924 1448 ,
1946 1415 1978 1440 in
1989 1407 2093 1449 quibus

1208 1459 1343 1499 plurima
1352 1455 1422 1499 sunt
1435 1461 1603 1497 impietatis
1613 1457 1732 1489 illorum
1747 1457 1870 1501 vestigia
1883 1482 1893 1496 ,
1918 1457 2035 1500 ejusque
2044 1466 2098 1499 po·

1212 1507 1346 1545 riffimum
1356 1506 1430 1539 iibri
1439 1505 1621 1539 authoritate
1635 1508 1680 1538 ad
1694 1510 1926 1549 oppugnandam
1939 1516 2097 1541 veritatem

1213 1565 1374 1587 armantur
1396 1580 1403 1586 .
1445 1554 1497 1587 Ex
1517 1555 1590 1596 ipso
1616 1554 1757 1598 probant
1783 1557 1936 1591 Sanstum
1958 1557 2099 1592 Paulum

1213 1606 1308 1638 fuiffe
1321 1615 1389 1639 non
1403 1615 1516 1639 natura
1530 1605 1676 1649 Judaeum
1690 1630 1703 1646 ‚
1729 1605 1783 1640 sed
1798 1607 1959 1651 gentilem
1977 1619 2016 1644 ac
2032 1619 2103 1652 pro-

1214 1655 1372 1698 selytum.
1401 1654 1444 1688 Et
1475 1656 1559 1690 infra
1580 1670 1588 1689 τ
1617 1656 1772 1691 Ebionieae
1796 1657 1989 1698 Apostolorum
2013 1664 2104 1692 nomi·
2123 1671 2255 1703 (Er-23·

1214 1717 1255 1738 na
1269 1729 1280 1744 ‚
1306 1708 1364 1747 quo
1380 1704 1506 1747 facilius
1518 1707 1680 1740 Sec‘iatores
1699 1707 1768 1750 sum
1785 1709 1966 1750 pelliciam,
1991 1717 2044 1751 per
2061 1708 2105 1754 [ὴ
2170 1698 2176 1708 Δ

1213 1756 1404 1788 mulationem
1421 1757 1592 1790 admittunt
1604 1782 1615 1797 ,
1643 1758 1751 1799 quibus
1764 1763 1856 1791 eiiam
1878 1759 2011 1801 confic‘los
2022 1757 2107 1801 quos-

1213 1806 1287 1837 dam
1312 1807 1332 1837 ἃ
1341 1803 1476 1847 selibros
1497 1805 1661 1848 inscribunt
1676 1832 1687 1847 ,
1714 1809 1796 1841 velut
1818 1811 1839 1840 ἃ
1853 1811 1886 1852 J
1888 1809 1994 1848 acobo,
2023 1812 2105 1841 Mat-

1214 1855 1294 1888 thaeo
1305 1877 1315 1893 ,
1340 1866 1375 1888 ac
1387 1856 1510 1896 reliquis
1521 1856 1676 1899 distipulis
1688 1859 1782 1890 editos
1793 1882 1801 1889 .
1829 1863 1914 1892 Inter
1926 1870 1994 1902 quae
1998 1863 2030 1904 J
2033 1871 2102 1891 oan-

1215 1911 1262 1938 nis
1275 1910 1368 1938 etiam
1382 1905 1504 1947 Apostoli
1519 1918 1625 1940 nomen
1635 1907 1802 1950 admiscent
1815 1921 1823 1940 z
1850 1911 1922 1952 ,Quo
1943 1921 2042 1944 eorum
2055 1920 2106 1942 vea

1212 1956 1313 1989 cordia
1332 1955 1417 1997 piffit
1442 1967 1479 1988 ex
1499 1963 1577 1989 omni
1599 1966 1689 1999 perte
1714 1957 1921 1999 deprehendi.
1968 1960 2103 1993 Etenim

1214 2006 1348 2039 sanctus
1361 2006 1506 2048 Joannes
1521 2016 1634 2041 contra
1659 2008 1746 2049 ipsos
1760 2008 1880 2049 scripsit
1905 2009 1939 2041 ἅ
1951 2008 2104 2051 epistolas

1215 2056 1302 2094 suas,
1329 2066 1367 2088 ac
1378 2056 1548 2098 praesertim
1562 2057 1783 2100 Evangelium
1800 2081 1807 2088 .
1835 2058 1934 2091 Adeo
1949 2058 2020 2101 iplis
2032 2069 2101 2093 non

1215 2105 1315 2138 favit.
1345 2104 1390 2138 Et
1411 2116 1487 2139 cum
1512 2103 1644 2138 Ebione
1668 2105 1779 2150 noluit
1794 2106 1914 2141 intrare
1924 2118 2103 2144 commune

1215 2156 1370 2188 balneum
1381 2177 1389 2186 .
1417 2155 1529 2187 Etiam
1542 2153 1584 2188 de
1596 2154 1730 2198 Cajanis
1752 2156 1864 2192 scribit
1876 2159 2012 2193 Sanetus
2027 2159 2105 2203 Epi-

1216 2204 1355 2247 phanius
1367 2216 1375 2236 2
1386 2205 1502 2243 Cajani
1505 2208 1538 2247 J
1540 2205 1632 2237 udam
1642 2208 1817 2241 traditorem
1829 2209 1880 2252 ff
1889 2210 2006 2251 affinem
2011 2208 2103 2252 suum

1208 2254 1361 2293 jaliitant
1372 2277 1384 2294 ‚
1410 2255 1567 2296 eidemque
1577 2257 1769 2291 excellentem
1788 2261 1944 2301 quandam
1965 2266 2031 2294 vim
2052 2272 2102 2294 co-

1208 2309 1357 2345 gnitionis
1378 2303 1568 2337 attribuunt.
1596 2308 1688 2350 ‚Quod
1704 2306 1795 2350 usque
1817 2311 1890 2343 adea
1913 2310 2101 2354 definduite,

1213 2361 1245 2383 ut
1254 2354 1318 2392 eJus
1342 2356 1459 2383 nomine
1481 2352 1661 2395 inscriptum
1685 2356 1848 2398 opusculum
1871 2361 2100 2402 circumferant,

1214 2402 1293 2443 quad
1297 2404 1329 2447 J
1331 2402 1402 2435 udae
1415 2404 1619 2446 Evangelium
1631 2407 1785 2448 appellant
1799 2433 1806 2440 .
1834 2411 2012 2452 Cuifimilia
2018 2424 2102 2455 que-

1214 2452 1285 2483 dam
1296 2451 1360 2483 alia
1371 2452 1522 2485 volumina
1534 2453 1738 2492 confinxerunt
1750 2482 1757 2489 .
1789 2459 1832 2492 Et
1846 2460 1964 2495 iterum
1978 2475 1985 2494 :
2012 2465 2100 2506 ,Quin

1214 2499 1436 2553 aliurninfiiper
1449 2503 1541 2535 Pauli
1554 2504 1676 2545 Apostoli
1698 2513 1815 2541 nomine
1835 2510 1966 2544 libellum
1990 2519 2101 2556 excogi-

1213 2561 1284 2583 tant
1297 2575 1308 2590 ‚
1331 2550 1512 2593 praepostera
1534 2553 1659 2589 libidine
1680 2557 1827 2598 refertum
1845 2584 1856 2600 ‚
1882 2572 1970 2603 quem
1997 2563 2031 2596 Θ
2055 2568 2098 2603 ii,

1213 2612 1285 2643 quos
1297 2600 1442 2641 Gnosticos
1455 2613 1566 2636 vocant
1578 2628 1588 2643 ‚
1615 2605 1759 2641 adbibere
1771 2607 1870 2650 solent
1884 2635 1894 2651 ,
1922 2614 2002 2654 quod
2009 2615 2098 2645 Pauli

1215 2651 1412 2685 Anabaticum
1434 2664 1559 2688 vocant.
1590 2654 1698 2691 Addit
1720 2658 1790 2692 illis
1810 2661 1872 2694 effe
1895 2661 2041 2695 &alium
2065 2663 2100 2696 li-

1214 2700 1307 2735 brum
1321 2725 1331 2742 ‚
1344 2702 1478 2745 plenum
1491 2704 1739 2740 sceleratissimis
1751 2710 1946 2743 nominibus
1961 2735 1967 2741 .
1997 2710 2099 2757 Qiod

1214 2763 1282 2785 non
1297 2751 1401 2786 solum
1413 2751 1528 2794 Iudam
1543 2777 1553 2792 ,
1581 2755 1634 2788 sed
1645 2757 1747 2789 etiam
1762 2757 1847 2790 Cain
1860 2781 1871 2797 ‚
1899 2759 1982 2791 Esau
1993 2783 2004 2799 ‚
2031 2761 2100 2794 Co-

1212 2812 1245 2835 re
1269 2825 1279 2840 ,
1301 2802 1335 2835 ὃς
1358 2802 1546 2836 Sodomitas
1567 2803 1712 2837 dixerint
1745 2806 1820 2839 suos
1842 2818 2002 2851 cognatos
2024 2833 2036 2849 ‚
2063 2811 2098 2844 &

1212 2850 1301 2895 quod
1311 2852 1388 2885 item
1401 2850 1488 2893 Judae
1501 2852 1682 2896 Evangelio
1694 2877 1705 2893 ‚
1718 2855 1752 2887 ἀ
1764 2856 1836 2889 aliis
1849 2858 2009 2893 sceleratis
2019 2871 2098 2893 con-

1213 2900 1440 2944 scriptionibus
1452 2902 1576 2935 fuerint
1600 2903 1642 2936 uli
1656 2927 1667 2942 ,
1695 2903 1829 2938 testatur
1849 2906 1947 2941 etiam
1962 2910 2097 2943 sancius

1212 2953 1344 2985 Irenaeus
1365 2976 1373 2984 .
1400 2950 1491 2985 Istud
1515 2951 1610 2985 Pauli
1633 2953 1860 2990 Anabaticum
1881 2981 1891 2997 ‚
1919 2960 2095 2993 revelatio·
2112 2967 2211 3001 Liba:

1212 3012 1309 3040 nem,
1334 3002 1386 3036 seu
1413 3000 1669 3046 Apocalypfim,
1699 3004 1792 3039 fuisse
1813 3006 1932 3041 fabulis
1955 3021 1993 3042 ac
2017 3010 2094 3043 stul·
2110 3016 2229 3046 cap-35·

1211 3052 1327 3085 tiffima
1341 3053 1591 3095 praesumptione
1605 3053 1824 3095 plenissimum
1844 3058 2039 3101 figmentum
2050 3071 2095 3094 te·

1212 3103 1311 3135 statur
1326 3103 1357 3135 in
1373 3103 1582 3144 nonagefimo
1604 3105 1720 3138 oclavo
1740 3106 1830 3150 super
1840 3108 1945 3141 Sanfti
1960 3109 2094 3152 Joannis

1216 3153 1432 3196 Evangelium
1452 3151 1609 3186 Tractatu
1635 3154 1770 3189 Sanetus
1795 3157 2019 3202 Augustinus.
2049 3161 2093 3195 Et

1211 3206 1248 3237 Sa
1256 3206 1316 3236 ndis
1334 3202 1428 3235 Pauli
1439 3201 1637 3236 authenticis
1649 3205 1794 3248 epistolis
1808 3208 1910 3250 palam
1933 3209 2093 3245 adversari

1210 3253 1435 3288 demonstrant
1461 3252 1491 3285 in
1508 3253 1569 3287 suis
1583 3254 1770 3290 Annalibus
1784 3256 1931 3291 Michael
1946 3259 2068 3302 Glycas
2080 3286 2092 3302 ,
2109 3276 2183 3314 (Ἀρ,
2203 3286 2246 3304 12,

1211 3305 1289 3338 &in
1301 3303 1541 3337 commentario
1563 3304 1654 3346 super
1666 3307 1807 3348 priorem
1831 3307 1870 3343 ad
1894 3309 2092 3345 Corinthios

1208 3353 1659 3397 epistolamTheophylastus
1672 3381 1679 3389 .

2114 1396 2189 1425 Hm.
2206 1403 2253 1431 30.

2113 1445 2175 1473 cap.
2192 1439 2233 1464 16.

2123 2209 2196 2238 Haer.
2214 2212 2261 2243 38·

2120 2257 2183 2287 cap.
2200 2259 2224 2279 1.

1968 3410 2043 3443 San—
