2346 3724
152 1135 214 1171 Lib.
227 1148 252 1174 5·
274 1134 399 1169 litteras
411 1136 535 1170 facinus
550 1134 777 1169 Valentiniani
791 1135 961 1170 imitentur
974 1161 981 1169 .

133 1186 251 1217 ὕψη
273 1195 345 1221 non
360 1186 454 1221 sacris
477 1185 592 1220 litteris
603 1184 741 1221 subdant
753 1210 764 1225 ,
792 1184 844 1219 sed
859 1187 960 1220 sacras
979 1186 1102 1222 litteras
1113 1187 1151 1221 ad

135 1218 197 1296 ἓξ).
209 1229 234 1288 J
275 1236 346 1270 suas
372 1233 573 1279 blasphemas
592 1235 718 1272 fabulas
739 1234 955 1279 detorqueant
976 1237 1011 1271 ὅ(
1026 1248 1150 1272 'cmm'

778 152 1094 195 CAP1

268 235 371 278 feam
397 237 615 276 scripturarum
634 238 757 275 Canon,
777 234 887 278 fiblque
913 234 958 266 ad
977 238 1075 265 omnia
1095 231 1143 275 sa-

275 293 318 321 tis
327 283 472 328 superque
478 283 606 328 sufficiat
618 307 628 323 ,
653 287 730 328 quid
737 294 807 327 opus
819 284 877 325 est,
901 292 937 327 ut
962 288 988 314 ei
1009 282 1145 321 Ecclefia-

270 336 352 377 sticae
362 335 554 379 intelligentie
570 337 718 379 jungatur
730 334 919 369 authoritas?
944 335 1029 375 ‚Qus'a
1041 333 1144 366 videli-

274 394 318 419 cet
327 387 510 427 scripturam
518 383 636 427 sacram
644 394 698 427 pro
708 384 773 429 ipsa
782 385 834 428 sua
844 385 1003 418 altitudine
1023 394 1079 415 non
1090 395 1145 416 uno

272 435 427 477 eodemque
444 433 533 478 sensu
543 435 672 478 universi
684 441 829 478 accipiunt
841 459 851 475 ‚
873 433 932 477 sed
950 431 1081 476 ejusdem
1093 434 1143 466 elo-

272 489 344 527 quia
368 486 457 518 aliter
469 494 558 528 atque
569 488 656 519 aliter
678 488 754 520 allus
767 494 855 527 atque
866 486 942 518 altus
961 490 1145 524 interpreta-

271 544 344 568 tur.-
371 539 410 568 Ut
416 538 493 576 pene3
505 546 574 579 quot
587 536 718 570 homines
725 534 817 579 sunt,
843 544 886 568 tot
898 534 980 567 illinc
1001 532 1146 576 sententie

273 589 336 618 erui
345 585 420 629 poffe
431 588 598 619 videantur
612 612 618 618 .
645 588 737 620 Aliter
750 597 877 627 namque
898 585 980 617 illam
992 589 1024 616 N
1028 590 1145 617 ovatia-

273 647 354 676 nus‚
379 637 468 669 aliter
490 636 659 677 Photinus,
685 637 771 670 aleter
793 636 959 673 sitiremus,
985 634 1070 668 aliter
1089 638 1147 668 Do-

274 695 366 719 natus
387 692 529 728 expan1t3
557 688 643 721 aliter
661 690 772 727 Arius,
798 689 984 727 Eunomus,
1011 687 1146 718 Macedo—

274 743 341 770 ntut
355 749 370 780 ;
398 738 485 770 aliter
509 738 687 778 Apollinaris
702 760 713 776 ,
738 735 948 780 Priscillianus
964 749 974 779 ;
999 737 1083 768 aliter
1088 739 1120 783 J
1123 748 1138 768 o

276 791 424 821 vintanus
447 811 458 827 ‚
499 788 635 832 Pelagius
657 812 668 829 ‚
705 786 845 828 celestius
869 799 878 829 ;
904 788 992 820 altter
1010 785 1149 827 postremo

275 841 311 870 N
313 837 429 876 estorius
442 862 449 870 .
477 841 570 880 Atque
579 839 684 870 idcirco
695 838 821 869 multum
833 838 932 879 neceffe
945 836 983 876 est
993 860 1002 875 ‚
1018 860 1021 862 -
1028 845 1149 877 propter

272 894 372 920 tantos
396 896 461 920 tam
493 893 575 920 varii
595 891 702 920 erroris
722 886 901 929 anfi-allus,
926 894 959 919 ut
970 886 1150 928 Propheticae

274 938 309 970 o·
323 937 488 978 apostolica·
505 942 757 978 interpretationis
781 938 860 970 linea
878 936 1039 979 secundam
1054 937 1149 971 Eccle-

272 985 380 1029 fiastict
400 988 433 1021 (5
446 986 591 1020 Catholici
605 981 710 1030 sensus
732 998 863 1019 normam
874 988 1040 1029 dtrtgatur.
1068 987 1152 1034 Qae

254 1058 257 1062 -
274 1037 388 1070 omnia
409 1036 474 1070 late
484 1035 581 1071 tradit
595 1047 632 1070 ac
644 1036 844 1070 demonstrat
857 1037 954 1069 etiam
977 1036 1111 1070 Sanetus
1123 1038 1152 1070 1-

273 1096 413 1120 renaeus.
431 1085 644 1120 Demonstrat
657 1085 748 1128 quod
759 1084 842 1119 istud
856 1085 992 1120 Diaboli
1005 1086 1040 1119 in
1052 1087 1152 1120 sacras

1006 1135 1109 1183 Qod
1122 1137 1153 1171 ti-

273 1284 412 1320 modent
434 1311 443 1320 .
483 1287 630 1321 Breviter
647 1310 657 1326 ,
683 1297 717 1321 at
739 1286 872 1320 nervose
896 1286 1091 1331 Septimius:
1119 1292 1154 1321 A·

274 1336 372 1370 hunde
382 1334 491 1378 scillcet
502 1338 580 1380 loqui
588 1337 690 1378 pofflnt
704 1338 742 1371 de
753 1336 839 1371 rebus
848 1336 925 1378 fidel
937 1361 948 1378 ‚
972 1335 1030 1377 nist
1046 1350 1085 1372 ex
1103 1339 1154 1372 lit-

272 1391 349 1420 teris
361 1384 436 1427 fidet
447 1411 455 1419 .

341 1532 508 1581 Venimus
526 1537 642 1600 {gitur
654 1532 707 1580 ad
717 1534 951 1602 Propositum
964 1569 977 1592 ‚
994 1539 1085 1583 &a

321 1682 447 1717 Omnia
471 1680 639 1727 hucusque
661 1683 744 1718 dicta
768 1696 837 1718 non
859 1685 936 1717 sunt
951 1683 1008 1717 nifi
1026 1683 1159 1718 adlocu-

273 1731 376 1767 tionis
399 1733 544 1776 praefatio
558 1758 565 1766 .
596 1734 722 1768 Dostor
746 1746 834 1768 nunc
845 1732 1032 1778 aggreditur
1044 1735 1160 1768 funda-

271 1792 384 1818 menta
394 1785 514 1818 causae.
544 1783 588 1819 Et
601 1784 741 1828 primum
763 1797 801 1818 ac
816 1785 957 1828 palmare
971 1784 1011 1817 ab
1023 1794 1160 1828 utraque

270 1842 362 1877 parte
373 1833 550 1869 adductum
564 1833 817 1869 fundamentum
831 1835 905 1868 sunt
919 1836 1009 1868 sacrae
1023 1834 1137 1869 litterae
1148 1859 1159 1875 ,

270 1894 351 1928 quas
362 1884 496 1919 Sanetus
509 1884 644 1918 Irenaens
666 1883 749 1918 reste
773 1885 913 1918 affirmat
935 1886 997 1918 effe
1010 1885 1158 1919 Ecclefiae

272 1933 419 1978 regulam
441 1959 451 1974 ‚
486 1934 730 1969 firmamentum
746 1960 755 1974 ,
781 1935 953 1969 columnas
974 1958 982 1966 .
1026 1935 1068 1969 Et
1092 1935 1156 1969 hoc

267 1983 523 2019 fundamentum
533 1986 695 2019 discutere
719 1985 782 2018 fuit
808 1984 904 2027 plene
925 1986 1155 2020 necefl'arium.

218 2072 221 2074 ,
269 2034 377 2081 Qod
403 2045 522 2077 nempe
532 2034 762 2068 Valentiniani
784 2035 864 2078 ipsas
877 2046 935 2078 pro
957 2038 989 2068 se
1006 2036 1087 2069 stare
1102 2035 1159 2069 ob-

269 2082 462 2122 tenderent,
489 2093 588 2126 atque
609 2082 670 2118 hac
693 2086 747 2119 sua
771 2082 904 2118 audacia
934 2085 1041 2119 statim
1063 2087 1157 2130 quos-

269 2132 348 2167 dam
369 2141 563 2174 moverent,
588 2134 623 2168 ὅ(
640 2145 685 2168 ex
710 2134 782 2177 ipfis
793 2134 915 2169 affidue
933 2135 1154 2178 disputarent.

267 2181 372 2232 Qod
382 2181 580 2228 disputando
602 2185 636 2220 ἀ
648 2185 827 2228 Scripturas
853 2185 1029 2230 allegando
1043 2186 1156 2220 firmos

1166 165 1190 192 T
1262 163 1277 192 1
1348 162 1366 191 S

1472 147 1516 189 X
1552 149 1608 193 V.
1928 159 2016 207 163

1207 229 1354 266 Ecclefiae
1375 229 1462 264 filios
1483 230 1662 275 fatigarent
1682 253 1695 270 ,
1730 229 1877 268 infirmos
1902 243 2078 278 caperent,

1208 281 1333 315 medios
1358 292 1433 315 cum
1454 280 1605 323 scrupulo
1626 279 1846 315 dimitterent.
1873 285 2080 333 Qodscri.

1206 342 1306 375 pturae
1326 332 1385 364 sint
1396 332 1429 365 &
1442 331 1539 365 nobis
1549 331 1581 364 &
1592 327 1749 364 haereticis
1760 337 1944 367 communis
1967 346 2078 378 arcuS,

1207 383 1345 416 affirmat
1367 382 1402 414 in
1423 381 1551 425 septimi
1573 380 1692 415 Psalmi
1715 384 1953 416 commentario
1980 387 2082 421 etiam

1207 433 1340 466 Sanetus
1352 432 1576 476 Augustinus,
1602 432 1635 464 &
1651 431 1820 476 adjungit:
1848 434 1893 463 Et
1904 432 2081 473 ipfibaerett-

1208 488 1232 516 ct
1251 494 1289 515 ex
1300 483 1398 515 eodem
1414 493 1485 515 arcu
1505 489 1539 514 tn
1548 488 1666 514 animas
1680 507 1690 521 ‚
1716 493 1774 514 non
1798 480 1946 515 charitate
1967 483 2083 523 inflam.

1209 533 1336 565 mandas
1347 555 1358 571 ‚
1378 530 1437 575 sed
1447 538 1572 566 venenis
1587 534 1781 574 perimendas
1801 531 1931 573 insillunt
1943 556 1950 563 .
1980 532 2085 581 Qod

1210 584 1334 617 nostros
1345 582 1519 616 infirmos&
1530 582 1701 625 scripturis
1719 581 1916 625 disputando
1935 593 2003 616 non
2015 595 2085 619 tan·

1192 637 1195 646 ³
1209 634 1278 667 tum
1292 644 1442 675 caperent
1457 657 1467 674 ‚
1492 632 1544 666 sed
1557 633 1589 665 &
1601 632 1806 672 occiderent,
1821 631 1931 667 scribit
1945 634 1979 666 in
1991 645 2088 668 com-

1212 683 1372 716 mentario
1392 682 1660 718 decimiPsalmi.
1691 683 1793 731 Qod
1816 683 1919 726 ipsum
1940 685 1973 718 &
1987 697 2046 720 nos
2068 685 2088 718 a

1213 734 1329 767 nostris
1341 731 1535 767 Lutberanis
1548 733 1580 766 δε
1594 732 1783 767 Calvinistis
1795 733 1985 776 experimur.
1995 736 2089 770 Hinc

1212 784 1333 825 primus
1352 783 1392 817 ad
1415 784 1489 817 istas
1510 783 1715 817 infirmorum
1728 783 1836 818 ruinas
1845 784 1964 829 gradus
1975 786 2019 819 est
2032 786 2091 821 ob-

1213 833 1403 868 struendus:
1431 833 1520 868 Ante
1533 834 1646 868 omnia
1668 834 1959 869 demonstrandum
1973 837 2018 869 est
2032 835 2092 871 hae-

1211 885 1330 918 reticos
1354 894 1422 918 non
1443 884 1666 918 admittendos
1688 884 1728 918 ad
1751 884 1852 919 ullam
1867 885 1908 919 de
1918 887 2090 929 Scripturis

1213 933 1468 976 disputationem
1482 958 1489 966 .
1517 934 1696 978 Scripturas
1717 933 1760 969 ab
1781 936 1853 979 ipsis
1874 936 2008 980 allegari
2021 949 2093 972 non

1215 984 1323 1027 posse,
1351 983 1491 1028 ideoque
1513 985 1731 1030 allegantibus
1754 996 1823 1019 non
1844 986 1905 1019 effe
1925 985 2095 1022 attenden-

1213 1034 1316 1074 dum,
1343 1034 1444 1079 longe
1468 1034 1575 1069 minus
1596 1035 1814 1070 credendum.
1843 1036 1947 1083 Qod
1971 1035 2030 1072 ista
2046 1049 2093 1072 ar-

1214 1094 1266 1117 ma
1286 1084 1347 1118 fint
1371 1085 1442 1127 ipfis
1463 1084 1582 1119 furtiva
1604 1086 1637 1119 &
1657 1085 1762 1119 aliena
1776 1109 1787 1125 ‚
1813 1086 2098 1128 ideoque&ause-

1216 1133 1313 1167 tenda
1327 1159 1333 1165 .
1360 1133 1473 1176 Dispici
1484 1135 1569 1168 debet
1579 1139 1624 1168 cul
1637 1144 1781 1177 competat
1800 1136 1919 1177 posseffio
1930 1138 2100 1178 scriptura·

1214 1195 1280 1217 rum
1293 1197 1304 1217 .·
1330 1188 1381 1216 Ne
1392 1189 1418 1216 is
1432 1186 1616 1217 admittatur
1627 1186 1671 1217 ad
1681 1196 1748 1217 eam
1758 1208 1768 1224 ,
1783 1190 1829 1217 cut
1841 1187 1919 1217 nullo
1930 1188 2013 1220 modo
2024 1198 2100 1220 com-

1197 1263 1199 1266 ,
1214 1240 1299 1276 petit.
1323 1235 1414 1268 Dum
1427 1234 1494 1268 duo
1505 1233 1648 1278 ejusdem
1663 1235 1870 1279 pronominis
1881 1236 1915 1269 &
1925 1237 2101 1281 cognomi·

1218 1285 1269 1317 nis
1282 1284 1465 1328 producunt
1477 1287 1604 1319 easdem
1618 1285 1826 1319 Testamenti
1847 1285 1995 1326 tabulas,
2021 1289 2054 1322 ἀ
2066 1289 2100 1322 se

1219 1346 1272 1378 per
1295 1346 1348 1368 eas
1370 1334 1532 1368 affirmant
1562 1335 1750 1377 institutos,
1776 1345 1853 1369 ante
1863 1337 1978 1370 omnia
1988 1338 2035 1371 est
2057 1336 2100 1372 de

1220 1395 1292 1417 vera
1316 1385 1449 1426 persona
1475 1384 1707 1427 inquirendum
1731 1397 1768 1419 ac
1780 1385 2020 1421 decidendum
2045 1389 2101 1422 Sa·

1218 1445 1278 1467 crae
1298 1433 1412 1467 litterae
1435 1435 1508 1468 sunt
1522 1436 1653 1468 Divinae
1665 1434 1847 1478 Majestatis
1868 1436 1983 1470 datum
2002 1434 2100 1472 Chri-

1221 1484 1334 1516 ssianis
1355 1483 1626 1517 Testamentum:
1655 1484 1697 1519 Et
1716 1494 1783 1519 tam
1809 1483 1971 1526 haeretici,
1997 1488 2098 1529 quam

1221 1530 1389 1566 Catholici
1413 1556 1423 1571 ,
1450 1533 1566 1575 quibus
1593 1534 1669 1567 solis
1689 1534 1824 1568 debetur
1840 1560 1851 1575 ,
1878 1545 2016 1570 utuntur
2037 1537 2101 1572 isto

1221 1582 1356 1615 nomine
1368 1607 1375 1614 .
1405 1581 1510 1615 Porro
1523 1583 1689 1617 Abraham
1703 1581 1888 1618 patriarcha
1901 1586 1984 1620 duos
2002 1586 2103 1627 filios,

1220 1631 1372 1665 delibera
1387 1643 1489 1666 unum
1501 1658 1511 1673 ,
1538 1635 1638 1667 alium
1649 1634 1690 1668 de
1702 1635 1821 1668 ancilla
1833 1633 1968 1670 habuit:
1999 1635 2039 1669 Et
2053 1637 2103 1670 so-

1222 1682 1288 1716 lum
1303 1682 1398 1715 istum
1413 1682 1469 1716 fibi
1483 1685 1600 1727 scripsit
1622 1684 1777 1719 haeredem
1792 1710 1799 1717 .
1829 1685 1875 1719 lta
1889 1687 1922 1720 ἀ
1935 1687 2104 1721 Dominus

1220 1733 1311 1767 Deus
1322 1758 1329 1765 .
1357 1733 1451 1767 Hinc
1464 1745 1541 1767 ante
1553 1736 1665 1768 omnia
1677 1735 1923 1779 disquirendum
1935 1736 1981 1771 est
1995 1760 2005 1776 ,
2033 1737 2105 1780 qui-

1222 1794 1295 1816 nam
1308 1782 1372 1816 sint
1386 1784 1449 1817 veri
1464 1783 1662 1818 Christiani.
1691 1786 1757 1818 His
1775 1786 1864 1818 enim
1887 1787 1962 1819 solis
1986 1796 2040 1829 per
2052 1786 2106 1820 A-

1221 1832 1386 1876 postolum
1407 1833 1452 1867 est
1474 1834 1596 1867 dietum
1612 1835 1630 1868 ὲ
1643 1833 1776 1868 Christo
1790 1836 1959 1870 Domino:
1991 1835 2107 1879 Depofi-

1218 1891 1281 1915 tum
1293 1883 1399 1924 custodi
1412 1909 1419 1916 .
1449 1884 1583 1928 Utique
1596 1885 1790 1927 Depositum
1813 1887 1971 1921 sacrarum
1986 1888 2105 1922 littera-

1221 1945 1292 1966 rum
1306 1959 1315 1975 ‚
1327 1935 1362 1968 δε
1372 1945 1450 1968 verae
1463 1934 1503 1969 de
1516 1934 1587 1978 ipsis
1600 1934 1847 1979 intelligentiae.
1868 1937 2006 1971 Cuustis
2017 1938 2105 1978 aliis,

1222 1996 1288 2018 non
1304 1996 1344 2017 ex
1359 1985 1458 2018 libera
1469 2009 1479 2025 ,
1507 1985 1560 2018 sed
1573 1997 1613 2019 ex
1628 1985 1739 2029 quavis
1748 1987 1866 2019 ancilla
1877 1988 1998 2029 genitis
2013 2011 2023 2026 ,
2050 1998 2108 2021 aut

1221 2033 1260 2068 ad
1284 2034 1383 2077 ipsam
1398 2036 1654 2078 apostatantibus
1677 2034 2020 2071 Pseudo-Christianis
2039 2037 2107 2070 istas

1221 2084 1461 2120 testamentales
1483 2084 1599 2118 tabulae
1617 2087 1690 2119 sunt
1710 2085 1890 2120 auferendae
1911 2110 1919 2118 .
1945 2085 1989 2120 Et
2009 2088 2109 2132 vquid·

1220 2134 1299 2178 quid
1312 2146 1352 2168 ex
1364 2135 1434 2178 ipsis
1455 2135 1643 2170 blaterarint
1654 2158 1666 2175 ‚
1691 2134 1783 2170 nulla
1799 2136 1844 2170 est
1865 2136 2040 2180 praestanda
2055 2150 2109 2174 au-

1218 2184 1342 2219 dientia
1353 2210 1360 2218 .

555 2387 1419 2473 CAPUT
1588 2389 1817 2477 XVI.

269 2559 787 2682 Correptionem
844 2576 912 2654 in
947 2576 1296 2657 haereticos
1341 2575 1732 2685 Apostolus
1777 2583 2063 2675 mandat
2088 2647 2106 2676 ,

801 2720 926 2770 non
999 2688 1520 2800 disputationem
1557 2758 1572 2771 .

515 2883 590 2928 Oc
624 2878 680 2928 de
713 2880 893 2930 consilio
926 2877 1176 2932 diffidentiae
1199 2919 1212 2943 ‚
1248 2897 1323 2931 aut
1358 2880 1417 2930 de
1445 2878 1589 2930 studio.
1610 2882 1739 2931 aliter
1764 2881 1965 2932 ineundae
1999 2900 2107 2934 con-

274 2876 514 3104 H
551 2949 785 3001 stitutionis
823 2949 1067 3001 induxerim
1085 2988 1100 3012 ‚
1138 2953 1217 3004 nist
1250 2954 1365 3002 ratio
1400 2951 1645 3002 constiterit
1680 2989 1693 3000 .
1763 2956 1814 3001 In
1862 2972 1892 3021 p

1894 2955 2016 3003 rimis
2051 2955 2104 3003 il-

551 3020 594 3068 la
615 3055 628 3079 ,
677 3019 800 3089 quod
834 3020 939 3070 fides
974 3022 1114 3073 nostra
1147 3022 1400 3091 obsequium
1439 3023 1656 3091 Apostolo
1693 3021 1855 3072 debeat
1894 3061 1908 3085 ‚
1957 3025 2107 3091 prohi-

538 3088 672 3140 beuti
707 3091 958 3158 quaestiones
992 3094 1101 3144 inire
1125 3131 1138 3155 ,
1173 3097 1302 3145 novis
1345 3093 1524 3144 vocibus
1560 3107 1680 3144 'aures
1714 3094 2107 3155 accommodare„

269 3159 521 3209 haereticum
552 3159 647 3228 post
672 3179 802 3211 unam
828 3164 1146 3231 correptionem
1173 3169 1410 3216 convenire
1433 3202 1446 3225 ‚
1483 3182 1572 3214 non
1607 3163 1702 3232 post
1734 3163 2103 3233 disputationem.

273 3228 402 3281 Adeo
439 3229 665 3281 interdixit
700 3230 1077 3299 disputationem,
1109 3238 1432 3305 correptionem
1466 3233 1690 3298 defignans
1727 3234 1899 3286 causam
1935 3235 2105 3287 haereti-

271 3302 316 3352 ci
353 3299 645 3353 conveniendi
679 3339 693 3352 .

764 3306 823 3353 Et
858 3302 942 3354 hoc
977 3322 1109 3358 unum
1142 3303 1308 3359 scilicet
1347 3345 1362 3370 ‚
1411 3307 1518 3375 quia
1566 3323 1655 3357 non
1703 3306 1764 3357 est
1800 3306 2099 3360 Christianus,

1999 3375 2054 3411 Ne
