2346 3724
361 167 456 215 390
877 152 1152 199 Iuocx

335 235 423 271 daei?
452 244 529 284 330.
542 246 574 273 2·
598 229 831 280 AEnigmatice
849 232 891 268 de
907 232 1109 268 Eucharistia
1132 233 1194 266 lo-·

338 295 434 322 cutus
446 286 696 321 Theodoretus.
955 298 958 301 ·
1054 292 1138 332 3²3-
1147 294 1174 318 1.

290 334 531 373 Euchariston-i
555 337 658 371 solam
682 343 750 367 non
771 332 976 377 contingunt
999 334 1095 368 verba
1117 331 1174 367 illa
1212 370 1214 372 ,

343 385 591 429 Antiquorum:
618 390 745 421 Norunt
768 384 910 426 Fldeles,
939 382 989 417 vel
1013 406 1026 422 ‚
1050 388 1175 417 Norunt

342 441 461 471 Initian
471 462 479 471 .
562 481 568 484 ἱ
813 443 822 450 “
1051 443 1130 480 230.
1146 445 1174 469 1.

290 485 551 526 Eucharisticam
565 485 845 519 consecrationem
858 483 975 518 fastam
997 483 1060 518 esse
1070 483 1174 518 visibi-

343 537 366 571 li
379 537 472 581 signo
485 535 591 569 Sancti
601 534 789 569 Sacerdotes
798 536 1006 579 cognoscunt
1020 559 1027 565 .
1053 544 1128 582 373.
1141 542 1174 568 2.

289 585 501 623 Eucharistiae
522 597 577 631 per
588 585 714 629 aliquot
726 584 795 619 dies
806 584 877 627 post
894 586 1174 618 consecrationem

340 636 507 677 servandat
523 661 533 677 ‚
559 636 708 678 quotidie
730 645 811 671 tunc
832 635 992 669 sumenda:
1011 634 1090 667 ritus
1110 634 1173 668 fuit

338 687 422 721 olim
434 687 518 730 apud
541 686 647 729 plures
660 686 814 720 Ecclefias
823 687 991 720 concessus
1009 685 1086 718 solis
1098 683 1173 728 Epi-

341 737 447 780 scopis
468 761 479 776 ‚
518 747 556 769 ac
578 734 780 778 presbyteris
801 760 808 768 .
835 744 893 783 43.
920 746 948 769 1.
973 734 1172 771 Concessum

338 788 434 822 etiam
447 787 641 820 consecrata:
658 785 811 831 Virgini.
1097 783 1171 818 ibid.

287 835 502 875 Eucharistiae
515 836 700 880 praedicatio
713 834 893 879 Apostolos
903 859 914 876 ,
927 835 1074 876 aliosque
1086 835 1172 869 scan-

337 886 491 920 dalizavit
504 911 511 919 .
541 886 596 932 56.
615 899 646 923 2-
675 887 800 920 Eorum
812 885 1002 934 scandalum
1017 883 1169 919 Euchari-

336 937 452 973 ssicam
465 937 632 971 veritatem
644 936 812 981 insigniter
829 936 1057 970 confirmavit.
1084 943 1170 982 57.1.

286 986 501 1022 Eucharistiae
513 987 628 1022 veritas
639 985 814 1021 Catholica
828 1011 836 1019 .
912 995 995 1035 297.
1007 995 1039 1020 2.
1062 986 1096 1020 ὅ(
1109 985 1170 1028 seq.

285 1037 456 1080 Eutyches
477 1049 517 1071 ex
541 1037 766 1072 haereticorum
787 1035 947 1071 librorum
968 1036 1107 1071 lediione
1129 1035 1170 1068 fa·

336 1091 405 1123 {lus
423 1086 656 1122 Haerefiarcha.
1071 1083 1125 1134 78.
1137 1095 1171 1122 2.

283 1138 455 1182 Eutyches
485 1140 578 1172 sencx
599 1138 765 1180 imperitus
783 1162 793 1179 ‚
819 1135 1005 1178 &delirus,
1030 1133 1166 1170 dialecti·

336 1200 373 1223 ca
384 1189 520 1224 versutia
533 1198 706 1232 promovet
721 1190 774 1221 sua
788 1186 903 1221 deliria
916 1212 923 1219 .
1052 1185 1126 1223 116.
1144 1197 1169 1222 1·

281 1236 727 1285 Excommunicatiiujuste‚
753 1237 825 1284 post
842 1246 981 1273 mortem
1007 1236 1171 1272 miraculis

332 1291 552 1324 coruscantes.
862 1331 865 1334 Ι
1057 1296 1110 1333 71.
1138 1298 1168 1323 2-

280 1338 650 1374 Excommumcationis
672 1337 797 1380 injussae
825 1338 950 1380 patiens
975 1336 1169 1376 tolerantia,

329 1390 447 1424 summi
472 1390 592 1431 praemii
615 1387 767 1422 meritum
794 1412 799 1419 .
829 1388 905 1419 ibid.
933 1388 1068 1421 Sanetus
1098 1385 1169 1420 Ed·-

327 1440 472 1474 mundus
496 1440 589 1473 istam
609 1438 801 1483 patientiam
825 1437 941 1472 docuit
962 1437 1025 1471 esse
1056 1446 1167 1470 verum

327 1489 536 1532 martyrium.
1093 1485 1166 1519 ibid.

278 1539 648 1576 Excommuuicationis
670 1539 770 1573 timor
781 1536 943 1581 compulit
958 1535 1165 1572 Thalassium

328 1591 566 1625 Caesaraeensem
588 1588 791 1635 Episcopum
813 1590 855 1623 ad
878 1589 982 1624 Sancti
1017 1586 1165 1623 Flaviani

327 1642 594 1676 damnationem.
1050 1677 1053 1680 Δ
1094 1637 1166 1671 ibid.

276 1692 595 1727 Excommunicatio
607 1690 742 1734 simplex
753 1689 926 1734 quomodo
938 1688 1064 1723 differat
1073 1687 1090 1720 a
1102 1698 1165 1730 per·

331 1753 431 1785 petuo
448 1741 586 1775 discidio
599 1741 615 1772 ἒ
1041 1734 1120 1785 248·
1135 1749 1164 1774 1.

276 1792 462 1827 Exorcismi
486 1801 554 1822 non
574 1790 926 1823 fiuntaSacerdotibus
940 1787 979 1823 ad
1004 1787 1165 1823 honoran-

329 1843 407 1875 dum
420 1865 431 1880 ‚
457 1839 511 1873 sed
524 1838 564 1872 ad
575 1838 760 1872 terrendum
784 1836 988 1873 Diabolum.
1042 1835 1118 1884 3⁴48.
1133 1850 1164 1875 2·

276 1890 485 1927 Exorcistam
506 1884 1010 1920 Monachussimulansavieino
1030 1887 1166 1921 Doemo·

329 1953 372 1976 ne
397 1936 584 1973 invaditur„
1034 1943 1112 1980 347·
1136 1946 1165 1969 1.

277 1989 450 2029 Exorcista
462 1998 531 2023 non
552 1987 590 2021 fit
602 1985 812 2021 ordinatione
825 2010 832 2017 .
861 1983 932 2017 ibid.
945 1995 974 2021 2·
1000 1983 1083 2025 Ejus
1099 1994 1167 2017 tnu-

331 2052 393 2077 nus
406 2040 469 2074 fuit
481 2038 584 2084 gratia
598 2036 698 2082 gratis
709 2035 801 2075 data,
820 2035 852 2069 δι
863 2032 1026 2070 Divinum
1038 2033 1167 2067 Charis·

329 2103 383 2128 ma
396 2115 403 2123 .
417 2090 490 2123 ibid.
518 2087 613 2122 Olim
625 2086 735 2121 omnis
746 2084 951 2119 Christianus
964 2109 974 2123 ‚
984 2084 1082 2117 etiam
1095 2083 1166 2118 Lai·

312 2154 410 2181 cus,
437 2140 532 2183 fungi
557 2146 680 2182 poterat
701 2147 834 2170 munere
860 2133 1038 2169 Exorcistae
1060 2158 1067 2165 .
1094 2132 1166 2166 ibid.

327 2190 472 2228 Duravit
485 2190 551 2223 haec
563 2189 667 2222 forma
685 2186 837 2231 usquead
850 2184 1023 2228 Synodum
1046 2182 1166 2218 Laodi·
1207 2193 1212 2237 ί

329 2243 478 2279 censem.
507 2240 580 2272 ibid.
609 2237 710 2281 Apud
721 2237 996 2271 Graecosmanum
1020 2233 1167 2279 Energu·
1206 2248 1211 2276 l

331 2294 438 2329 menis
476 2289 535 2324 soli
568 2290 690 2331 semper
711 2288 937 2331 imposuerunt
958 2284 1166 2319 Sacerdotes.

329 2344 404 2379 ibid.
433 2339 522 2375 ldem
545 2339 671 2374 dudum
692 2337 755 2372 fuit
776 2338 937 2371 servatum
954 2335 990 2369 in
1013 2334 1167 2369 Romana

329 2392 491 2428 Ecclesia.
1047 2383 1124 2433 348.
1140 2397 1167 2421 1.

284 2444 466 2481 Exorcistae
476 2440 561 2485 apud
575 2440 708 2474 Graecos
719 2440 793 2473 sunt
804 2437 864 2472 soli
878 2435 1068 2471 Sacerdotes
1077 2460 1084 2467 .
1096 2436 1167 2468 ibid.

331 2496 430 2529 Error
457 2491 619 2527 Aletenfis
651 2489 802 2533 Episcopi
834 2487 998 2522 afferentis
1029 2485 1169 2520 nimium

333 2545 495 2578 honorem
519 2540 664 2585 impendi
688 2539 858 2578 Diabolo,
883 2537 906 2570 fi
930 2549 985 2581 per
1005 2536 1170 2580 Presbyte-

334 2605 388 2629 ros
400 2595 480 2627 fiant
490 2591 663 2626 exorcismi
678 2615 686 2623 .
713 2590 785 2623 ibid.
808 2588 961 2632 Episcopi
972 2586 1054 2621 olim
1074 2588 1171 2630 perse

336 2644 488 2678 officium
509 2639 685 2674 Exorcistae
696 2639 911 2672 exercebant.
1039 2635 1118 2683 348.
1140 2649 1172 2675 2.

285 2691 466 2732 Exorc‘istae
476 2688 561 2733 apid
574 2689 715 2731 Judaeos.
745 2697 821 2734 347.
839 2698 867 2722 1.
879 2686 1098 2720 Exorcizandi
1110 2687 1174 2721 for-

336 2743 433 2778 mulae
443 2742 460 2775 a
473 2741 652 2775 Salomone
670 2737 856 2780 compotitae
866 2760 874 2768 .
1104 2737 1174 2769 ibid.

287 2792 466 2832 Exorcistae
486 2789 639 2824 hodierni
662 2798 731 2821 non
754 2785 876 2820 debent
886 2785 1010 2830 digitos
1022 2786 1176 2821 dentibus

340 2846 648 2887 Energumenorum
671 2840 860 2881 imponere.
891 2833 968 2883 348.
982 2848 1014 2873 2·
1041 2838 1176 2872 sanans

337 2892 504 2928 Martinus
514 2901 556 2924 ex
567 2888 772 2923 Charismate
783 2886 816 2920 id
828 2885 905 2923 fecit
919 2911 926 2918 .
1102 2887 1175 2920 ibid.

288 2941 512 2980 Exorcizaudi
533 2939 702 2973 Charisma
724 2937 852 2972 videtur
874 2936 951 2970 solis
972 2934 1049 2970 viris
1070 2962 1081 2977 ‚
1109 2948 1176 2972 non

340 2991 530 3030 mulieribus
550 2989 709 3023 donatum
723 3011 730 3019 .
1060 2998 1135 3034 349.
1158 2998 1177 3021 1.

290 3049 436 3080 Exterris
445 3065 456 3079 .
483 3040 621 3075 Titulus
632 3038 677 3073 est
689 3049 758 3072 non
770 3038 876 3072 solum
889 3037 1077 3080 spontaneis
1089 3063 1100 3078 ‚
1125 3037 1178 3072 sed

341 3096 376 3129 &
397 3092 581 3139 proscriptis
599 3090 647 3125 ob
668 3088 769 3124 fidem
791 3086 941 3123 exulibus
969 3098 1159 3132 competens
1172 3111 1180 3120 .

343 3154 399 3195 51.
415 3155 435 3178 Ι.

295 3298 385 3452 F

729 3240 761 3276 F

387 3342 440 3375 dei
462 3354 577 3381 arcana
599 3339 752 3384 mysteria
765 3351 832 3375 non
846 3340 918 3373 sunt
931 3336 1121 3372 Infidelibus
1131 3349 1181 3371 an·

398 3394 600 3428 nuntianda.
616 3388 738 3439 328.2.
765 3390 821 3425 Est
834 3390 954 3424 Canon
966 3397 1034 3422 non
1057 3387 1183 3424 tantum

1224 150 1554 212 Renum}

1287 231 1499 276 Apostolicus
1513 259 1523 275 ‚
1534 233 1643 268 verum
1657 234 1754 270 etiam
1767 238 1984 286 Evangelicus
1997 269 2005 283 ‚
2019 245 2050 279 ὅ(
2066 257 2118 280 na·

1285 283 1409 317 ruralis.
1431 284 1554 318 uma&
1567 286 1627 327 seq.
1655 286 1773 321 secreti
1788 289 1954 336 lex.viguit
1972 295 2005 327 in
2019 299 2117 331 veteri

1284 333 1320 366 ὅ(
1335 345 1425 368 novo
1436 334 1655 369 Testamemo
1666 361 1674 369 .
1700 344 1781 383 330.
1797 348 1824 372 1.
1851 339 1931 376 Non
1941 345 2057 387 speetat
2075 347 2118 381 ad

1285 383 1389 417 solam
1410 384 1669 420 Eucharistiam.
1930 398 1931 401 ’
2042 397 2116 430 ibid.

1237 431 1330 467 Fidei
1342 435 1494 476 artIculi‚
1520 446 1661 480 quorum
1675 436 1794 473 notitia
1804 436 1852 473 est'
1862 439 1902 473 ad
1915 441 2045 479 salutem
2065 457 2120 482 ne-

1285 483 1413 518 ceffaria
1426 507 1438 524 ,
1464 486 1665 528 paucissimi,
1692 497 1724 521 at
1735 487 1814 522 vero
1834 488 2024 528 Christiana
2033 498 2119 532 circa,

1285 533 1361 568 illos
1372 534 1565 577 quaestiones
1585 536 1745 580 plurimae.
1874 547 1940 578 120.
1957 553 1990 579 2·
2016 551 2082 593 13⁶,
2094 555 2118 581 f,

1236 582 1330 617 Fidei
1353 583 1546 619 Christianae
1566 586 1718 630 mysteria
1738 600 1807 623 non
1830 590 1904 625 sunt
1924 593 2033 635 paffim
2047 619 2060 636 ,
2083 598 2118 632 δε

1285 633 1522 670 inconsiderate
1534 637 1730 681 propalanda
1742 663 1749 671 .
1777 651 1856 688 229.
1870 655 1892 674 1.
1919 643 1953 676 ἀ
1965 642 2027 686 seq.
2053 645 2119 680 Ser-

1285 684 1390 718 vanda
1414 682 1668 723 hic¹Dominica
1691 690 1822 733 regula,
1848 702 1918 734 quae
1939 702 2026 728 vetat
2041 693 2120 730 San·

1284 734 1372 768 &um
1394 734 1463 769 dari
1484 736 1640 777 canibus,
1665 737 1701 772 &
1721 741 1824 785 spargi
1842 743 2031 787 margaritas
2042 754 2119 779 ante

1286 794 1422 828 porcos.
1448 784 1522 818 ibid.
1545 787 1638 835 Qid
1660 799 1715 831 per
1735 800 1854 832 canes,
1881 791 1960 836 quid
1972 804 2026 837 per
2047 806 2119 839 por·

1284 844 1341 870 cos
1351 834 1554 880 intelligatur
1565 862 1573 870 .
1598 838 1670 871 ibid.
1685 840 1805 875 Secreti
1821 840 1892 876 Lex
1904 843 2059 887 quamdiu
2072 846 2122 879 vi-

1284 885 1414 929 guerit.
1438 886 1511 919 ibid.
1532 888 1566 922 ἀ
1583 889 1645 933 seq.
1671 888 1774 923 Fuse.
1803 891 1896 927 Fidei
1907 893 2122 930 definitiones>

1284 947 1353 970 non
1377 935 1498 970 debent
1517 937 1627 972 denuo
1647 950 1690 972 ex
1713 941 1896 976 curiositate
1916 946 2116 979 examinari.

1283 996 1338 1033 71·
1356 996 1381 1020 1.
1409 985 1557 1030 ,Quisquis
1572 988 1638 1031 post
1660 995 1821 1025 veritatem
1840 1001 1990 1036 repertam
2001 996 2120 1038 aliquid

1284 1036 1408 1070 alterins
1428 1035 1550 1079 discum
1563 1062 1573 1078 ,
1598 1041 1784 1074 mendacium
1805 1048 1915 1085 quaerit
1927 1067 1936 1076 .
2041 1046 2117 1080 ibid.

1236 1082 1352 1125 Fidei,
1378 1086 1411 1119 ἀ
1431 1086 1620 1130 imperfecta:
1641 1089 1827 1126 directionis
1846 1088 1941 1128 radix
1951 1105 2061 1130 manet
2081 1096 2116 1129 in

1281 1135 1456 1169 haereticis.
1578 1179 1581 1181 Ι
2009 1154 2062 1190 14,
2083 1157 2116 1182 2-

1233 1185 1324 1219 Fidei
1347 1185 1496 1220 dedititia
1517 1196 1586 1220 non
1608 1185 1673 1221 alia
1693 1188 1898 1232 recipienda,
1925 1192 2024 1236 quam
2045 1204 2117 1236 qnae

1279 1235 1320 1269 ab
1334 1234 1504 1279 Apostolis
1515 1235 1632 1271 tradita
1642 1261 1650 1268 .
2036 1238 2120 1280 208ss

1229 1286 1323 1320 Fidei
1335 1285 1446 1331 regula
1458 1285 1670 1322 Tertulliano
1682 1287 1805 1326 dicitur
1817 1290 2015 1334 Symbolum
2028 1294 2117 1337 Apo·

1280 1335 1431 1369 stolicum
1444 1361 1452 1369 .
1542 1375 1556 1384 Α
1716 1361 1721 1374 ».
1983 1342 2057 1391 136.
2082 1355 2116 1380 2.

1231 1385 1518 1430 Fideifimplicitas
1530 1388 1759 1424 commendata
1771 1415 1779 1423 .
1985 1403 2061 1440 154.
2087 1403 2117 1429 1.

1232 1435 1323 1470 Fidei
1338 1447 1418 1471 verae
1428 1447 1505 1472 nota
1516 1438 1561 1472 est
1573 1439 1752 1475 secundum
1764 1440 1944 1486 Scripturas
1954 1442 2116 1487 expositio

1281 1486 1428 1531 legitima
1445 1488 1478 1521 ὃ(
1489 1487 1630 1534 diligens
1644 1514 1652 1522 .
2003 1503 2078 1542 123.
2091 1501 2115 1526 ι.

1223 1535 1323 1578 ιΡὶἀεί
1336 1538 1444 1572 unitas
1454 1537 1498 1572 est
1511 1548 1595 1583 opus
1605 1539 1771 1576 Divinum
1785 1566 1796 1584 ,
1820 1542 1855 1577 &
1868 1543 2012 1577 veritatis
2022 1540 2125 1587 argu·'

1279 1598 1427 1622 mentum
1442 1612 1449 1620 .
1854 1595 1932 1642 2'37.
1949 1605 1974 1629 1:
2000 1592 2034 1625 δε
2052 1593 2118 1636 seq.

1231 1637 1349 1678 Fidei,
1374 1648 1411 1672 ut
1434 1638 1601 1673 temeraria
1624 1642 1762 1682 nonsit,
1787 1642 1958 1677 necessaria
1978 1642 2052 1676 sunt
2062 1641 2120 1677 sua

1279 1686 1424 1729 motiva,
1448 1689 1483 1723 ἃς
1503 1700 1617 1725 eorum
1629 1701 1766 1726 examen
1778 1717 1786 1725 .
1798 1698 1811 1702 ”
1844 1711 1848 1714 -
1989 1699 2068 1730 221.
2085 1703 2118 1729 1-

1232 1740 1353 1773 Fidelis
1376 1739 1420 1773 est
1447 1739 1742 1781 tituluseminens‚
1769 1741 2118 1786 solisbaptizatiscon-

1279 1789 1437 1823 veniens.
1462 1787 1528 1833 318·
1556 1802 1582 1826 1.
1609 1790 1644 1824 δε
1668 1793 1729 1837 seq.
1756 1792 1819 1828 Per
1843 1793 2020 1836 susceptam
2045 1781 2123 1826 Eu-⁸

1280 1836 1464 1873 charistiam
1477 1839 1709 1875 constituimur
1720 1843 1849 1877 fideles.
1876 1843 1949 1874 ibid.
1964 1854 1995 1879 2.
2005 1841 2040 1876 δε
2052 1843 2118 1885 seq.

1279 1886 1458 1928 Haeretici,
1483 1886 1686 1923 Schismatici
1704 1911 1716 1929 ,
1742 1890 1805 1924 διε.
1829 1901 1872 1923 an
1896 1891 1958 1926 sint
1981 1891 2119 1926 fideles?

1230 1946 1360 2017 1:133·
1371 1947 1416 2014 δῖ
1427 1980 1613 2022 christianus
1629 2007 1640 2024 ,
1667 1985 1838 2027 quomodo
1858 1984 1944 2034 apud
1962 1990 2117 2032 antiquos

1277 2031 1446 2066 differant.
1475 2039 1530 2078 54.
1548 2043 1576 2069 ι.
1604 2033 1698 2068 Solus
1720 2033 1904 2078 baptizatus
1924 2035 2046 2072 dicitur
2066 2036 2122 2073 Fls

1277 2081 1359 2116 delis
1369 2094 1384 2124 ;
1410 2080 1613 2117 Christianus
1622 2084 1721 2119 etiam
1734 2084 1790 2129 qui
1811 2085 1851 2120 ad
1868 2084 2121 2123 catechumena·

1278 2143 1349 2166 tum
1360 2131 1513 2166 admissus
1528 2132 1574 2167 est
1587 2160 1595 2167 .
1622 2132 1692 2167 ibid.
1718 2134 1983 2181 Nonnumquam
2004 2148 2119 2173 tamen

1279 2193 1374 2216 voces
1391 2181 1454 2215 511ae
1473 2183 1743 2218 confunduntur.
2041 2188 2122 2222 ibib

1227 2232 1309 2267 Fide
1320 2233 1465 2276 qualibet
1478 2232 1588 2267 Deum
1603 2233 1683 2268 reae
1693 2235 1784 2276 coli,
1809 2235 1843 2269 &
1857 2234 2027 2273 hominem
2047 2239 2118 2282 pos2

1278 2284 1309 2317 se
1320 2283 1432 2317 salvari
1442 2283 1573 2317 tradunt
1585 2283 1783 2319 Donatistae.
1811 2284 1865 2324 81.
1883 2297 1910 2323 1-
1937 2287 2019 2322 Item
2042 2288 2118 2324 Cal-

1278 2333 1404 2367 vlnistae
1416 2358 1424 2366 .
1999 2349 2065 2386 ¹32·
2083 2349 2118 2373 2.

1228 2384 1345 2418 Fidem
1358 2394 1457 2419 nemo
1480 2383 1638 2428 stuprabit
1650 2408 1660 2425 ,
1687 2385 1743 2427 qui
1756 2385 1855 2421 futuri
1869 2387 2056 2423 meminerit
2070 2389 2120 2433 ju-

1279 2433 1378 2467 dicii.
2040 2450 2118 2487 377.

1229 2483 1326 2519 Fides
1337 2483 1377 2519 ad
1393 2483 1526 2518 salutem
1539 2484 1729 2520 necessaria.
1755 2495 1822 2531 155.
1842 2499 1868 2523 1.
1896 2489 2051 2535 Qorum
2073 2500 2119 2522 ar-

1281 2534 1459 2569 ticulorum
1469 2533 1586 2568 debeat
1598 2537 1661 2569 effe
1671 2537 1811 2579 expressa
1827 2561 1834 2567 .
1858 2536 1933 2569 ibid.
1945 2546 1977 2571 2.
2002 2539 2036 2572 &
2055 2539 2118 2582 seq.

1230 2585 1329 2619 Fides
1340 2585 1401 2619 alia
1421 2584 1466 2617 est
1479 2583 1692 2630 Theologica
1705 2609 1715 2625 ,
1739 2585 1803 2619 alia
1825 2585 1870 2620 est
1893 2588 1995 2631 gratis
2005 2588 2120 2623 datum

1282 2634 1453 2668 charisma
1467 2658 1475 2666 .
1880 2646 1955 2684 154.
1973 2638 2119 2680 1.&seq.

1233 2683 1515 2719 FidesBernardo
1541 2681 1683 2729 triplex,
1707 2695 1859 2727 mortua,
1887 2687 1980 2728 ficia,
2006 2687 2123 2731 proba-

1283 2746 1315 2770 ta
1328 2760 1335 2767 .
1366 2734 1418 2771 16.
1435 2746 1466 2771 2.
1492 2734 1590 2770 Fides
1601 2736 1674 2770 ficta
1685 2759 1697 2776 ,
1717 2747 1790 2771 vera
1801 2736 1935 2779 quidem
1947 2761 1959 2778 ,
1985 2737 2039 2773 sed
2051 2749 2122 2772 non

1285 2786 1487 2829 perseverans
1497 2811 1504 2818 .
2049 2787 2124 2821 ibid.

1237 2837 1333 2873 Fides
1345 2834 1529 2870 Christiana
1541 2834 1587 2870 est
1602 2835 1774 2881 virginitas
1787 2837 1908 2872 mentis
1919 2861 1932 2879 ,
1957 2838 2125 2873 intellesta

1288 2898 1343 2932 per
1366 2885 1542 2931 Virginem
1563 2885 1676 2927 illam,
1705 2898 1803 2930 quarn
1824 2887 1889 2922 Dei
1912 2888 2125 2924 aemulatione

1288 2936 1457 2972 aemulatur
1468 2936 1674 2979 Apostolus,
1700 2938 1761 2971 ἃς.
1964 2949 2042 2987 377.
2062 2950 2126 2976 1.2.

1240 2988 1335 3023 Fides
1371 2986 1538 3030 quaerenda
1572 3010 1584 3028 ,
1629 2997 1730 3031 quam
1766 2985 1917 3023 Christus
1952 2989 2094 3023 instituit
2115 3013 2127 3022 .

1286 3048 1296 3070 1
1352 3052 1400 3070 .-t.
1423 3046 1455 3072 2.

1240 3048 1638 3131 Fidt323380hismaticomm
1651 3086 1698 3121 est
1721 3087 1895 3123 dumtaxat
1906 3087 2052 3124 humana
2061 3096 2128 3122 ere-

1289 3133 1426 3173 dulitas.
1456 3147 1509 3184 93.
1523 3146 1556 3171 2.
1583 3137 1681 3171 Fides
1691 3138 1757 3173 sine
1772 3138 1869 3172 bonis
1890 3138 2041 3183 operibus
2055 3147 2128 3170 non

1291 3185 1459 3223 sufficitad
1470 3187 1623 3221 salutem.
1655 3198 1775 3234 159.1.
1805 3188 1974 3236 Qoshac
1985 3189 2017 3221 in
2040 3195 2128 3229 parte

1292 3237 1466 3272 Antistites
1476 3249 1514 3272 ac
1525 3237 1708 3283 Magistros
1719 3238 1893 3276 habuerint
1908 3236 2079 3276 Lametus,
2090 3234 2129 3269 &1

1293 3287 1452 3324 Calvinus
1462 3312 1469 3320 .
2055 3284 2131 3317 imd-

1245 3339 1322 3372 Filii
1335 3337 1503 3382 adoptivi,
1528 3337 1731 3373 &naturalis
1754 3335 1939 3373 dissinstio,
1989 3332 2072 3379 382.
2098 3346 2131 3371 2.

1247 3389 1457 3423 Firmilianus
1473 3387 1691 3423 Caesaraeenfis
1703 3385 1881 3429 Episcopus
1892 3385 1931 3419 ad
1944 3395 2056 3429 pacem
2072 3384 2134 3418 Ec·

2023 3434 2086 3469 cle-
