2346 3724
64 890 198 935 Fo'la93.

67 2017 128 2049 foi.
138 2026 204 2054 430·

702 123 1114 167 CAPIT

215 208 283 254 quo
297 203 455 251 corporali
467 203 632 249 stigmate.
662 201 882 237 Fraternitatis
894 200 975 235 inter
994 210 1096 234 extra-

216 270 291 294 neas
302 259 451 301 personas
465 253 640 297 appellatio
650 263 717 287 erat
728 253 814 296 apud
827 251 967 298 gentiles
984 251 1090 293 suspe-

216 311 266 344 &a
287 308 323 342 δε
346 304 517 351 probrosaz
543 303 724 338 Familiaris
748 304 831 337 inter
851 301 993 335 invicem
1005 299 1096 344 flagi-

215 359 337 393 tiosos.
365 355 458 389 Hinc
483 353 569 397 apud
593 355 749 388 Senecam
774 353 910 387 Poetam
933 350 1095 395 flagitiosa

217 406 380 445 Phoedra,
406 403 536 438 studens
550 403 716 447 pellicere,
741 402 827 438 dixit
847 399 887 435 ad
906 401 1093 445 privignum

218 455 444 499 Hippolytum
459 468 470 487 .·
497 458 608 487 Matris
616 453 775 496 superbum
791 451 828 493 est
846 461 950 484 nomen
960 474 972 490 ‚
999 451 1032 483 (τ
1047 455 1098 482 ni-

218 508 308 540 mium
313 513 415 548 potens
424 529 435 545 ‚
465 504 568 537 nollros
583 503 723 537 humilius
737 514 839 535 nomen
850 499 973 542 affedlus
992 500 1074 533 decet
1087 525 1097 541 ,

219 568 266 592 me
285 556 337 590 vel
352 553 475 598 sororem
500 556 674 596 Hippolyte,
698 556 747 587 vel
763 553 916 594 famulam
932 562 1022 584 voca.
1053 549 1096 584 Et

218 606 382 641 Martialis
396 604 504 639 scribit
519 617 527 636 :
556 607 661 647 ,Quare
673 601 765 645 defini
774 614 819 636 me
835 613 939 635 vocare
942 600 1079 642 fratrem
1087 624 1097 641 ,

217 665 256 690 ne
276 664 306 689 te
331 659 508 689 Carmcnion
529 665 628 688 vocem
653 653 793 694 sororem.
821 652 971 686 Gentiles
993 649 1098 685 crede-

219 707 298 740 bant
320 704 582 740 Christianorum
594 703 827 739 fraternitatem
840 701 970 737 fundari
992 701 1026 734 in
1042 699 1099 734 tali

218 756 438 791 commercio.

267 806 446 841 Sceleratos
476 816 514 838 ac
537 802 632 839 nobis
656 804 778 846 semper
802 802 942 836 offensos
975 799 1101 843 Judaeos

219 854 313 890 fuiffe
324 857 446 899 primos
458 852 624 888 horrendae
635 852 806 886 calumniae
819 853 964 885 austeres
972 872 983 889 ,
1011 847 1104 884 testa-

220 916 272 940 tur
284 904 318 939 in
333 906 424 940 libris
435 914 550 938 contra
564 902 696 936 Celsum
715 902 900 945 Origenes.-
926 897 1028 942 Celsus
1049 902 1101 932 vb-

219 957 309 989 detur
331 955 406 989 mibi
422 953 523 996 feciffe
548 953 628 986 idem
642 976 652 992 ,
678 953 871 996 quodJudaei
885 973 896 989 ‚
923 948 1101 989 Christiana.-

219 1006 374 1040 Dollrinae
406 1009 513 1044 initio,
538 999 639 1044 sparso
662 1012 800 1040 rumore,
826 1001 908 1042 quod
926 1001 989 1040 ejits
1013 997 1103 1031 Sella,-

220 1054 348 1089 homines
367 1054 492 1088 macffati
507 1058 598 1093 pueri
613 1049 795 1092 vescerentur
816 1048 955 1082 carnibus
979 1049 1013 1082 <55
1024 1048 1104 1090 quod

220 1111 335 1147 quoties
346 1109 387 1137 eis
397 1101 488 1136 libeat
499 1109 617 1142 operam
627 1101 701 1133 dare
711 1100 827 1132 occultis
840 1096 1014 1132 libidinibus
1026 1121 1038 1138 ‚
1048 1109 1105 1131 ex·-

220 1154 313 1188 tinHo
323 1154 434 1187 lumine
449 1151 611 1193 constupret
621 1160 710 1192 quam
722 1147 843 1192 quisque
852 1154 985 1191 primam
997 1147 1103 1181 nulius
1117 1168 1123 1174 ·

218 1203 315 1246 suerit
335 1227 344 1236 .
371 1206 452 1246 ,Quae
468 1200 554 1244 falsa
579 1202 614 1235 (9
636 1205 741 1242 iniqua
763 1204 858 1241 opinio
879 1200 992 1232 dudum
1012 1199 1106 1231 vaide

225 1254 330 1288 multos
343 1255 363 1286 ἃ
375 1254 525 1296 Religione-
536 1250 631 1290 nostra
639 1251 751 1284 alienos
764 1247 1018 1292 tenuit,pcrsuafivs
1029 1249 1109 1290 quod

226 1305 299 1337 tales
307 1301 366 1345 sint
379 1301 538 1342 Christiani
550 1325 558 1333 .
586 1305 633 1333 Et
662 1301 706 1333 ad
724 1299 776 1333 boc
798 1305 937 1341 temporis
957 1298 1107 1341 nonnullos

221 1353 309 1396 fallit
323 1379 334 1394 ,
359 1358 409 1394 qui
431 1363 467 1385 ea
489 1352 526 1384 de
538 1349 625 1392 causa
650 1349 830 1387 Christianos
852 1355 896 1381 ita
909 1346 1108 1390 aversantur,

231 1401 434 1444 utnefimplex
447 1400 620 1443 colloquium
630 1410 694 1432 cum
706 1398 818 1431 bomine
832 1396 998 1438 Christiano
1020 1397 1109 1430 habe-

224 1464 258 1486 re
285 1454 380 1485 aelim·
393 1475 400 1483 .
424 1451 468 1483 Et
491 1451 575 1483 infra
593 1450 626 1481 in
649 1447 766 1481 eodem
787 1447 871 1481 libro
892 1460 899 1479 :
930 1445 1030 1489 Celsus
1048 1454 1110 1479 mi-

226 1501 260 1535 ht
285 1504 410 1534 videtur
426 1499 530 1540 facere
543 1497 617 1539 ficut
637 1497 760 1539 quidam
797 1502 907 1529 nomini
941 1495 1110 1534 christiano

226 1549 400 1592 infenfifflmi
411 1573 421 1589 ‚
447 1553 500 1590 qui
511 1548 595 1589 apud
603 1552 774 1590 ignorantes
784 1548 881 1588 qualis
890 1545 927 1586 fit
938 1544 1109 1584 Christiana

224 1600 362 1644 Religio,
390 1611 422 1633 re
446 1596 510 1640 ipsa
533 1605 670 1639 expertos
689 1594 723 1639 se
742 1596 907 1639 affeverant
924 1619 935 1635 ,
957 1596 1036 1637 quod
1061 1594 1111 1628 boc

222 1661 319 1694 genus
329 1647 463 1691 ‘vescatur
475 1647 693 1688 infantulorum
703 1646 866 1686 carnibus,
893 1647 927 1679 (τ
948 1643 1107 1687 promiscue

220 1699 283 1741 fine
304 1700 416 1741 puriore
429 1697 588 1732 contradict
599 1694 730 1739 ejusdem
754 1696 845 1730 seiiae
856 1695 1024 1738 foeminas.
1053 1695 1111 1728 Af-

225 1750 335 1783 firmat
360 1749 421 1783 effe
455 1747 623 1782 mendacia
657 1747 796 1781 conflati
828 1747 846 1780 a
878 1743 1054 1789 prophanis
1076 1746 1109 1778 in

225 1798 342 1833 odium
353 1796 615 1832 Christianorum
627 1821 635 1828 .
664 1796 796 1839 Utique
809 1796 826 1829 ὲ
840 1795 967 1839 perfidis
986 1795 1108 1838 Judaeis.

225 1848 409 1884 Calumniae
433 1848 580 1884 fomenta
621 1846 816 1880 addiderunt
840 1846 1051 1888 Carpocrates
1074 1856 1111 1878 ac

224 1899 295 1943 ejus
319 1899 405 1933 filius
429 1895 635 1943 Epiphanes,
663 1906 723 1929 nec
749 1906 818 1930 non
839 1896 871 1929 δι
897 1895 953 1930 alii
978 1893 1111 1937 quidam

225 1949 401 1989 Gnostici,
426 1949 468 1983 de
494 1945 611 1989 quibus
632 1945 666 1978 in
690 1946 787 1980 tertio
808 1945 1009 1980 Stromatum
1030 1944 1112 1978 libro

225 1998 334 2033 scribit
357 1999 490 2033 sanetus
505 1997 662 2032 Clemens
689 1995 933 2029 Alexandrinus
947 2008 958 2027 .-
986 1998 1046 2027 Hos
1069 1996 1112 2027 di-

224 2056 294 2084 cunt
308 2071 320 2087 ,
346 2049 380 2080 <5
391 2050 503 2088 aliquos
514 2048 586 2078 alios
592 2044 730 2086 similium
743 2056 792 2077 ma
798 2045 890 2077 lorum
906 2045 1091 2077 aemulatores
1102 2069 1112 2085 ,

226 2098 272 2130 ad
291 2107 403 2130 coenam
422 2101 629 2129 convenientes
645 2116 656 2132 ‚
680 2104 770 2136 neque
781 2099 858 2127 enim
891 2100 1020 2138 Agapem
1030 2095 1112 2128 dixe·

226 2153 286 2181 rim
305 2158 401 2180 eorum
425 2146 637 2190 congreffionem
652 2167 663 2184 ,
689 2149 772 2178 viros
799 2142 884 2185 fimul
903 2146 936 2177 (ν
962 2145 1113 2186 mulieres,

224 2196 374 2239 postquam
393 2202 543 2230 excitante
572 2198 713 2228 Venerem
729 2193 872 2238 satietate
892 2194 1034 2237 exsatiati
1047 2194 1111 2236 fue-

226 2254 291 2280 rint
303 2271 314 2287 ,
340 2247 450 2280 lumine
463 2255 560 2278 amoto
577 2269 588 2285 ,
613 2245 691 2286 quod
700 2256 796 2278 eorum
803 2243 1113 2286 bancfornicatortam

225 2296 379 2339 justitiam
388 2297 499 2338 pudore
521 2295 666 2337 afficiebat
678 2319 689 2335 ,
713 2293 815 2337 eversa
827 2297 943 2328 lucerna
961 2299 1034 2330 coire
1046 2305 1113 2336 quo-

229 2348 313 2379 modo
341 2348 458 2386 velint,
485 2348 517 2380 ὼ
542 2357 605 2378 cum
615 2345 722 2387 qulbus
745 2345 863 2384 velint,
889 2345 1045 2377 meditatos
1063 2352 1112 2376 au-

228 2403 288 2428 tem
300 2401 332 2428 in
340 2395 483 2439 ejusmodi
507 2400 607 2438 Agape
621 2399 847 2426 communionem
860 2416 871 2431 ,
896 2393 1026 2424 interdiu
1041 2394 1112 2433 jam

228 2447 249 2478 ἃ
269 2445 375 2487 quibus
409 2446 505 2477 velint
525 2443 694 2477 mulieribus
716 2466 728 2482 ‚
753 2448 870 2487 exigere
894 2446 1112 2483 Carpocrataeae

229 2496 300 2539 legis
313 2495 511 2528 obedientiam
524 2518 531 2525 .
558 2493 637 2527 Hoc
648 2493 827 2527 nefandum
839 2494 871 2526 ἀ
887 2493 1054 2535 plusquam
1066 2493 1113 2525 in-

230 2545 352 2581 fernale
364 2545 484 2589 dogma
500 2555 590 2578 notat
603 2543 636 2577 in
652 2545 705 2577 sua
726 2542 862 2587 epistola
872 2543 1002 2577 Sanctus
1015 2542 1113 2586 Judas

230 2594 413 2637 Apostolus
438 2607 445 2626 :
467 2594 705 2636 Subintrojerunt
731 2594 856 2637 quidam
875 2592 1006 2627 homines
1026 2615 1038 2632 ,
1060 2599 1112 2636 qui

230 2646 300 2677 olim
322 2642 495 2686 praescripti
516 2643 588 2687 sunt
607 2651 640 2678 in
661 2644 710 2677 boc
724 2646 873 2686 ‚iudicium
886 2668 897 2685 ,
924 2644 1030 2686 impii,
1057 2647 1112 2677 Dei

232 2693 320 2732 nostri
339 2697 476 2736 gratiam
499 2693 719 2735 transferentes
745 2701 779 2728 in
799 2696 954 2728 luxurIam
977 2719 986 2726 .
1025 2693 1112 2728 istud

232 2745 371 2788 Dogma
384 2742 533 2778 Gentiles
556 2744 730 2780 credebant
754 2745 907 2779 omnibus
918 2743 1113 2779 Christianis

234 2802 433 2831 commune,
459 2795 492 2827 in
518 2795 587 2838 ipso
610 2794 739 2829 fundari
766 2795 907 2839 ipsorum
930 2794 1114 2829 fraternita-

233 2852 300 2878 tem
324 2868 334 2884 ,
364 2842 504 2887 ideoque
522 2845 585 2878 effe
604 2841 826 2879 detestabilem
846 2868 855 2878 .
883 2844 937 2878 Ad
961 2842 1114 2879 Christia-

235 2903 314 2927 nam
339 2892 550 2937 Religionem
575 2893 661 2938 apud
689 2896 774 2939 ipsos
806 2896 851 2929 ita
889 2894 1114 2930 infamandam

235 2942 402 2978 Diabolus
424 2942 497 2977 istas
508 2942 673 2980 sceleratas
687 2947 791 2981 Sestas
814 2944 940 2979 intrusit
955 2946 988 2978 in
1004 2944 1115 2980 Eccle-

235 2994 314 3027 siam
328 3018 335 3025 .
363 2993 406 3026 Et
426 2993 676 3037 elegantiffimas
695 3006 810 3030 contra
837 2996 1034 3030 calumniam
1056 3007 1114 3039 pro

236 3043 346 3078 nostra
369 3043 560 3077 innocentia
579 3044 749 3089 apologias
762 3045 955 3089 scripserunt
967 3045 1046 3079 varii
1057 3042 1115 3081 Pa-

237 3102 303 3128 tres
314 3118 321 3125 .
348 3092 391 3125 Et
405 3093 541 3126 octavio
552 3093 716 3137 respondit
732 3095 884 3130 Caecilius
895 3095 1114 3132 Christianus:

237 3147 306 3177 Nos
316 3154 373 3176 non
386 3143 516 3176 notaculo
524 3149 649 3187 corporis
662 3169 673 3185 ‚
699 3152 733 3177 ut
741 3149 863 3187 putatis
876 3169 888 3186 ,
912 3144 966 3189 sed
984 3151 1116 3181 innocen·

239 3198 293 3227 tiae
306 3203 339 3226 ac
351 3192 500 3234 modestiae
508 3192 690 3237 fignofacile
701 3192 896 3238 dignoscimus
908 3220 915 3228 .
942 3197 987 3228 Sic
998 3199 1096 3230 mutuo
1106 3221 1116 3238 ,

240 3243 318 3283 quod
327 3244 432 3277 doletis
442 3267 452 3283 ‚
479 3254 576 3278 amore
587 3245 745 3288 diligimus
758 3268 765 3277 .
792 3247 944 3288 ,Quoniam
957 3246 1045 3289 odisse
1060 3257 1117 3280 non

240 3298 373 3325 nevimus
395 3317 402 3325 .
430 3295 476 3327 sic
497 3305 548 3328 nos
565 3318 577 3334 ‚
600 3295 677 3336 quod
696 3296 866 3339 invidetis,
883 3293 1008 3336 >fratres
1031 3307 1115 3331 voca-

342 3341 447 3384 christ.
458 3346 535 3387 Lupi
545 3349 643 3387 opera
651 3347 684 3377 T.
693 3347 751 3378 IX.

1185 132 1201 163 1
1269 132 1287 163 ·s
1414 117 1458 159 X
1491 116 1550 160 X.
1870 132 1896 163 2
1907 134 1965 167 01,

1154 210 1220 233 mus
1235 223 1245 239 ,
1272 207 1304 233 ut
1313 200 1401 231 unius
1418 199 1476 230 Dei
1491 201 1631 239 parcitus
1659 197 1807 241 homines,
1834 207 1868 233 ut
1890 197 2032 242 consortes

1151 250 1225 293 fidei
1237 273 1247 288 ‚
1274 247 1378 290 &spei
1388 247 1551 281 cohaerea'es
1564 272 1572 279 .
1600 246 1643 282 Et
1655 246 1688 279 in
1702 248 1785 282 libro
1807 248 1846 282 ad
1860 250 2032 293 Scapulam

1159 298 1265 334 scribit
1283 298 1530 332 Tertullianus:
1559 301 1624 330 Nec
1648 297 1771 329 aliunde
1788 296 1890 338 sumus
1914 298 2035 341 ηομ-1111-

1157 352 1200 383 les
1226 374 1236 389 ,
1260 351 1351 390 quam
1374 350 1410 382 de
1432 348 1635 382 emendatione
1657 351 1798 381 vitiorum
1816 370 1823 377 .
1858 347 2034 383 Affirmant

1159 399 1301 434 nostram
1325 399 1559 432 fraternitatem
1583 409 1651 431 non
1675 396 1710 430 in
1730 396 1842 439 aliquo
1866 395 2035 441 stigmate,

1157 460 1212 484 aut
1222 449 1340 493 quovis
1360 449 1526 493 flagitioso
1537 446 1739 482 commercio
1760 445 1908 485 fundari,
1935 446 2035 480 sedin

1160 500 1252 534 novis
1282 498 1445 533 natalibus
1464 511 1504 533 ex
1526 509 1609 542 aqua
1632 498 1666 532 &
1685 497 1807 541 Spiritu
1831 496 1970 534 Sancto,
1995 507 2037 529 ex

1158 549 1273 584 eodem
1285 549 1361 583 Deo
1375 549 1475 585 Patre
1490 560 1528 583 ac
1547 548 1661 582 eadem
1685 557 1786 595 matre
1800 545 1940 580 Ecclesia
1952 569 1959 576 .
1994 545 2039 579 Et

1160 600 1316 643 primitivi
1330 598 1505 633 Christiani
1519 598 1661 632 omnino
1682 597 1836 632 vixerunt
1857 605 1892 630 ut
1904 596 2036 630 fratres.

1160 650 1260 697 Qiod
1279 650 1383 693 ipsum
1406 649 1443 683 in
1470 649 1613 683 secundo
1635 650 1839 683 Stromatum
1859 645 2040 680 libroaffir-

1161 710 1227 734 mat
1249 701 1382 734 Sanctus
1409 700 1565 735 Clemens
1586 698 1827 733 Alexandrinus
1852 721 1859 728 .
1886 695 2038 731 Affirmat

1162 751 1245 783 inter
1257 748 1461 784 Christianos
1469 757 1549 783 tunc
1561 749 1654 784 fnifle
1667 748 1758 782 illam
1769 746 1949 783 amicitiam
1959 771 1970 788 ‚
1999 747 2039 780 de

1162 811 1225 843 qua
1247 800 1279 833 ἀ
1292 801 1409 845 pagani
1420 797 1615 843 Philosophi
1628 799 1780 833 dixerunt
1793 812 1804 831 :
1832 802 1948 831 Amicus
1961 797 2039 830 alter

1162 861 1229 893 ego.
1259 849 1301 884 Et
1311 850 1480 895 adjungit:
1508 853 1617 883 Etiam
1630 848 1747 891 fratres
1761 848 1944 891 appellamus
1965 858 2011 880 eos
2028 869 2043 888 ,

1162 897 1290 942 quisunt
1301 902 1397 934 eodem
1418 900 1506 934 verbo
1518 906 1682 944 regenerati
1695 924 1702 932 .

1213 947 1385 994 Infigniter
1406 949 1472 986 haec
1492 951 1526 986 in
1546 951 1631 985 libro
1650 948 1876 995 Apologetico
1898 948 2043 985 elucidat

1166 999 1274 1032 noster
1296 1000 1472 1044 Septimius
1496 1012 1504 1032 ε
1537 1003 1614 1034 Vide
1630 1025 1642 1041 ‚
1677 1006 1814 1041 inquiunt
1834 999 1983 1045 Pagani,
2009 1008 2044 1034 ut

1166 1047 1343 1084 Christiani
1355 1048 1389 1092 se
1411 1056 1540 1084 invicem
1557 1052 1687 1096 diligant
1699 1074 1707 1082 .
1735 1050 1796 1093 1in
1811 1055 1893 1084 enim
1915 1056 2045 1084 invicem

1166 1099 1307 1133 oderunt.
1339 1103 1384 1132 Et
1394 1109 1490 1142 utpro
1500 1103 1594 1133 altero
1606 1100 1744 1141 morifint
1753 1107 1860 1142 parati
1872 1126 1879 1133 .
1900 1100 1962 1142 Ipfi
1968 1106 2047 1133 enim

1167 1148 1211 1180 ad
1225 1150 1414 1182 occidendum
1437 1151 1565 1183 alterum
1589 1156 1757 1191 paratiores
1784 1157 1868 1183 erunt
1890 1174 1897 1181 .
1932 1152 1992 1183 Sed
2014 1152 2050 1183 (St

1168 1201 1247 1240 quod
1250 1198 1387 1240 fratrum
1399 1201 1596 1241 appellatione
1608 1198 1759 1242 censemur
1768 1222 1779 1239 ‚
1805 1210 1864 1232 non
1876 1200 1955 1232 alitis
1967 1223 1978 1239 ‚
1991 1205 2050 1240 opi-

1170 1260 1222 1281 nor
1235 1272 1246 1289 ,
1272 1247 1426 1290 infamant
1439 1273 1449 1289 ,
1475 1251 1567 1292 quam
1587 1251 1671 1291 quod
1679 1249 1763 1291 apud
1781 1247 1859 1291 ipsos
1872 1260 1954 1282 omne
1969 1247 2050 1292 san-

1163 1304 1267 1341 guinis
1278 1310 1382 1333 nomen
1399 1301 1436 1333 de
1448 1299 1632 1341 affec‘latione
1646 1298 1817 1340 fimulatum
1837 1299 1875 1339 est
1886 1323 1894 1331 .
1922 1303 2050 1333 Fratres

1170 1356 1267 1381 autem
1282 1355 1373 1382 etiam
1386 1350 1477 1390 vestri
1487 1349 1592 1392 sumus
1597 1353 1669 1390 jure
1680 1359 1799 1382 naturae
1811 1374 1822 1389 ‚
1833 1355 1939 1382 matris
1949 1356 2049 1383 unius:

1173 1402 1211 1431 f)
1229 1397 1259 1439 fi
1277 1410 1332 1432 vos
1355 1401 1464 1440 parum
1487 1398 1620 1432 homines
1633 1423 1644 1439 ,
1669 1405 1741 1441 quia
1765 1399 1836 1431 mali
1845 1399 1982 1440 fratres.
2011 1404 2049 1432 At

1171 1450 1283 1490 quanti
1298 1450 1415 1493 dignius
1429 1449 1549 1491 fratres
1561 1450 1593 1482 er
1604 1449 1741 1482 dicuntur
1753 1450 1787 1482 &
1798 1447 1946 1482 habentur
1962 1475 1972 1490 ,
1997 1454 2049 1491 qui

1172 1508 1262 1530 unum
1289 1501 1412 1532 Patrem
1437 1502 1534 1532 Deum
1554 1508 1762 1542 agnoverunt,
1785 1505 1941 1541 quianam
1958 1499 2049 1541 spiri-

1176 1556 1240 1579 tum
1252 1546 1391 1580 biberunt
1402 1546 1579 1590 sanffltatis
1596 1572 1606 1587 ,
1633 1554 1686 1590 qui
1707 1549 1743 1581 de
1760 1559 1816 1581 uno
1825 1558 1905 1581 utero
1914 1554 2051 1592 ignoran-

1173 1602 1225 1628 tiae
1249 1594 1382 1638 ejusdem
1407 1598 1550 1631 adunam
1573 1599 1664 1632 lucem
1683 1607 1872 1640 expaverunt
1883 1603 2021 1632 veritatis
2034 1599 2050 1630 ?

1173 1647 1232 1679 sed
1240 1657 1270 1679 eo
1275 1645 1398 1690 firtaffe
1413 1647 1511 1680 minus
1526 1650 1650 1691 legitimi
1662 1649 1863 1689 existimamur·
1877 1674 1887 1690 ,
1905 1654 1976 1692 quia
1989 1651 2052 1682 nul-

1173 1696 1205 1728 la
1222 1696 1259 1729 de
1283 1696 1379 1737 nostra
1395 1697 1595 1739 fraternitate
1619 1701 1768 1741 tragoedia
1787 1700 1935 1733 exclamat
1957 1724 1969 1740 ‚
2001 1700 2054 1732 vel

1172 1751 1247 1787 quia
1258 1757 1294 1779 ex
1301 1744 1470 1789 fisbstantia
1475 1748 1632 1790 familiari
1636 1748 1756 1789 fratres
1765 1748 1869 1793 sumus
1882 1775 1893 1790 ,
1919 1762 1985 1792 quae
1999 1758 2054 1792 pe-

1173 1806 1224 1828 nes
1235 1807 1287 1829 vos
1292 1795 1363 1837 fere
1374 1799 1491 1831 dirimit
1500 1798 1733 1839 fraternitatem
1747 1824 1754 1831 .
1778 1803 1884 1841 ltaque
1894 1805 2054 1841 quianimo

1174 1851 1332 1887 animaque
1345 1845 1495 1890 miscemur
1507 1873 1517 1888 ‚
1545 1845 1625 1880 nibil
1635 1849 1672 1881 de
1684 1854 1726 1881 rei
1737 1854 1990 1883 communicatione
2001 1852 2054 1883 du·

1174 1896 1322 1929 bitamus.
1351 1899 1459 1930 Omnia
1472 1896 1632 1941 indiscreta
1654 1897 1727 1941 sunt
1744 1901 1828 1942 apud
1842 1910 1914 1941 nos,
1937 1909 2054 1943 praetcr

1173 1957 1279 1980 uxores
1292 1971 1300 1978 .
1325 1949 1363 1979 In
1376 1947 1425 1987 isto
1434 1947 1495 1991 solo
1508 1947 1682 1990 consortium
1690 1947 1837 1991 solvimus
1851 1973 1862 1988 ,
1888 1955 1921 1982 in
1932 1961 1989 1991 quo
1993 1949 2054 1992 solo

1174 2002 1271 2029 caeteri
1283 1995 1432 2029 bominum
1446 1997 1617 2040 consortium
1629 2008 1764 2032 exercent
1778 2022 1790 2038 ‚
1814 2004 1867 2041 qui
1880 2009 1938 2031 non
1951 2003 2055 2032 amico-

1174 2057 1241 2080 rum
1250 2043 1426 2088 solummodo
1438 2052 1627 2081 matrimonia
1649 2046 1797 2090 usurpant
1806 2072 1817 2088 ,
1843 2047 1901 2090 sed
1910 2046 2004 2091 &sua
2015 2062 2056 2082 a·-

1176 2100 1259 2129 micis
1265 2098 1475 2138 patientifflmd
1492 2096 1738 2140 subministrant.
1767 2098 1918 2132 Affirmat
1946 2098 2054 2142 plura.

1175 2144 1288 2180 Primo
1300 2168 1312 2184 ‚
1338 2148 1426 2190 quod
1440 2145 1617 2181 Christiani
1640 2158 1710 2181 non
1723 2147 1953 2182 tantummodo
1971 2149 2055 2182 inter

1177 2197 1207 2230 se
1232 2195 1376 2229 invicem
1389 2219 1400 2235 ‚
1427 2197 1479 2230 sed
1494 2196 1593 2231 etiam
1621 2207 1695 2230 cum
1708 2197 1907 2242 gentilibus,
1933 2198 1966 2231 δε
1979 2209 2057 2232 cun·

1175 2243 1232 2278 ctis
1242 2246 1423 2288 generatim
1438 2246 1629 2281 hominibus
1641 2247 1702 2283 fin«
1715 2248 1827 2282 fratres
1837 2262 1848 2281 :
1865 2247 1955 2296 Qia
1968 2259 2057 2284 nem-

1176 2295 1214 2337 pe
1229 2305 1344 2328 omnes
1366 2296 1471 2330 sumus
1483 2308 1525 2330 ex
1537 2296 1654 2331 eodem
1666 2296 1820 2332 Creatore
1831 2298 1907 2332 Deo
1922 2322 1933 2338 ,
1958 2299 1992 2333 ὅ(
2014 2310 2057 2332 ex

1174 2341 1287 2377 eadem
1301 2355 1430 2377 natura.
1463 2346 1597 2380 Etenim
1622 2347 1788 2381 Dominus
1812 2347 1903 2381 Deus
1918 2358 1959 2381 ex
1971 2358 2056 2383 crea.-

1175 2403 1211 2426 to
1225 2391 1356 2426 Adamo
1376 2395 1528 2427 formavit
1553 2394 1655 2429 Evam
1669 2420 1680 2436 ‚
1707 2397 1740 2430 δι
1753 2408 1795 2430 cx
1816 2396 1866 2430 his
1881 2397 2056 2442 Protopla«

1176 2444 1230 2477 stis
1241 2454 1356 2477 omnes
1379 2455 1439 2478 nos
1452 2444 1623 2488 producit,
1648 2456 1744 2490 atque
1762 2448 1806 2482 ita
1819 2458 1935 2482 omnes
1946 2449 2056 2482 sumus

1174 2504 1216 2527 ex
1240 2493 1356 2527 eodem
1377 2495 1558 2538 sanguine,
1585 2507 1625 2528 ex
1647 2496 1759 2530 iisdem
1772 2497 1975 2540 parentibus.
2005 2500 2057 2533 Se-

1175 2543 1286 2578 cundo
1297 2542 1400 2583 dicit,
1426 2545 1514 2588 quod
1529 2543 1710 2580 Christiani
1731 2548 1814 2582 inter
1836 2548 1866 2581 se
1877 2547 1938 2581 fint
1949 2548 2057 2592 fingu-

1175 2593 1232 2626 lari
1254 2592 1379 2628 ratione
1394 2595 1507 2629 fratres
1518 2620 1526 2628 .
1554 2595 1685 2640 Nempe
1708 2596 1753 2631 ob
1765 2608 1870 2631 novos
1882 2598 2006 2632 natales
2017 2608 2058 2633 ex

1175 2643 1288 2677 eadem
1299 2654 1381 2688 aqua
1391 2645 1425 2678 ἀ
1436 2643 1553 2679 eodem
1566 2645 1688 2689 Spiritu
1701 2647 1819 2682 San-sto
1829 2673 1839 2689 ,
1851 2648 1967 2683 eodem
1980 2649 2057 2683 Deo

1175 2693 1269 2728 Patre
1284 2717 1296 2734 ,
1321 2693 1432 2729 eadem
1450 2705 1554 2730 matre
1566 2696 1708 2732 Eeclefia
1721 2721 1732 2738 ‚
1757 2708 1795 2732 ac
1815 2698 1932 2731 eodem
1958 2699 2057 2731 semi-

1177 2755 1216 2777 ne
1227 2743 1366 2786 ejusdem
1380 2746 1586 2791 Evangelicae
1597 2745 1753 2780 doetrinae
1765 2769 1772 2777 .
1801 2746 1926 2779 Tertio
1949 2744 2032 2780 dicit
2043 2770 2056 2786 ‚

1176 2794 1264 2837 quod
1277 2804 1392 2829 ornnes
1404 2796 1546 2829 invicem
1558 2794 1698 2828 fraterne
1709 2793 1887 2838 diligamus
1899 2819 1905 2825 .
1933 2794 1978 2828 Et
1990 2793 2056 2829 hoc

1177 2845 1281 2878 lucere
1294 2844 1463 2886 praesertim
1476 2855 1517 2878 ex
1537 2843 1682 2877 duobus.
1709 2843 1821 2877 Primo
1834 2868 1845 2884 ‚
1871 2844 1961 2888 quod
1975 2844 2057 2878 invi-

1176 2905 1245 2928 cem
1259 2894 1340 2927 adeo
1353 2892 1529 2938 diligamus
1538 2918 1549 2934 ‚
1578 2904 1614 2928 ut
1626 2893 1732 2937 quivis
1755 2904 1811 2937 pro
1825 2895 1940 2937 quovis
1951 2894 1990 2928 fit
1999 2906 2054 2940 pa-

1177 2954 1259 2977 ratus
1280 2944 1365 2978 mori
1388 2969 1396 2978 .
1424 2941 1576 2978 Secundo
1595 2968 1606 2985 ,
1633 2943 1722 2988 quod
1749 2955 1864 2978 omnes
1886 2944 2054 2979 facultates

1178 2994 1353 3029 habeamus
1363 3005 1558 3029 communes
1570 3019 1577 3026 .
1606 2994 1650 3028 Et
1660 2992 1752 3028 addit
1765 2993 1830 3029 haec
1841 2994 1955 3035 omnia
1968 2993 2055 3038 apud

1177 3044 1314 3090 gentiles
1338 3045 1400 3079 effe
1424 3045 1584 3080 contraria
1598 3070 1605 3077 .
1631 3042 1762 3087 Nempe
1774 3044 1860 3089 apud
1877 3057 1938 3080 nos
1959 3045 2055 3087 plena

1177 3095 1334 3135 charitas,
1364 3094 1447 3139 apud
1471 3094 1744 3129 illosdorninatur
1764 3095 1858 3138 plena
1870 3095 2052 3139 cupiditas.

1178 3147 1221 3181 Et
1245 3144 1324 3180 hinc
1348 3145 1431 3179 lucet
1453 3156 1533 3186 nos,
1559 3144 1629 3183 solo
1654 3143 1891 3189 propemodum
1918 3145 2056 3182 nomine

1179 3195 1383 3232 Christianos
1395 3220 1405 3235 ,
1431 3193 1628 3229 horrendum
1652 3195 1687 3228 in
1698 3195 1834 3230 modum
1847 3194 1995 3229 defecisse
2014 3193 2056 3228 ab

1179 3248 1264 3281 avita
1276 3246 1444 3290 disciplina
1455 3268 1465 3285 ,
1492 3245 1525 3278 &
1539 3255 1605 3277 non
1617 3244 1786 3280 dumtaxat
1799 3245 1839 3280 ad
1851 3244 2032 3281 Pharisaica
2044 3269 2056 3285 ,

1181 3297 1233 3335 sed
1245 3298 1343 3332 etiam
1368 3296 1408 3332 ad
1421 3295 1556 3342 gentilia
1569 3295 1648 3331 vitia
1667 3295 1888 3340 degenerasse.
1920 3296 2010 3330 Nam
2022 3296 2057 3330 dc

1725 3346 1747 3382 S
1973 3346 2010 3382 in

2049 275 2112 313 Cap
2124 288 2163 307 ιτ..-

2060 995 2135 1037 Cap·
2143 1003 2189 1033 39·
