2346 3724
680 139 1094 187 Cant-t

235 233 295 265 mit
306 255 318 272 ,
344 231 453 272 diuque
471 229 531 263 illic
541 226 722 272 Episcopatu
726 229 855 271 fundus
867 229 905 270 est
918 252 930 269 ,
955 238 1116 269 numquam

232 287 331 322 potuit
352 284 454 313 Romae
472 281 523 321 effe
546 290 610 311 cum
635 282 741 312 Petro.
771 285 857 313 Nam
877 279 958 322 quod
965 274 1114 320 Eusebius

225 333 271 365 Ψ
285 335 470 368 Hieronymus
491 333 658 362 Romanam
681 333 767 363 Petri
781 328 931 372 seffionem
947 334 981 359 in
1005 332 1115 371 viginti

236 385 364 423 quinque
373 390 467 412 annos
478 382 646 413 extendunt
658 404 669 420 ,
694 379 829 421 idfacile
842 378 990 420 refellitur
1003 388 1041 410 ex
1051 382 1115 418 pri-

235 441 281 463 mo
302 428 469 472 &secundo
484 431 528 461 ad
537 432 668 463 Galatas
682 435 777 472 capite
790 454 797 461 .
824 430 900 461 Cum
919 434 1022 470 itaque
1035 431 1116 460 Mar-

236 491 300 515 cum
311 490 379 512 tunc
397 479 496 522 fiscum
507 482 615 513 Petrus
637 485 769 513 comitem
783 478 940 518 habuerit,
969 479 1033 511 cum
1043 476 1116 521 firi-

233 529 291 573 psit
303 529 379 563 hanc
388 531 555 571 epistolam,
584 530 730 569 Babylone
745 529 834 571 fuisse
854 528 1038 571 probabilius
1057 527 1097 568 est
1109 552 1116 558 .

238 585 335 622 Atque
358 582 393 612 id
403 592 512 622 quoque
533 583 597 622 eius
619 586 763 614 vocationi
777 579 849 620 fuit
871 577 1114 621 consentaneum.

238 631 351 663 Scimus
362 640 438 662 enim
447 632 640 672 peculiariter
654 632 760 662 datum
775 629 868 671 fuisse
883 629 1043 670 Apostolum
1048 631 1080 673 J
1082 638 1115 659 u·

239 681 334 713 daeis.
363 683 471 723 ,Quare
488 693 539 714 eas
559 680 711 723 praeciput?
731 685 861 722 regiones
884 680 1029 719 lustrabat
1042 702 1053 718 ,
1083 679 1124 710 in·

238 731 348 772 quibus
361 734 457 772 major
478 742 540 764 erat
554 738 653 775 gentis
663 728 729 772 suae
744 731 921 772 frequentia
936 754 943 761 .
970 729 1116 771 Respon-

238 782 301 815 deo
316 781 509 814 maledicum
521 780 769 814 Haerefiarcham
783 779 868 813 varie
880 791 916 813 ac
929 777 1041 812 misere
1052 776 1118 811 hal·

238 831 378 864 lucinari
394 855 401 862 .
425 830 528 878 Qod
540 832 629 865 enim
641 831 755 863 Petrus
772 830 888 862 Romae
911 829 1008 862 fuerit
1020 838 1118 871 atque

238 881 387 914 docuerit
401 907 411 921 ,
437 884 480 913 est
492 881 620 914 abunde
631 879 885 913 demonstratum
899 905 906 911 .
936 879 1000 913 Cui
1016 879 1119 921 placet

238 932 387 964 credere?
415 931 488 964 Tot
508 942 546 964 ac
569 929 667 963 tantis
679 929 804 963 Latinae
828 942 865 963 ac
876 930 993 963 Graecae
1007 928 1119 961 Eccle-

239 980 288 1014 fiae
309 980 479 1020 Patribus,
506 991 547 1013 an
567 979 715 1014 hesterno
730 978 976 1013 Haeresiarchae?
1004 977 1119 1011 Addu-

239 1041 293 1065 cat
305 1031 355 1064 vel
369 1031 463 1064 unius
474 1030 579 1064 Patris
601 1029 844 1064 testimonium.
872 1029 991 1064 Homo
1007 1027 1048 1060 de
1060 1028 1118 1060 suo

239 1079 389 1122 loquitur
410 1103 422 1119 ‚
451 1080 591 1122 ideoque
614 1079 842 1111 mendacium.
870 1076 1117 1111 Exfibilandum

238 1129 349 1172 potius
373 1152 384 1167 ‚
410 1128 508 1169 quam
532 1127 795 1172 impugnandum
816 1151 823 1158 .
861 1126 965 1175 Qod
986 1127 1119 1161 sanstus

237 1179 354 1213 Petrus
367 1178 463 1211 fuerit
477 1178 664 1212 Cardinalis
675 1190 711 1210 ac
724 1176 875 1220 proprius
888 1178 1120 1212 Romanorum

239 1229 422 1272 Episcopus
437 1252 447 1266 ‚
472 1227 516 1260 est
538 1226 626 1271 aeque
648 1226 771 1261 clarum
794 1251 801 1258 .
831 1226 965 1262 Etenim
988 1229 1121 1262 Sanstus

239 1278 397 1318 nemaeus,
425 1277 582 1311 Eusebius
602 1277 807 1311 Caesareenfis
826 1302 837 1317 ‚
863 1279 997 1311 Sanctus
1020 1281 1122 1319 Opta-

240 1339 293 1363 tus
304 1329 520 1361 Milevitanus
534 1328 730 1371 Episcopus,
743 1328 878 1361 Sanctus
894 1325 1097 1371 Epiphanius
1109 1350 1121 1367 ,

240 1389 279 1412 ac
301 1379 434 1412 Sanetus
463 1377 668 1422 Augustinus
694 1376 863 1412 adducunt
890 1376 1122 1412 Romanorum

241 1428 480 1471 Episcoporum
510 1427 737 1461 succeffionem
768 1428 801 1460 &
820 1428 1009 1472 catalogum
1031 1441 1043 1461 .·
1078 1428 1122 1461 Et

241 1488 356 1512 omnes
368 1478 475 1520 primo
487 1477 561 1510 loco
575 1487 701 1520 ponunt
715 1478 863 1510 Sanctum
874 1476 1009 1512 Petrum
1026 1502 1033 1509 .
1063 1478 1122 1511 Et-

239 1528 305 1560 iam
317 1528 453 1561 Sanc'tus
465 1525 674 1570 Nicephorus
686 1524 872 1560 Patriarcha
885 1526 1119 1561 Constantino-

239 1577 409 1620 politanus
432 1576 464 1608 in
487 1578 545 1610 suo
567 1575 739 1610 Chronico
763 1601 770 1608 .
798 1576 901 1623 Qod
926 1577 1030 1620 ipsum
1055 1587 1121 1610 non

240 1627 414 1661 dumtaxat
438 1627 583 1660 fatentur
603 1652 614 1667 ‚
655 1626 708 1660 sed
732 1627 766 1659 &
791 1626 986 1669 profitentur
1008 1638 1124 1660 omnes

240 1676 343 1710 hodie
364 1676 467 1709 Graeci
493 1674 712 1710 Schismatici.
744 1675 853 1709 Etiam
883 1674 1124 1710 schismatisau—

241 1724 354 1760 thores
379 1724 561 1760 Eunuchus
582 1724 746 1766 Photius,
774 1738 811 1761 ac
822 1726 971 1760 Michael
995 1728 1125 1760 Cerula-
1158 1753 1162 1756 t

240 1776 325 1810 rius.
354 1775 432 1808 suas
451 1775 492 1809 de
504 1775 884 1819 Constantinopolitanae
899 1777 1046 1811 Ecclefiae
1058 1776 1125 1809 Pri·

240 1837 331 1859 matu
357 1835 462 1868 nugas
487 1837 555 1858 non
582 1827 614 1858 in
630 1825 815 1868 Apostolici
842 1826 928 1868 apud
952 1827 1126 1860 Romanos

241 1876 460 1918 Episcopatus
479 1875 655 1918 negatione
677 1874 878 1914 fundarunt,
907 1876 959 1909 sed
985 1877 1018 1908 in
1042 1887 1127 1909 tran-

241 1926 383 1960 slatione
394 1925 540 1967 Imperii.
569 1924 693 1957 Ariana
712 1923 791 1957 item
807 1924 1066 1960 Eusebianorum
1083 1927 1129 1960 fa-

240 1976 327 2015 ctio,
359 1975 462 2017 prima
475 1973 799 2008 RomaniPrimatus
814 1974 1060 2017 impugnatrix,
1092 1977 1126 2009 in

242 2024 470 2067 Synodalibus
493 2033 531 2055 ac
556 2022 717 2054 sceleratis
732 2020 1128 2064 PhilippopolitaniC0n-

241 2072 423 2111 venticuli,
450 2083 487 2105 ac
509 2071 582 2104 aliis
606 2071 684 2104 item
706 2070 822 2104 litteris
844 2073 981 2114 professa
1002 2072 1047 2106 est
1071 2072 1130 2107 Pe-

242 2131 331 2156 trum
353 2122 445 2155 fuisse
469 2122 651 2155 DoCtorem
679 2132 716 2154 ac
740 2121 936 2165 Episcopum
960 2122 1129 2157 Romano-

240 2184 332 2207 rum.
358 2171 468 2205 Etiam
491 2170 624 2204 Sanctus
641 2170 853 2205 Firmilianus
877 2171 1127 2207 Caesareenfisin

245 2221 457 2266 Cappadocia
475 2220 677 2264 Episcopus,
705 2232 741 2254 ac
753 2221 852 2256 totius
873 2222 1022 2257 Ponticae
1037 2225 1128 2257 Dioe-

242 2275 353 2308 ceseos
368 2270 558 2311 Exarchus‚
585 2270 618 2303 in
632 2271 696 2304 suis
719 2270 822 2305 deviis
844 2284 881 2306 ac
894 2274 1059 2307 iracundis
1077 2274 1128 2307 lit-

241 2320 370 2357 terisad
384 2322 534 2354 Sanssum
546 2320 772 2364 cyprianum.
799 2322 973 2357 Consonat
996 2324 1030 2357 in
1056 2323 1129 2357 illu-

243 2372 357 2406 strium
374 2371 531 2405 Virorum
554 2371 709 2415 catalogo
721 2372 853 2405 Sanctus
874 2374 1102 2416 Hieronymus
1118 2385 1125 2405 :

171 2440 178 2446 r
240 2424 342 2455 Simon
369 2424 477 2454 Petrus
492 2445 502 2458 ‚
532 2423 673 2461 Princeps
686 2420 899 2462 Apostolorum,
924 2424 987 2464 post
1007 2421 1127 2465 Episco-

87 2786 162 2824 cap.
181 2792 228 2819 51·

238 2479 352 2515 patum
376 2468 569 2510 Antiochensis
585 2468 717 2510 Ecclest'ae
740 2474 863 2503 Romam
880 2479 1002 2516 pergit,
1029 2473 1126 2514 ibique

243 2526 354 2565 viginti
363 2526 490 2563 quinque
499 2526 589 2552 annis
603 2519 790 2553 cathedram
807 2523 1019 2556 sacerdotalem
1033 2529 1127 2556 tenuit

243 2570 334 2614 usque
346 2571 391 2603 ad
400 2571 535 2604 ultimum
544 2581 654 2603 annum
667 2575 800 2604 Neronis
818 2597 828 2612 ‚
854 2574 889 2604 id
899 2571 936 2612 est
947 2597 957 2612 ‚
983 2574 1127 2606 decimum

245 2630 409 2662 quartum,
436 2622 456 2651 ιὶ
478 2630 534 2661 quo
556 2621 707 2662 &affixus
731 2626 830 2662 (ruci,
855 2629 994 2660 martyrio
1015 2634 1128 2656 corona-

245 2679 296 2703 tus
308 2669 364 2709 est.
395 2670 438 2703 Et
458 2668 492 2702 in
515 2670 657 2703 secundo
680 2671 830 2706 adversssm
843 2673 995 2707 Samstum
1008 2674 1128 2707 Hiero·

245 2729 387 2762 nymum
412 2718 497 2752 libro
517 2718 688 2762 Presbyter
701 2720 873 2755 Ruffinus:
904 2726 1011 2756 Petrus
1023 2726 1128 2755 Roma-

250 2782 299 2803 nae
311 2772 341 2801 E
343 2767 445 2810 cclefiae
453 2777 508 2810 per
518 2774 767 2812 vigintiquatuor
787 2783 880 2804 annos
901 2773 1031 2814 praefun
1045 2796 1052 2804 .
1084 2774 1126 2808 Et

245 2820 381 2855 SanCtus
404 2819 608 2862 Augustinus
632 2821 731 2854 etiam
754 2821 788 2854 in
812 2821 954 2856 secundo
976 2823 1127 2857 adversus

244 2869 445 2905 Petilianum
459 2867 545 2902 libro
558 2868 685 2903 scribit:
715 2871 873 2905 Catbedra
899 2872 955 2905 tibi
965 2874 1041 2913 quid
1049 2872 1126 2914 fecit

244 2924 389 2954 Romana
406 2917 564 2960 Ecclefiae,
589 2924 621 2952 in
631 2931 689 2962 qua
709 2924 816 2955 Petrus
835 2920 938 2964 sedit,
965 2923 997 2955 Θ
1010 2928 1042 2955 in
1067 2934 1126 2965 qua

243 2969 330 3003 bodie
344 2966 503 3010 Analiafius
514 2966 623 3011 sedet?
651 2970 693 3004 Et
706 2971 746 3004 ad
762 2972 993 3016 Imperatorem
1006 2972 1125 3006 Theo-

242 3019 371 3055 dofium
384 3016 560 3052 secundum
582 3018 700 3061 scripsit
713 3020 852 3066 Collega
869 3021 1125 3058 Valentinianus

173 3061 202 3088 ς’
243 3070 360 3105 tertius
375 3082 386 3101 .·
414 3068 561 3102 Debemus
575 3069 750 3112 dignitatem
768 3077 901 3114 propriae
922 3078 1123 3107 venerationis

245 3121 332 3154 beato
345 3118 472 3162 apostolo
483 3122 568 3153 Petro
579 3120 789 3153 intemeratam
809 3123 843 3156 6·
855 3126 888 3155 in
899 3121 1001 3162 nostris
1020 3131 1125 3166 tempo·

245 3171 327 3204 ribus
338 3167 512 3212 conservare
521 3193 533 3210 ,
561 3170 707 3211 quatenus
734 3170 910 3212 beatiffimus
923 3176 1068 3207 Romanae
1084 3180 1124 3207 ci-

242 3224 358 3253 vitatis
368 3217 531 3262 Episcopus
542 3243 552 3258 ,
577 3225 622 3252 cui
634 3222 841 3262 Principatum
862 3223 1023 3256 sacerdotii
1034 3221 1123 3265 super

246 3278 345 3302 omnes
365 3275 533 3312 antiquitas
550 3271 671 3303 contulit
683 3295 693 3310 ‚
719 3271 808 3303 Iocum
832 3270 944 3306 habeat
954 3272 1123 3314 acfaculta·

248 3324 308 3351 tem
317 3319 356 3351 de
362 3317 425 3357 fide
445 3321 479 3354 (05
489 3319 696 3353 sacerdotibus
700 3323 840 3361 judicare
852 3346 859 3355 ·
890 3322 934 3357 Et
943 3321 1039 3359 Galla
1050 3322 1122 3360 Pla-

345 3365 451 3406 cbrtst.
462 3372 538 3413 Lupi
549 3375 647 3414 opera
654 3372 688 3404 T.
698 3373 755 3404 ιΧ.

1164 157 1182 188 1

1250 156 1270 186 s
1387 140 1648 187 XXXVI.
1907 145 2006 198 289

1195 224 1280 262 cidia
1292 222 1441 269 Augusta
1459 224 1499 259 ad
1513 223 1696 268 Augustam
1706 225 1928 263 pulcheriam:
1955 230 2070 273 Aposto-
2091 231 2141 269 Ep.
2158 233 2208 262 28.

1191 279 1248 311 lica
1260 278 1280 309 5
1281 277 1348 309 edes
1360 299 1372 316 ,
1399 281 1431 307 t'n
1441 287 1501 317 qua
1510 281 1628 317 primus
1641 275 1830 316 Apostolorum
1839 280 1942 314 beatus
1957 284 2068 315 Petrus

1191 327 1354 361 sacerdotii
1377 329 1585 368 Principatum
1607 331 1702 358 tenuit
1723 349 1729 356 .
1772 326 1905 362 Exstant
1928 331 2068 373 epistolae

1193 378 1227 411 in
1249 377 1351 419 prima
1374 388 1460 419 parte
1483 375 1630 411 Concilii
1646 374 1937 410 Chalcedonensis.
1966 381 2008 413 Et
2024 380 2070 416 ad
2099 409 2101 411 ,

1192 426 1357 472 praefatum
1369 427 1625 461 Theodoretum
1649 426 1784 460 laudata:
1809 425 1934 468 Synodi
1954 426 2069 463 Praeses

1194 479 1337 522 Magnus
1347 476 1434 519 Papa
1446 478 1515 511 Leo
1539 477 1696 519 rescripsit
1718 474 1759 510 de
1780 477 1834 509 sua
1848 476 1999 509 Romana
2011 478 2072 511 Ca·

1194 527 1305 561 thedra
1328 541 1339 560 .·
1366 529 1453 560 Sedes
1480 527 1564 560 beati
1585 530 1670 560 Petri
1692 551 1698 559 .
1727 527 1772 560 Et
1792 526 1860 569 ejus
1881 526 2072 561 Secretarius
2095 540 2145 577 ΕΡ,
2159 545 2208 577 63,

1194 579 1326 612 Sanctus
1338 576 1473 621 Prosper
1483 577 1515 610 in
1530 578 1675 611 carmine
1685 576 1725 610 de
1735 576 1895 621 Ingratis:
1917 577 2005 609 Sedes
2017 579 2073 610 Ro-

1195 640 1245 661 ma
1274 630 1354 661 Petri
1375 653 1383 660 .
1413 628 1558 661 Eandem
1585 625 1719 670 phrasim
1741 626 1838 660 habet
1859 626 2074 661 Innocentius
2096 620 2204 654 59³⁸·

1196 679 1316 721 primus
1338 675 1372 711 in
1394 678 1511 712 litteris
1533 677 1571 711 ad
1593 677 1742 712 sanetum
1769 675 1996 710 Alexandrum
2009 677 2077 711 Pa·-
2095 666 2155 697 c²p'
2180 669 2207 688 ¹⁸

1196 727 1368 762 triarcham
1391 726 1642 762 Antiochenam
1662 752 1670 760 .
1707 728 1751 761 Et
1772 727 1917 772 Magnus
1945 728 2077 772 Grego*

1198 778 1260 811 rius
1285 803 1296 819 ‚
1323 789 1421 822 quem
1443 778 1601 812 Calvinus
1630 778 1798 821 profitetur
1824 777 2012 822 legitimum
2039 788 2077 810 ac

1196 827 1422 862 authenticum
1460 829 1658 862 Pontificem
1695 853 1706 868 ,
1745 829 1860 862 eadem
1897 826 2077 861 locutionis

1198 880 1298 921 specie
1322 879 1424 912 utitur
1445 879 1479 912 in
1504 878 1621 913 litteris
1641 878 1681 912 ad
1702 879 1793 912 suum
1822 878 2015 912 Diaconum
2038 888 2079 911 ac

1199 929 1442 971 Apocrisarium
1468 928 1682 964 Sabinianum
1704 953 1712 961 .
1750 927 1899 962 Eandem
1928 928 2076 972 Magnus
2102 925 2166 975 Lib·
2184 936 2215 963 7-

1197 979 1267 1012 Leo
1283 980 1398 1022 repetit.
1422 979 1456 1013 in
1475 979 1580 1023 primo
1603 981 1751 1013 sermone
1773 979 1813 1012 de
1838 978 2078 1021 Apostolorum
2102 970 2153 1006 hp.
2172 977 2198 998 ¹·

1197 1029 1420 1072 Principibus.
1451 1030 1494 1063 Et
1515 1030 1550 1064 in
1574 1028 1810 1064 exclamatorio
1831 1030 1870 1062 ad
1897 1030 2079 1072 imperato·-
2101 1050 2175 1087 Cap·
2196 1058 2222 1078 Ι.

1196 1090 1264 1112 rem
1288 1079 1547 1113 Constantinum
1579 1090 1731 1123 quartum
1759 1081 1907 1112 sermone
1930 1078 2081 1112 universa

1197 1129 1282 1161 sexta
1294 1128 1448 1170 Synodus
1470 1129 1608 1162 affirmat
1620 1128 1677 1162 fibi
1699 1129 1893 1171 praesediffe,
1920 1140 1958 1161 ac
1972 1129 2081 1162 secum

1197 1176 1376 1212 definivisse
1389 1180 1542 1212 Sanstum
1555 1178 1689 1211 Petrum
1704 1177 1901 1219 Apostolum
1916 1201 1926 1216 ‚
1939 1176 1979 1210 «so
1993 1176 2084 1221 quod
2104 1162 2170 1196 Ast·
2184 1166 2229 1227 ¹¹⁸⁹

1199 1227 1254 1271 ipfi
1267 1228 1444 1271 praesederit
1456 1226 1523 1270 ejus
1537 1228 1571 1261 in
1593 1225 1757 1261 Cathedra
1770 1227 1935 1260 Successor
1948 1227 2086 1260 Sanetus
2201 1220 2211 1232 ”’

1200 1277 1338 1322 Agatho
1350 1303 1357 1310 .
1389 1279 1430 1311 Et
1443 1278 1478 1311 in
1502 1279 1556 1312 sua
1570 1278 1609 1311 ad
1626 1277 1807 1312 Nicolaum
1823 1279 1964 1320 primum
1980 1275 2088 1320 appel-

1200 1327 1325 1362 latione
1350 1328 1487 1361 Sanstus
1512 1328 1659 1371 ignatius
1687 1326 1872 1360 patriarcha
1896 1325 2088 1362 Constanti-

1202 1378 1415 1421 nopolitanus
1428 1378 1599 1420 profitetur
1610 1388 1726 1410 omnes
1739 1377 1855 1410 Romae
1867 1376 1982 1410 veteris
2000 1375 2088 1409 Pon-

1202 1428 1306 1462 tifices
1327 1428 1389 1460 esse
1402 1429 1508 1461 Sancti
1532 1426 1620 1460 Petri
1646 1428 1679 1459 in
1710 1427 1906 1470 Episcopatu
1925 1427 2088 1460 Successo-

1202 1489 1266 1512 res.
1296 1477 1338 1511 Et
1349 1477 1436 1511 hunc
1453 1475 1599 1510 libellum
1614 1476 1783 1520 probavit,
1810 1488 1846 1509 ac
1860 1477 1923 1510 suis
1938 1478 2027 1510 Astis
2039 1477 2089 1509 in-

1203 1528 1301 1560 seruit
1323 1528 1435 1561 octava
1456 1527 1628 1568 Synodus.
1663 1525 1764 1573 Qod
1781 1525 1865 1559 istud
1895 1527 1999 1568 ipsum
2012 1537 2091 1568 pro-

1202 1578 1278 1610 feffa
1291 1577 1387 1610 fuerit
1399 1601 1410 1617 ,
1423 1574 1565 1620 ideoque
1578 1577 1618 1609 de
1632 1576 1783 1610 Romana
1796 1575 1936 1609 Ecclefia
1952 1601 1963 1616 ‚
1987 1575 2091 1610 sciens

1203 1627 1253 1660 illi
1267 1628 1379 1660 omnia
1391 1627 1538 1660 concessa
1551 1627 1569 1661 ὲ
1588 1627 1761 1666 Domino,
1790 1626 1877 1659 nihil
1897 1627 1994 1660 fuerit
2014 1626 2091 1660 ausa

1202 1678 1399 1710 constituere
1425 1677 1559 1710 Nicaena
1587 1675 1740 1720 Synodus
1760 1702 1771 1718 ‚
1807 1676 1941 1710 testatur
1969 1677 2004 1710 in
2033 1676 2092 1709 lit·-

1202 1727 1277 1760 teris
1313 1726 1352 1760 ad
1385 1726 1563 1760 Thessaliae
1601 1727 1781 1769 Episcopos
1819 1727 1954 1760 Sanctus
1992 1726 2095 1759 Boni-

1203 1777 1306 1810 sacius
1319 1776 1440 1819 primus
1450 1799 1461 1811 e
1489 1777 1601 1809 Exstat
1633 1776 1767 1818 epistola
1781 1776 1815 1807 in
1828 1775 1982 1809 Romana
1994 1775 2095 1808 Boni-

1202 1827 1280 1859 facii
1308 1825 1439 1858 secundi
1464 1823 1603 1867 synodo
1627 1849 1637 1863 ,
1665 1825 1798 1868 vulgata
1826 1835 1879 1867 per
1903 1826 2094 1859 Dominum

1204 1875 1330 1908 Lucam
1348 1873 1581 1908 Holstenium.
1613 1874 1654 1907 Et
1679 1875 1712 1907 in
1739 1874 1853 1908 litteris
1866 1875 1907 1909 ad
1920 1876 2094 1910 Zenonem
2114 1900 2134 1927 Ε

1205 1925 1436 1967 Imperatorem
1451 1927 1587 1959 Sanctus
1612 1924 1704 1956 Felix
1726 1925 1886 1957 secundus
1905 1925 2094 1959 constanter
2158 1920 2163 1926 ’

1204 1976 1344 2008 affirmat
1366 1975 1554 2007 Romanam
1584 1973 1762 2006 Ecclesiam
1786 1974 1848 2007 effe
1870 1974 1981 2008 Sancti
2003 1975 2093 2009 Petri
2115 1981 2165 2016 Ep·
2184 1990 2216 2016 q-

1205 2023 1323 2057 Sedem
1337 2046 1348 2063 ,
1378 2034 1415 2056 ac
1441 2025 1470 2055 se
1492 2023 1554 2056 esse
1572 2023 1638 2064 ejus
1648 2021 1842 2063 Vicarium,
1871 2023 1904 2058 id
1922 2025 1990 2066 est,
2016 2025 2095 2060 Suc-

1206 2073 1377 2107 cessorem.
1406 2072 1461 2105 Est
1485 2070 1602 2115 phrasis
1620 2072 1756 2106 Parrum
1781 2075 1929 2117 frequens
1952 2074 1986 2108 &
2009 2076 2095 2110 anti-

1206 2135 1284 2166 qua.
1320 2124 1362 2157 Et
1374 2123 1406 2156 in
1422 2122 1581 2156 Tractatu
1593 2122 1744 2157 adversus
1757 2122 1979 2158 Timotheum
1993 2125 2095 2159 AElu-

1207 2183 1280 2206 rum
1293 2196 1302 2212 ‚
1328 2185 1364 2207 ac
1376 2173 1510 2207 Petrum
1525 2173 1670 2218 Mogum
1689 2198 1700 2214 ‚
1727 2173 1960 2216 Eutychianos
1983 2187 2019 2209 ac
2031 2178 2111 2221 sce-,3

1209 2224 1326 2257 leratos
1340 2223 1569 2257 Alexandrinae
1583 2224 1675 2258 Sedis
1689 2224 1853 2258 invasores
1864 2250 1875 2266 ‚
1894 2225 2004 2260 scribit
2014 2227 2094 2261 San-

1207 2276 1274 2307 &us
1287 2272 1371 2316 Papa
1385 2274 1532 2308 Gelasius
1545 2288 1555 2307 .·
1582 2275 1659 2306 Cum
1674 2286 1773 2308 omnes
1789 2275 1909 2316 Apostoli
1934 2279 2094 2319 aequaliter
2115 2292 2166 2328 Ep,
2183 2292 2212 2320 g,

1202 2322 1338 2365 spiritali
1357 2325 1417 2356 luce
1433 2324 1609 2366 fulgerent,
1635 2336 1726 2358 unum
1738 2334 1838 2358 tamen
1860 2328 2030 2368 Principem
2039 2328 2094 2370 effe

1207 2384 1245 2406 ex
1256 2374 1317 2405 illis
1330 2373 1423 2405 voluit
1435 2373 1570 2409 Christus
1583 2400 1592 2414 ,
1618 2386 1741 2417 eumque
1766 2374 1984 2418 dispensatione
2000 2383 2095 2411 mira-

1207 2421 1260 2455 bili
1274 2428 1305 2454 in
1322 2423 1483 2456 Domt'nam
1487 2431 1623 2469 gentium
1635 2429 1758 2457 Romam
1770 2426 1892 2459 direxit
1902 2451 1912 2467 ‚
1939 2435 1972 2459 ut
1984 2433 2017 2460 in
2022 2437 2095 2470 pre·

1207 2478 1294 2513 cipua
1317 2472 1388 2506 urbe
1413 2475 1464 2506 vel
1474 2480 1575 2514 prima
1581 2480 1715 2516 primum
1741 2477 1967 2518 &praecipuum
1975 2478 2094 2521 dirige·-

1206 2530 1250 2554 ret
1278 2525 1421 2555 Petrum.
1451 2523 1551 2565 Ibique
1567 2523 1640 2564 ficut
1662 2524 1804 2558 docsilrinae
1824 2531 1938 2559 virtute
1953 2524 2095 2568 sublimis

1205 2576 1340 2612 emicuit,
1367 2578 1414 2604 ita
1433 2572 1590 2616 fimguinis
1609 2573 1738 2617 gloriosa
1760 2574 1890 2616 effusione
1913 2577 2092 2618 decoratus,

1206 2631 1318 2655 aeterno
1338 2620 1461 2664 hospitio
1482 2622 1656 2665 conquiescit
1668 2649 1677 2665 ‚
1701 2625 1850 2665 praestans
1871 2627 1939 2658 Sed}
1964 2651 1976 2667 ‚
2002 2639 2093 2671 quam

1205 2670 1265 2714 ipse
1277 2672 1434 2706 benedixit
1445 2698 1456 2713 ‚
1482 2681 1516 2705 ut
1535 2675 1556 2704 ἃ
1563 2680 1660 2714 porris
1674 2673 1770 2714 Inferi
1793 2685 1956 2716 numquam
1965 2684 2021 2715 pro
2033 2680 2094 2709 Do·

1205 2727 1281 2753 mini
1300 2723 1478 2763 promiffione
1506 2728 1644 2755 vincatur
1658 2748 1669 2762 ,
1693 2729 1878 2764 omniumque
1890 2723 1928 2762 fit
1942 2723 2093 2761 fluduand

1204 2778 1277 2804 tium
1291 2773 1443 2811 tutissimus
1461 2779 1564 2812 portus
1577 2796 1585 2802 .
1613 2769 1766 2804 Affirmat
1781 2772 1934 2804 Sanctum
1952 2771 2089 2809 Petrum

1206 2822 1295 2855 iviffe
1306 2821 1451 2855 Romam
1465 2833 1506 2854 ex
1515 2819 1672 2853 mandato
1684 2818 1807 2853 Christi
1822 2820 1988 2862 Domini,
2016 2819 2090 2858 istic

1205 2872 1349 2906 docuisse
1374 2893 1385 2909 ‚
1421 2869 1532 2904 sedisse
1559 2870 1758 2913 Episcopum
1782 2894 1794 2910 ‚
1833 2880 1870 2904 ac
1890 2873 1953 2905 effe
1974 2871 2090 2907 defun-

1205 2924 1308 2955 ctum.
1337 2921 1381 2954 Et
1393 2921 1581 2954 Romanam
1593 2918 1792 2954 Cathedram
1815 2930 1858 2955 ex
1879 2921 1948 2964 ejus
1966 2923 2089 2958 succes-

1205 2973 1293 3006 fione
1313 2971 1482 3005 &meritis
1502 2971 1564 3004 esse
1577 2972 1715 3013 primam
1740 2969 1843 3005 totius
1854 2972 2027 3013 Ecclefiae,
2052 2973 2088 3008 δε

1205 3021 1388 3056 Catholicae
1414 3020 1490 3054 fidei
1518 3021 1710 3055 tutiffimum
1736 3029 1869 3064 portum
1889 3046 1901 3062 ,
1927 3021 1993 3057 hoc
2016 3022 2086 3063 est,

1205 3071 1414 3106 infallibilem
1445 3070 1588 3114 judicem
1617 3079 1715 3115 atque
1748 3070 1918 3106 custodem
1947 3097 1955 3104 .
1982 3071 2088 3107 Hunc

1204 3124 1396 3156 Tractatum
1416 3121 1449 3155 &
1462 3119 1555 3155 istam
1585 3120 1755 3164 epistolam
1766 3120 1832 3155 una
1843 3133 1919 3156 cum
1930 3120 2089 3157 Theodo-

1203 3171 1426 3207 fianiCodicis
1447 3170 1626 3214 appendice
1636 3171 1786 3215 vulgavit
1806 3171 1952 3206 eruditus
1979 3172 2027 3205 vir
2038 3171 2086 3215 Ja-

1203 3223 1303 3257 cobus
1323 3221 1532 3256 Sirmondus.
1559 3219 1652 3267 Quid
1678 3232 1761 3265 opus
1781 3221 1892 3256 multis
1915 3221 1933 3252 ἓ
1957 3222 2084 3264 Nonne

1203 3275 1312 3308 omnis
1326 3271 1383 3306 sub
1404 3272 1487 3307 coelo
1499 3268 1728 3306 Christianitas
1749 3281 1817 3305 uno
1838 3282 1895 3305 ore
1914 3272 2083 3315 profitetur

1206 3325 1318 3359 Romae
1338 3323 1401 3358 esse
1421 3333 1492 3357 nou
1522 3321 1697 3356 dumtaxat
1717 3320 1949 3365 Apostolicam
1973 3320 2086 3364 Eccle-⁴

1602 3370 1631 3406 B
1659 3371 1681 3407 b
1732 3381 1754 3421 3
1931 3370 2032 3414 fiam,

2112 1547 2174 1579 Αξὶ.
2186 1558 2214 1585 3.
