2346 3724
661 224 988 266 CAPI-

362 382 471 431 Sicut
500 388 770 447 Smyrnaeorum
801 378 965 444 Ecclefia

524 453 773 523 Polycarpum
786 487 798 498 .

273 606 425 639 Sannum
439 603 658 647 Polycarpum
679 603 770 638 fuisse
784 599 971 643 smyrnensi
995 594 1106 631 Eccle-

224 656 276 689 fiae
288 655 329 689 ab
348 654 517 697 Apostolis
535 656 757 688 consecratum
780 651 977 694 Episcopum
990 672 1002 689 ‚
1026 645 1106 682 affir-

225 715 294 739 mat
306 705 373 748 ejus
397 703 568 747 discipulus
580 728 590 743 ‚
617 703 758 746 ideoque
769 701 856 736 testis
880 694 1106 743 irrefragabilis

108 776 161 807 UD
225 756 363 790 Sandius
376 755 534 788 lrenaeus:
560 758 606 787 Et
617 755 790 795 Polycarpus
812 759 911 784 autem
935 761 992 783 non
1009 745 1102 790 [οΙίιΜ

107 798 212 855 ςι-ἒζὸ
230 806 268 838 ab
281 804 417 846 Apostolis
432 805 547 837 edoctus
561 828 572 843 ‚
597 806 631 838 Θ
650 802 840 846 conversatus
858 812 923 834 cum
949 799 1050 831 multis
1070 807 1107 828 ex

227 861 273 889 eis
299 860 348 897 qui
375 857 534 886 Dominum
555 853 679 892 nostrum
703 855 868 890 viderunt,
890 849 949 893 sed
970 850 1058 881 etia'm
1070 845 1108 877 ab

230 905 372 947 ‚apostolis
385 910 418 936 in
429 903 493 945 Asta
502 928 512 943 ,
538 909 572 935 in
581 915 617 935 ea
629 914 696 944 quae
706 902 744 942 est
755 904 774 934 5
776 905 884 939 myrnis
895 897 1021 938 Ecclefia
1042 906 1110 929 con-

226 956 352 997 stitutus
374 951 558 995 Episcopus,
585 964 670 995 quem
696 954 730 986 (5
751 964 803 985 nos
814 951 949 984 vidimus
970 947 1002 980 i'n
1008 951 1110 988 prima

232 1004 330 1044 nostra
346 1012 436 1036 aetate
447 1027 455 1033 .
483 1002 612 1035 Multum
623 1008 702 1034 enim
707 1002 956 1043 perseveraverat
965 1020 975 1035 ,
999 997 1034 1029 ὑ
1047 995 1111 1028 val-

231 1053 368 1097 desenex
375 1051 559 1096 gloriofisfime*
582 1063 616 1084 ac
629 1051 791 1090 nobilffme'
800 1053 971 1082 manerium
988 1045 1109 1086 factem

232 1108 331 1137 exivit
352 1103 390 1133 de
412 1101 467 1132 hac
478 1106 562 1132 vita.
592 1101 698 1133 Fuisse
717 1100 941 1133 conflictatum
955 1096 973 1129 a
996 1096 1111 1130 Sancto

232 1148 536 1196 JoanneApostolo
550 1172 561 1189 ,
587 1148 761 1183 testaturin
773 1147 944 1182 illustrium
969 1146 1112 1179 virorum

231 1201 387 1244 catalogo
398 1200 532 1233 Sanetus
548 1199 794 1242 Hieronymus:
827 1198 1113 1240 Polycarpusstana

233 1257 282 1284 nir
296 1249 417 1291 Apostoli
430 1246 588 1290 discipulus
600 1274 610 1289 ,
637 1251 671 1283 (π
695 1249 733 1282 ab
753 1260 784 1282 eo
800 1251 928 1287 smyrnae
949 1244 1112 1287 Episcopus

233 1302 408 1337 animatus,
433 1304 521 1331 totius
543 1298 612 1339 Afiae
639 1302 779 1341 Princeps
812 1297 880 1339 fuit
893 1321 901 1328 .
927 1295 1049 1340 ,Quippe
1067 1299 1116 1336 qui

234 1351 389 1383 nonnullas
403 1348 612 1390 Apostolorum,
640 1351 674 1382 Θ
684 1360 782 1382 eorum
793 1353 845 1390 qui
855 1348 997 1380 viderant
1016 1348 1116 1377 Domi-

234 1410 332 1438 num,
357 1397 511 1441 Magistros
523 1397 661 1432 habuerit
687 1400 721 1434 6·
746 1400 858 1431 viderit
876 1421 884 1430 .
916 1397 999 1444 Qae
1023 1393 1116 1429 verba

234 1450 296 1483 suo
309 1447 556 1491 Martyrologio
566 1448 699 1482 inseruit
711 1448 864 1482 Romana
880 1446 1021 1480 Ecclesia
1031 1470 1038 1476 .
1067 1445 1119 1478 Se-

233 1497 371 1540 ptimius
391 1495 520 1529 videtur
539 1497 697 1530 affirmare
721 1497 827 1539 ipsum
851 1494 944 1529 fuiss'e
977 1496 1120 1538 primum

233 1547 467 1589 Smyrnensem
485 1545 683 1589 Episcopum
698 1572 704 1578 .
733 1546 779 1580 At
792 1545 892 1590 longe
902 1544 992 1578 aliud
1005 1543 1117 1577 scribit

118 1589 220 1626 Lib⁴·7·
236 1594 371 1631 Author
382 1595 648 1638 Apostolicarum
662 1594 950 1631 Constitutionum
962 1607 974 1627 .·
1000 1592 1123 1633 Aristion

98 1639 220 1668 ⁶²¹³·47·
233 1652 352 1689 primus
363 1648 493 1684 Smyrnae
505 1645 668 1689 Episcopus
679 1671 686 1678 .
716 1647 815 1686 HuJ‘us
835 1643 898 1687 post
909 1651 1030 1677 mortem
1053 1645 1123 1675 Suc·-

237 1696 322 1739 affor
337 1694 404 1736 fuit
413 1697 570 1734 struices,
597 1697 700 1728 Loidis
723 1694 825 1737 filius.
852 1697 914 1727 Cui
934 1692 1056 1736 succeffit
1069 1702 1124 1726 ter-

236 1751 299 1781 tius
321 1743 508 1786 Episcopus,
533 1744 612 1778 alter
633 1745 756 1785 Aristion
776 1770 784 1778 .
812 1744 960 1778 Primum
989 1742 1126 1777 Aristio-

239 1806 317 1830 nem
346 1794 455 1827 laudat
475 1795 509 1827 in
534 1793 756 1829 EccleGastica
777 1794 911 1828 historia
923 1792 1128 1827 Caesareensis

239 1843 372 1879 Eusebii
386 1844 519 1878 Sanstus
544 1853 641 1885 atque
652 1845 807 1886 antiquus
825 1842 973 1877 Ecclesiae
985 1843 1128 1885 scriptor

122 1897 222 1935 Πᾶς.
239 1895 377 1938 Papias:
406 1892 530 1931 Aristion
555 1894 590 1925 Θ
606 1897 750 1938 Joannes
774 1892 929 1931 Presbyter
948 1897 982 1924 in
1010 1902 1129 1925 numero

100 1947 224 1977 ⁶³P-33·
239 1944 456 1988 Discipulorum
466 1944 587 1975 Domini
597 1941 780 1976 habebantur
792 1969 799 1976 .
828 1942 982 1976 Eundem
1006 1943 1040 1976 in
1064 1941 1128 1974 suis

239 1995 432 2029 Sanctorum
445 1992 565 2027 tabulis
578 1992 674 2026 habet
689 1993 843 2025 Romana
854 1991 996 2024 Ecclesia
1007 2004 1019 2023 .·
1044 1992 1127 2023 Sala-

239 2051 332 2077 minae
352 2049 385 2074 in
406 2046 520 2081 Cypro,
546 2041 649 2073 Sandli
674 2040 842 2079 Aristium,
868 2044 920 2082 qut
933 2062 944 2078 ‚
966 2047 999 2070 ut
1011 2041 1127 2080 Papias

240 2092 362 2133 testatur
370 2115 381 2130 ,
399 2090 469 2131 fuit
480 2099 557 2122 unus
568 2090 604 2122 de
612 2087 810 2134 septuaginta
821 2089 934 2123 duobus
946 2087 1056 2128 Christi
1074 2090 1128 2120 Di·

238 2141 375 2186 scipulis.
404 2138 546 2173 Videtur
556 2150 624 2173 non
641 2140 813 2174 translatus
823 2139 1021 2175 Salaminam
1034 2164 1045 2180 ,
1072 2137 1126 2173 sed

244 2192 316 2225 istic
336 2198 482 2224 mortuus
507 2211 518 2228 ‚
551 2188 697 2232 adeoque
721 2190 788 2233 ejus
808 2189 901 2224 fuisse
924 2190 1126 2233 Episcopus.

243 2242 332 2275 Eum
355 2238 426 2272 istic
439 2237 594 2272 habitasse
608 2240 770 2273 affirmant
795 2239 878 2274 Asta
890 2239 998 2273 Sanffl
1011 2239 1124 2274 Barna-

243 2291 291 2325 bae
305 2314 314 2323 .
341 2289 390 2323 At
402 2287 477 2323 vero
489 2288 677 2324 Graecorum
687 2290 728 2323 ab
740 2290 892 2324 Henrico
904 2289 1039 2324 Canisio
1062 2287 1129 2322 vul-

243 2351 358 2386 gatum
383 2338 616 2383 Menologium
639 2338 737 2374 habet
757 2339 798 2373 ad
809 2340 943 2374 tertium
970 2338 1058 2373 diem
1070 2339 1130 2372 Se-

241 2389 421 2436 ptembris:
449 2389 577 2421 Natalis
588 2388 691 2421 sandi
703 2388 874 2429 Aristionis,
898 2388 1039 2430 Episcopi
1065 2388 1129 2419 Ale·

242 2441 388 2475 xandriae
399 2461 410 2477 ‚
434 2443 484 2480 qui
493 2442 560 2480 igne
568 2438 715 2479 probatus
728 2443 874 2482 migravit
885 2443 917 2470 in
926 2438 1043 2470 coelum.
1071 2435 1128 2469 Vi-

242 2492 340 2525 detur
355 2499 422 2522 non
436 2486 617 2521 subsistere.
646 2488 779 2522 Etenim
797 2499 857 2522 nec
875 2487 1008 2521 Sanetus
1031 2486 1133 2521 Nice-

243 2540 367 2585 phorus
402 2534 590 2571 Patriatcha
620 2537 1012 2580 Constantinopolitanus
1030 2562 1041 2578 ‚
1068 2547 1129 2571 nec

244 2586 434 2631 Eutychius
456 2585 644 2621 Patriarcha
666 2587 911 2621 Alexandrinus
929 2612 944 2628 ‚
971 2597 1030 2620 nec
1048 2586 1131 2621 anti-

249 2650 353 2683 quum
376 2660 387 2676 ,
412 2636 501 2680 quod
524 2635 729 2672 Abrahamus
754 2637 934 2672 Ekellenfis
962 2637 1107 2682 vulgavit
1121 2660 1131 2676 ‚

248 2686 422 2723 Orientale
433 2684 627 2720 Chronicon
639 2687 673 2720 in
688 2687 988 2722 Alexandrinorum
1001 2687 1133 2729 Episco·

247 2748 366 2784 porum
377 2734 530 2779 catalogo
541 2733 662 2770 habent
672 2737 777 2771 ullum
790 2736 991 2771 Aristionem
1003 2761 1009 2767 .
1031 2735 1132 2782 Qid-

248 2788 329 2834 quid
341 2786 378 2820 fit
391 2809 402 2824 ‚
429 2795 553 2820 certum
567 2786 611 2819 est
625 2784 889 2830 Apostolicarum
917 2786 1132 2821 Constitutio-

247 2850 332 2874 num
358 2833 543 2869 Authorem
568 2835 651 2869 sabi.
679 2836 768 2871 Nam
783 2837 875 2880 juxta
897 2836 989 2870 illum
1001 2836 1133 2871 Sanstus

247 2888 455 2930 Polycarpus
468 2896 536 2919 non
548 2886 650 2928 posset
662 2887 756 2922 fuisse
766 2911 778 2928 ,
804 2887 862 2921 nisi
877 2895 1010 2931 quartus
1026 2886 1133 2930 Smyr-

249 2938 356 2972 nensis
377 2935 573 2978 Episcopus.

297 2986 407 3021 Aliud
425 2985 522 3019 sentit
549 2986 584 3019 in
607 2985 807 3031 septuaginta
821 2986 1068 3030 Discipulorum
1083 2998 1132 3021 ca-

249 3037 367 3082 talogo
391 3037 524 3070 sandius
544 3035 734 3070 Dorotheus
766 3037 981 3080 Metropolita
1003 3036 1131 3078 Tyrio-

251 3099 325 3122 rum
341 3101 348 3120 :
377 3086 511 3128 Apelles,
537 3087 622 3127 cujus
636 3091 808 3120 mentionem
822 3088 963 3130 Apostolus
974 3087 1019 3119 ad
1028 3090 1132 3119 Roma-

251 3148 305 3170 nos
313 3137 392 3178 facit
408 3160 419 3176 ‚
445 3133 606 3177 Episcopus
622 3138 751 3174 smyrnae
763 3147 832 3171 ante
843 3136 982 3170 santium
1001 3138 1130 3174 Polycar-

251 3187 434 3229 pumfallus
443 3185 483 3225 est
498 3209 505 3217 .
533 3185 575 3219 Et
589 3187 748 3219 consonat
765 3187 956 3221 Romanum
970 3186 1131 3229 Martyro-

84 3248 176 3289 ΛΡΜ,
191 3256 237 3277 22,
253 3236 379 3279 logium
393 3249 400 3269 :
429 3238 556 3272 smyrnae
569 3260 580 3274 ‚
604 3235 775 3269 Sanc‘iorum
788 3237 901 3277 apellis
922 3239 955 3270 ἐν
967 3239 1072 3276 Lucii,
1094 3248 1132 3270 ex

251 3291 359 3328 primis
384 3284 493 3329 Christi
511 3284 685 3326 Discipulte.
712 3287 852 3320 Lucium
875 3285 1130 3327 Laudicensem,

255 3335 406 3377 Apellem
431 3336 506 3369 vero
530 3335 621 3369 fuisse
644 3337 871 3378 Smyrnensem
904 3336 1098 3379 Episcopum
1119 3361 1130 3377 ‚

258 3385 440 3419 constanter
470 3387 605 3419 affirmat
642 3386 828 3420 Graecorum
865 3384 1096 3430 Menologium
1122 3412 1129 3418 .

356 3432 457 3472 Christ.
474 3438 549 3476 Lupi
567 3440 665 3476 Opera
674 3439 707 3467 T.
727 3439 784 3468 JX.

1051 232 1076 260 Τ
1144 229 1161 260 Ῑ
1230 230 1249 259 S

1361 214 1610 258 xxxli.
1872 230 1963 277 263

1167 296 1275 342 Quare
1291 294 1444 329 existimo
1454 294 1519 330 hoc
1540 298 1602 330 effe
1625 305 1732 329 verum
1746 320 1753 328 .
1781 299 1911 335 Sanctus
1922 301 2041 336 Paulus

1166 346 1329 379 fundataea
1340 347 1370 380 se
1379 346 1561 388 Smyrnensi
1572 346 1717 380 Ecclefiae
1727 346 1875 389 Apellem
1889 352 2042 393 imposuit

1168 396 1366 439 Episcopum
1379 420 1390 436 ,
1416 397 1445 430 ei
1458 406 1566 431 autem
1577 397 1733 430 defuneto
1745 396 1876 431 SanEius
1885 399 2042 440 Joannes,

1169 446 1238 490 post
1262 445 1354 479 Pauli
1378 448 1571 489 martyrium
1595 449 1707 480 nac‘tus
1731 446 1877 480 Afiaticae
1896 448 2043 482 Ecclesiae

1167 495 1481 530 administrationem
1505 522 1516 537 ‚
1542 497 1761 531 Succefforen1
1782 496 1872 531 dedit
1892 498 2046 531 Sanctum
2073 526 2076 529 .
2096 526 2098 529 .

1169 546 1404 590 Polycarpum.
1434 546 1571 580 Etissud
1592 546 1734 581 omnino
1745 548 1823 581 fecit
1840 557 1916 581 ante
1926 549 2051 582 Roma

1169 608 1244 630 nam
1258 597 1291 630 in
1305 596 1459 631 ferventis
1468 596 1534 630 olei
1547 597 1639 631 dolio
1651 597 1885 631 confeffionem
1896 623 1907 639 ,
1933 608 1971 632 ac
1994 597 2049 631 de-

1169 646 1431 689 portationemin
1445 647 1587 681 Insulam
1610 646 1794 681 Pathmon.
1822 647 1957 682 Etenim
1979 646 2048 681 haec

1168 695 1234 738 ejus
1263 697 1296 730 in
1323 697 1520 739 Apocalypsi
1552 697 1646 731 verba
1658 698 1699 731 ad
1719 699 1866 742 Smyrnae
1877 698 2047 741 Angelum

1169 747 1221 779 seu
1247 747 1445 790 Episcopum
1467 749 1531 780 scio
1544 747 1765 781 tribulationem
1785 756 1868 780 tuam
1883 772 1894 788 ‚
1923 750 1957 781 cb·
1975 756 2052 789 pau·

1165 804 1313 838 pertatem
1324 806 1426 830 tuam.
1454 799 1514 830 sed
1524 799 1614 830 dives
1626 809 1656 831 es
1671 821 1680 829 .
1705 801 1751 831 Et
1773 797 1986 840 blasphemaris
2011 797 2052 830 ab
2080 837 2085 840 μ

1170 845 1235 886 his,
1264 852 1316 888 qut
1335 846 1481 890 sedicunt
1497 847 1630 890 Judaeos
1654 849 1724 889 effe,
1749 849 1783 881 (3*
1807 858 1863 880 non
1879 846 1977 891 sunt,
1996 845 2055 890 sed

1166 895 1238 938 sunt
1261 899 1407 941 synagoga
1432 899 1555 930 Satanae
1573 922 1580 929 .
1609 897 1702 930 Nihil
1711 897 1813 931 borum
1833 903 1938 932 timeas
1950 922 1960 938 ,
1986 907 2053 940 quae

1170 946 1303 988 passurus
1326 958 1356 980 es
1369 971 1376 979 .
1405 950 1480 981 Ecce
1502 948 1636 990 mffurus
1655 947 1693 987 est
1717 947 1859 981 Diabolus
1880 950 1992 990 aliquos
2016 959 2055 980 ex

1175 996 1260 1028 vobis
1281 1001 1314 1029 in
1335 1008 1503 1037 carcerem,
1530 1007 1563 1030 ut
1577 1003 1748 1032 tentemini.
1777 1001 1823 1030 Et
1842 997 1989 1032 habebitis
2001 1004 2058 1030 tri·

1175 1045 1354 1080 bulationem
1374 1048 1481 1081 diebus
1492 1049 1608 1081 decem.
1636 1047 1706 1087 Esto
1713 1049 1813 1090 fidelis
1824 1047 1910 1091 usque
1921 1050 1965 1082 ad
1981 1059 2055 1080 mor-

1177 1105 1235 1128 tem
1248 1120 1259 1136 ,
1284 1097 1405 1130 &dabo
1416 1099 1473 1131 tibi
1490 1108 1627 1130 coronam
1648 1103 1723 1132 vitae
1736 1123 1744 1130 .
1769 1098 1874 1137 Haec,
1901 1100 2058 1140 inquam,

1178 1145 1273 1178 verba
1296 1147 1438 1180 omnino
1458 1147 1646 1191 diriguntur
1668 1147 1710 1180 ad
1740 1148 1891 1181 Sanctum
1911 1147 2061 1190 Polycar-

1179 1206 1257 1238 pum
1272 1218 1280 1226 .
1306 1196 1411 1245 Qod
1424 1196 1513 1229 enim
1540 1196 1655 1239 &ipse
1667 1221 1678 1237 ,
1701 1197 1735 1230 &
1746 1199 1861 1231 cuneta
1872 1196 1940 1239 ejus
1952 1197 2064 1230 Eccle-

1179 1246 1220 1279 fia
1234 1245 1409 1280 horrendas
1420 1247 1663 1289 persecutiones
1684 1244 1872 1280 sustinuerit
1892 1248 1910 1280 a
1924 1246 2064 1291 Paganis

1182 1294 1410 1330 Romanorum
1422 1296 1667 1340 Magistratibus
1676 1321 1686 1336 ,
1713 1297 1748 1331 δε
1758 1297 1846 1340 quod
1858 1297 1899 1330 ad
1911 1296 1991 1340 ipsas
1998 1297 2067 1330 sce·

1182 1345 1273 1379 letati
1286 1345 1460 1388 Judaeisint
1481 1346 1743 1389 impetuosiffirne
1764 1347 1954 1390 cooperati,
1979 1345 2066 1389 apud

1183 1394 1358 1429 Eusebium
1381 1395 1613 1431 Caesareensem
1635 1396 1731 1430 docet
1743 1396 1943 1439 smyrnensis
1955 1396 2068 1430 Eccle-

1182 1446 1230 1479 fiae
1248 1445 1383 1489 epistola
1395 1444 1436 1479 ad
1447 1444 1626 1479 Ecclesiam
1646 1444 1832 1480 Philomilii
1845 1472 1852 1479 .
1880 1446 1962 1480 Haec
1982 1445 2068 1480 mihi
2086 1441 2146 1474 Lib.
2161 1443 2189 1474 43

1183 1496 1336 1530 videntur
1347 1496 1440 1529 firma
1454 1520 1461 1527 .
1488 1496 1602 1542 Qare
1612 1493 1721 1529 Sancti
1732 1494 1905 1539 Polycarpi
1925 1507 1980 1539 per
1993 1496 2070 1531 Pio-
2086 1493 2151 1523 cap·
2165 1491 2209 1517 ¹5¹

1184 1545 1277 1578 nium
1288 1569 1300 1585 ‚
1326 1555 1422 1588 quem
1437 1543 1537 1586 aliqui
1551 1544 1740 1579 existimant
1753 1546 1929 1589 antiquum
1942 1546 2071 1589 Marty-

1184 1605 1251 1628 rem
1279 1617 1290 1634 ,
1313 1595 1430 1638 scripta
1453 1593 1533 1627 Asta
1555 1619 1566 1635 ‚
1600 1595 1794 1630 affirmantia
1820 1595 1925 1638 ipsum
1949 1597 2071 1631 δεηᾶο

1186 1645 1312 1678 Buculo
1325 1644 1499 1679 successisse
1509 1668 1520 1684 ‚
1546 1643 1682 1688 probare
1695 1657 1761 1680 non
1778 1646 1896 1689 poffim
1906 1645 1951 1680 ob
1963 1647 2049 1680 varia
2063 1669 2072 1679 .<

1186 1694 1322 1734 Primo,
1347 1692 1438 1738 quod
1459 1694 1572 1729 dicant
1597 1694 1817 1739 Polycarpum
1830 1708 1897 1730 non
1923 1697 2074 1731 aSaneto

1186 1745 1312 1788 Joanne
1328 1742 1491 1787 Apostolo
1503 1745 1596 1779 fuiffe
1605 1747 1834 1780 consecratum
1849 1747 2049 1790 Episcopum
2063 1769 2076 1785 ‚

1187 1794 1241 1827 sed
1263 1794 1282 1827 a
1305 1793 1570 1827 Provincialibus
1589 1793 1760 1839 Collegis.
1788 1796 1959 1834 Secundo,
1985 1794 2077 1839 quod

1186 1843 1298 1877 dicant
1311 1843 1466 1877 Sanetum
1484 1841 1705 1886 Polycarpum
1728 1843 1821 1878 fuisse
1845 1845 2080 1879 Archi-Praesu-

1187 1892 1251 1927 lem
1264 1917 1271 1925 .
1298 1892 1387 1926 Istud
1407 1892 1497 1926 enim
1521 1892 1719 1928 vocabulum
1742 1895 1828 1937 apud
1843 1896 2081 1930 Ecclesiasticas

1188 1954 1236 1977 res
1256 1942 1302 1976 est
1326 1940 1433 1976 multo
1455 1943 1638 1982 recentius,
1665 1945 1698 1977 &
1719 1945 1922 1987 Smyrnensis
1938 1946 2081 1981 Ecclefia

1189 1991 1319 2026 nonnisi
1332 1990 1566 2035 posterioribus
1580 1992 1702 2027 saeculis
1715 1994 1760 2026 est
1771 1996 1881 2028 evesta
1903 1995 1938 2028 in
1954 1995 2089 2029 Metro·.

1190 2041 1309 2084 polim.
1338 2041 1382 2075 Et
1398 2039 1487 2074 istius
1500 2041 1607 2075 Sancti
1624 2042 1741 2076 Bucoli
1757 2045 1845 2077 nulla
1858 2046 2081 2079 meminerunt

1189 2091 1322 2134 antiqua
1343 2090 1608 2135 Martyrologia,
1636 2093 1726 2127 nulla
1756 2094 1818 2128 alia
1830 2095 1952 2129 vetusta
1966 2095 2078 2129 Eccle—

1189 2142 1237 2174 fiae
1249 2141 1470 2175 monimenta.
1498 2140 1611 2189 Qare
1622 2153 1747 2177 certum
1760 2154 1841 2186 puto
1854 2144 1911 2179 ista
1922 2146 2003 2179 Aeta
2014 2146 2078 2180 effe

1190 2201 1377 2225 commenta
1400 2190 1538 2231 alicujus
1567 2192 1758 2229 recentioris
1778 2194 1922 2233 Graeculi
1946 2221 1953 2229 .
1994 2195 2078 2232 Haec

1191 2243 1264 2275 sunt
1275 2240 1405 2275 alterius
1416 2240 1481 2275 loci
1494 2264 1502 2274 .
1979 2248 1995 2265 ο

1295 2390 1513 2439 Clementem
1543 2392 1570 2440 ιὶ
1594 2401 1704 2444 Petro
1730 2397 1942 2447 ordinatum
1957 2405 1973 2449 .”

1242 2541 1360 2575 Sancto
1386 2539 1483 2575 Petro
1503 2541 1537 2575 in
1552 2542 1743 2581 Romanum
1766 2547 1997 2592 Episcopatum
2018 2550 2078 2583 im-

1194 2591 1333 2625 mediate
1346 2602 1414 2626 non
1428 2592 1582 2626 Sanctum
1595 2595 1798 2631 Clementem
1814 2623 1823 2638 ,
1851 2600 1904 2634 sed
1924 2601 2078 2634 Sanctum

1194 2641 1314 2676 Linum
1342 2641 1515 2676 successisse
1540 2666 1552 2683 ,
1580 2645 1626 2678 est
1649 2646 1869 2683 indubitatum
1897 2675 1903 2681 .
1942 2651 2077 2683 Etenim

1192 2693 1324 2726 Sanctus
1341 2690 1478 2726 Irenaeus
1490 2693 1586 2736 ponit
1604 2693 1694 2730 hunc
1708 2697 1937 2731 Romanorum
1962 2699 2077 2731 Ponti-

1194 2742 1290 2775 ficum
1315 2742 1466 2776 ordinem
1489 2755 1497 2774 :
1525 2741 1637 2777 Petrus
1661 2769 1673 2783 ‚
1699 2745 1803 2778 Linus
1823 2769 1834 2785 ‚
1862 2746 2045 2780 Anacletus
2066 2771 2077 2788 ,
2118 2778 2124 2783 .

1195 2791 1347 2825 Clemens
1359 2815 1370 2830 ‚
1398 2791 1587 2830 Evaristus,
1607 2793 1818 2832 Alexander,
1842 2796 1953 2830 Sixtus
1969 2796 2078 2836 ,The-
2094 2778 2153 2849 Ιρὼ·
2165 2788 2190 2817 3'

1195 2839 1380 2884 lesphoms,
1407 2841 1586 2884 Hyginus.
1615 2842 1745 2877 Sixtum
1765 2844 1903 2879 affirmat
1925 2848 1987 2880 effe
2009 2848 2078 2880 sex·
2121 2828 2167 2857 ²9·
2182 2829 2210 2857 3·

1195 2903 1262 2926 tum
1275 2915 1282 2922 .
1310 2889 1441 2934 Utique
1453 2890 1522 2932 post
1537 2890 1669 2926 Petrum
1684 2917 1690 2925 .
1720 2892 1847 2927 Eodem
1860 2897 1961 2930 modo
1975 2897 2010 2931 in
2033 2898 2078 2930 se—

1195 2940 1423 2984 quenticapite
1435 2940 1574 2975 affirmat
1594 2941 1771 2986 Hyginum
1790 2945 1881 2981 fuisse
1902 2948 2072 2980 ostavum.

1197 2991 1239 3025 At
1253 2988 1375 3024 veroin
1400 2991 1505 3034 primo
1526 2991 1573 3024 sui
1586 2993 1691 3035 operis
1711 2992 1796 3027 libro
1814 2996 1954 3031 eundem
1970 2998 2078 3041 Hygi·

1196 3051 1274 3075 num
1299 3039 1409 3074 scribit
1436 3039 1528 3074 fuisse
1554 3053 1681 3076 nonum
1717 3041 1914 3080 Pontificem
1941 3072 1948 3079 .
1983 3048 2074 3095 Qia

1196 3090 1311 3134 nempe
1324 3100 1403 3124 tunc
1415 3090 1662 3134 comprehendit
1674 3091 1806 3129 Petrum
1817 3119 1828 3135 ‚
1857 3107 1955 3140 atque
1972 3097 2016 3132 ita
2029 3098 2076 3130 lu·
2091 3085 2165 3123 ΟΨ·
2176 3087 2221 3114 ²⁸·

1193 3142 1263 3176 cide
1276 3140 1413 3175 affirmat
1426 3142 1529 3184 ipsum
1544 3141 1636 3176 fuisse
1650 3141 1839 3179 Romanum
1854 3146 2051 3190 Episcopum
2064 3172 2071 3180 .

1195 3191 1317 3225 Eadem
1332 3191 1458 3225 ratione
1474 3191 1574 3225 utitur
1587 3191 1621 3225 in
1637 3192 1754 3227 litteris
1763 3194 1803 3229 ad
1815 3196 2008 3240 Pompejum
2023 3198 2078 3231 Sa-

1194 3241 1373 3276 barrensem
1397 3240 1593 3284 Episcopum
1616 3242 1750 3277 Sanstus
1770 3245 1979 3288 Cyprianus,
2006 3247 2078 3281 scri-

1194 3290 1273 3325 bens
1285 3291 1465 3336 Hyginum
1478 3291 1571 3325 fuisse
1582 3302 1708 3326 nonum
1721 3293 1916 3330 Pontificem
1931 3322 1938 3328 .
1965 3297 2077 3332 Etiam

1196 3341 1358 3375 Eusebius
1369 3341 1574 3375 Caesareenfis
1593 3341 1730 3378 affirmat
1743 3344 1840 3379 Petro
1852 3346 1995 3387 Linum,
2023 3347 2078 3380 Li-

1196 3403 1240 3426 no
1253 3391 1448 3426 Anacletum
1465 3416 1476 3431 ‚
1501 3387 1849 3430 Anacletosucceffiffe
1857 3396 2073 3431 Clementem.
2095 3395 2177 3437 Epist.
2189 3410 2235 3436 74-

1679 3444 1708 3476 Ζ
1759 3455 1781 3480 2
1981 3447 2026 3480 lta
