2346 3724
720 138 1137 180 Carti·

258 221 364 265 plures
386 216 640 261 ritus‘ptimitiva
654 217 798 251 Ecclesia
823 216 1052 255 estmutuataa
1068 215 1134 249 Ro·

257 282 360 309 mano
371 268 528 310 Imperio.
559 268 734 314 Qidquid
747 268 805 309 fit,
832 264 895 300 hoe
908 267 986 300 item
1012 264 1134 300 inloco

257 318 431 363 Septimius
442 317 612 361 insigniter
623 315 1018 361 profitetur.ad0ptionem
1029 315 1137 349 adver-

256 368 318 404 sari
332 366 464 401 Christo
489 368 661 408 Domino,
688 378 786 411 atque
809 367 854 400 ita
876 365 1033 400 subvertit
1053 376 1138 399 erro-

256 429 327 453 rem
339 416 514 451 Theodori
528 417 796 460 Mopsuestienfis
805 439 815 455 ‚
841 414 1064 450 Haetefiarchae
1072 414 1138 448 Ne-

259 467 373 506 storii,
400 467 555 512 Elipandi
578 468 739 503 Toletani
763 467 938 510 Episcopi,
964 476 1002 499 ac
1022 464 1140 500 Felicis

1210 150 1225 178 1
1298 148 1316 177 s
1446 138 1609 182 XLV.
1915 143 2004 199 3533

1206 226 1239 249 re
1250 225 1429 260 numquam
1447 218 1571 251 voluit:
1601 218 1693 253 Hinc
1705 222 1858 264 Synodns
1870 248 1880 263 ,
1906 235 1975 268 quae
1989 225 2084 258 nobis

1207 266 1251 299 est
1264 267 1350 300 sexta
1363 290 1375 307 ,
1402 268 1457 310 ipsi
1471 268 1553 301 olim
1566 268 1629 301 fuit
1640 270 1753 311 quinta
1763 297 1770 303 .
1799 274 1845 306 Ea
1857 274 1895 306 de
1909 275 2000 308 causa
2014 275 2087 318 qui-

1206 315 1282 349 dam
1303 316 1409 350 Sancti
1424 316 1670 352 Toletanorum
1694 317 1867 355 Antistites
1879 324 2029 359 videntur
2041 324 2086 360 sa-

1208 366 1560 402 crosanffisMiffarum
1572 367 1689 402 ritibus
1700 368 1886 412 adoptionis
1896 373 2017 417 dogma
2036 373 2088 415 in-

1210 413 1353 450 seruisse.
1381 417 1546 451 Videntur
1567 418 1708 452 aemulati
1731 419 1825 452 fuiffe
1839 420 1982 455 Facundi
2005 424 2087 457 Her-

1210 467 1381 500 mianensis
1417 468 1570 512 Episcopi
1584 490 1589 502 .-
1612 480 1672 512 pro
1692 468 1949 503 ista-Theodori
1985 471 2087 514 phrasi

262 518 456 560 Urgelitani
479 543 486 550 .
513 518 676 560 Hispania
696 514 845 562 quintam
869 516 1042 560 Synodum
1067 540 1077 557 ,
1102 512 1161 593 acl
1211 516 1422 562 apologiam.
1447 517 1511 552 Rei
1523 518 1618 554 series
1628 520 1687 554 suo
1699 519 1773 553 loco
1792 529 1989 563 exponetur.

261 568 433 611 praesertim
444 568 535 604 istius
547 566 722 603 Theodori
735 562 984 603 damnationem
993 565 1139 602 admitte-

513 753 592 838 c:
704 746 794 836 A
907 746 972 832 P
1085 748 1168 831 U
1280 749 1363 832 T
1548 744 1843 836 XLV.

324 918 694 1004 Generalia
721 916 1026 1025 expedita
1045 908 1219 1023 sunt
1255 978 1273 1007 ,
1302 911 1644 1023 promzffa
1664 913 2036 1024 specialia.
2066 1014 2073 1027 ⁴.

312 1144 315 1146 ,
433 1086 502 1135 Ed
537 1101 652 1135 nunc
688 1077 867 1148 quidem
903 1077 1158 1141 generaliter
1191 1083 1331 1128 actum
1369 1078 1430 1129 est
1466 1076 1492 1128 ὲ
1528 1078 1654 1128 nobis
1682 1078 1887 1129 adversus
1923 1076 2097 1128 haereses

468 1171 615 1205 omnes
644 1189 656 1213 ‚
692 1153 822 1199 certis
847 1186 861 1209 ,
896 1152 940 1196 δε
974 1147 1091 1212 justis
1117 1183 1130 1207 ,
1179 1152 1222 1197 &
1257 1147 1499 1199 neceffariis
1533 1147 1924 1216 praescriptionibus
1960 1148 2098 1216 repel-

469 1222 621 1276 lendas
656 1219 682 1270 ἓ,
717 1220 973 1270 conlatione
1007 1218 1321 1283 Scripturarum
1348 1254 1361 1267 .
1403 1223 1484 1279 ,De
1522 1217 1732 1285 reliquo,
1768 1218 1799 1265 fi
1835 1221 1924 1267 Dei
1959 1220 2102 1281 gratia

471 1295 668 1345 annuerit
695 1328 707 1351 ,
743 1292 877 1340 etiarn
910 1287 1154 1357 specialiter
1188 1287 1443 1355 quibusdam
1479 1285 1829 1354 respondebimus
1857 1323 1870 1335 .
1920 1289 2103 1336 Haecin

273 1369 361 1421 fide
396 1370 596 1420 veritatis
631 1360 879 1426 legentibus
914 1375 999 1430 pax
1047 1362 1092 1412 &
1125 1361 1266 1424 gratia
1300 1359 1486 1410 Domini
1522 1357 1653 1407 nostri
1702 1362 1902 1424 JESU
1938 1356 2102 1408 Christi

273 1443 324 1492 in
358 1455 562 1492 aeternum
575 1471 588 1484 .

463 1583 492 1629 S
525 1597 557 1627 c
590 1595 621 1626 n
656 1591 690 1624 0
724 1590 747 1623 1.
784 1594 800 1624 1
833 1589 867 1623 0
901 1592 934 1626 N
950 1608 964 1623 .

379 1719 591 1769 conlatione
616 1719 903 1787 Scripturarum
918 1751 932 1777 ,
966 1720 1060 1764 &a

359 1877 392 1912 X
404 1875 459 1910 hio
471 1873 576 1908 verbis
596 1872 683 1906 lucet
697 1870 793 1914 hujus
805 1873 893 1905 aurei
906 1871 1010 1906 libelli
1031 1873 1164 1916 scopum

385 1927 448 1961 effe
460 1947 471 1963 ,
496 1933 532 1955 ut
543 1921 692 1954 ostendat
703 1920 870 1951 haereti‘cos
892 1932 962 1951 non
974 1921 1038 1953 effe
1050 1922 1166 1954 admit-

278 1978 397 2013 tendos
409 1971 450 2007 ad
462 1969 631 2004 nobiscum
644 1965 663 1999 ὲ
673 1966 767 2000 sacris
779 1965 895 2000 litteris
913 1965 1146 2008 disputandum
1158 1990 1165 1998 .

277 2023 415 2059 Etenim
438 2021 457 2054 a
477 2020 588 2054 Matre
616 2017 779 2056 Ecelefia,
806 2016 904 2050 unica
924 2015 1016 2049 istius
1044 2015 1163 2050 Divini

278 2071 432 2118 Deposui
453 2069 586 2105 custode
612 2076 710 2110 atque
732 2064 922 2101 authentica
944 2066 1135 2109 expofitrice
1153 2091 1164 2108 ‚

279 2123 468 2160 exciderunt
491 2130 546 2163 per
567 2116 774 2162 apostasiam,
802 2116 820 2149 a
843 2117 919 2151 Deo
938 2113 1025 2164 devii
1036 2124 1140 2150 errant
1153 2139 1165 2157 ,

279 2175 423 2218 ideoque
441 2170 613 2205 dumtaxat
637 2165 833 2210 corripiendi
850 2167 925 2199 sunt
948 2165 987 2199 ad
1000 2165 1138 2200 reditum
1153 2190 1164 2205 ,

280 2224 369 2261 &ob
382 2234 448 2257 non
467 2217 624 2254 redeundi
642 2217 884 2251 contumaciam
899 2215 1143 2253 condoennandi
1156 2241 1163 2248 .

281 2276 326 2310 Et
340 2274 393 2308 hic
407 2269 538 2317 quidem
551 2268 596 2302 est
610 2266 704 2311 hujus
717 2265 819 2300 libelli
832 2265 907 2299 finis
917 2290 924 2297 .
951 2266 1000 2300 lta
1013 2275 1106 2306 notat
1132 2266 1165 2299 &

1227 1586 1303 1611 nem
1327 1573 1482 1620 Episcopi
1506 1573 1636 1622 filium,
1661 1573 1697 1610 &
1720 1575 1829 1610 nescio
1854 1572 1946 1617 cujus
1968 1570 2107 1617 virginis

1227 1627 1456 1672 stupratorem.
1483 1627 1569 1676 Qae
1582 1626 1739 1669 nusquam
1750 1625 1834 1660 dixit
1846 1624 2043 1668 Septimius,
2068 1631 2107 1654 ac

1228 1677 1356 1711 videtur
1378 1677 1541 1721 ignorasse
1561 1700 1570 1709 .
1610 1675 1732 1710 Tertio
1754 1700 1765 1716 ,
1804 1674 1940 1709 istorum
1961 1672 2109 1718 capitum

1228 1725 1360 1760 Author
1380 1728 1474 1772 suum
1493 1726 1664 1763 exordium
1699 1736 1866 1759 mutuatus
1887 1724 1932 1758 est
1953 1736 1995 1758 ex
2023 1721 2110 1753 hisce

1227 1776 1334 1811 Sanssi
1345 1776 1550 1816 Hieronymi
1564 1775 1714 1806 verbisin
1733 1774 1818 1806 libro
1838 1783 1952 1806 contra
1974 1770 2111 1805 Lucife*

1226 1825 1353 1858 rianos:
1379 1827 1470 1856 Taceo
1483 1824 1521 1855 de
1525 1826 1558 1867 J
1561 1820 1690 1864 udaismi
1701 1821 1870 1862 haerettcis,
1895 1827 1948 1864 qui
1968 1829 2039 1854 ante
2059 1820 2114 1852 ad-

1226 1882 1352 1907 ventum
1371 1871 1482 1909 christ}
1503 1874 1611 1913 Legem
1621 1865 1769 1902 tradirdm
1793 1871 1967 1911 dffparunt
1983 1894 1990 1902 .
2017 1870 2113 1914 ,Quod

1227 1919 1374 1961 Dofitbeus
1395 1944 1406 1959 ‚
1442 1921 1698 1952 Samaritanorum
1723 1922 1865 1960 Princeps
1891 1943 1902 1959 ,
1940 1919 2111 1962 Prophetas

1227 1969 1422 2011 repudiavit.
1447 1969 1541 2011 Quod
1559 1969 1716 2002 sadducaei
1736 1993 1747 2009 ‚
1773 1980 1809 2001 ex
1832 1969 1910 2002 illius
1934 1970 2035 2004 radice
2050 1969 2112 2004 'na-

1222 2017 1336 2062 scentes
1356 2043 1368 2058 ‚
1394 2022 1484 2051 etiam
1504 2016 1751 2061 Resurrellt'onem
1779 2026 1879 2051 carnis
1902 2029 2108 2065 negaverunt.

1226 2069 1320 2112 ,Quod
1340 2067 1508 2111 Pharisaei,
1535 2071 1556 2101 ἃ
1573 2069 1712 2114 Judaeis·
1729 2068 1946 2113 divifipropter
1958 2069 2111 2113 quasdam

1225 2117 1613 2161 obfirvationessuperflqas
1625 2144 1637 2160 ‚
1656 2130 1770 2159 ¹nomen
1782 2131 1894 2162 quoque
1906 2122 1927 2152 b
1938 2122 2047 2161 diffidto
2055 2118 2108 2164 su-

1221 2167 1396 2211 sceperunt.
1422 2169 1515 2211 ,Quod
1525 2169 1692 2204 Herodiani
1714 2170 1858 2204 Herodem
1881 2174 1990 2214 Regem
2009 2169 2108 2214 susce-

1221 2227 1294 2260 pere
1300 2227 1357 2260 pro
1369 2217 1494 2257 Christo.
1526 2219 1626 2253 Adeas
1637 2223 1723 2252 venio
1734 2218 1884 2255 baeticos
1897 2245 1908 2260 ‚
1933 2226 1985 2263 qui
1997 2225 2107 2254 Evan-

1220 2270 1329 2312 gelium
1341 2269 1534 2303 laniaverunt
1548 2272 1559 2300 .“
1581 2268 1679 2302 Plura
1691 2267 1786 2303 habet
1800 2269 1968 2304 manifeste
1979 2271 2107 2304 desum-

281 2323 523 2369 antiquiffimus
535 2317 651 2353 Codex
664 2314 955 2361 SanCiiAgobardi
974 2308 1165 2360 Archi-Epi·
1208 2300 1278 2374 ‘pta
1289 2329 1329 2351 ex
1351 2317 1467 2352 eodem
1489 2318 1573 2352 libro
1585 2343 1592 2351 .
1619 2319 1748 2363 Nempe:
1760 2319 1961 2354 Tertulliani
1981 2320 2106 2365 stylum

282 2375 371 2418 scopi
383 2369 627 2416 Lugdunenfis.
656 2366 831 2411 Sequentia
844 2366 951 2410 capita
962 2367 1022 2400 effe
1037 2366 1141 2410 spuria
1153 2390 1164 2405 ,

281 2427 317 2460 δε
340 2422 398 2459 sub
420 2419 571 2465 Septimii
594 2417 729 2452 nomine
753 2417 915 2455 conficta,
943 2415 1045 2464 liquet
1058 2425 1098 2449 ex
1114 2426 1164 2449 va-

281 2476 355 2510 riis.
385 2469 519 2511 Primo,
537 2468 639 2510 stylus
649 2465 734 2501 nihil
748 2465 847 2500 habet
859 2465 1063 2500 Tertulliani
1078 2489 1085 2496 .
1111 2466 1165 2500 Se-

280 2523 418 2566 cundo,
441 2531 519 2556 cum
540 2519 658 2556 Sanno
680 2515 870 2563 Epiphanio
883 2515 1011 2551 faciunt
1020 2515 1166 2552 Marcio-

1224 2369 1258 2402 &
1269 2368 1424 2413 dogmata
1435 2368 1470 2403 in
1490 2369 1601 2403 multis
1613 2369 1780 2404 aemulatus
1804 2370 1866 2404 fuit
1878 2371 2011 2405 Sanetus
2022 2371 2105 2404 Hie-

1225 2428 1408 2461 ronymus,
1432 2418 1573 2463 ideoque
1593 2418 1657 2462 jam
1677 2418 1758 2453 dista
1787 2420 1855 2462 ejus
1877 2422 2009 2460 omnia,
2037 2430 2106 2464 quo

1224 2467 1324 2511 scopo
1349 2468 1381 2502 ὅτ
1394 2468 1504 2511 spiritu
1518 2469 1647 2510 nescio,
1673 2468 1732 2503 iste
1744 2469 1875 2503 Author
1893 2471 2103 2516 transcripsit.

1223 2516 1360 2569 §iudica
1371 2516 1436 2554 haec
1449 2528 1559 2556 tamen
1572 2520 1646 2555 sunt
1656 2544 1669 2561 ‚
1694 2519 1729 2554 δε
1741 2520 1823 2556 Ῑεᾶιι
1835 2520 1935 2566 digna
1946 2545 1956 2564 ,

592 2718 975 2804 121st
1032 2717 1386 2801 TOMJ
1430 2718 1599 2804 No
1620 2719 1802 2802 NJ.
1857 2653 1892 2667 ⁸

516 2937 671 3026 Ad
740 2945 1069 3041 majorem
1139 2919 1351 3027 Dei,
1431 2963 1514 3013 ac
1584 2936 1881 3024 omnium

813 3052 871 3131 S
873 3050 1214 3130 (lubiorum
1261 3049 1561 3159 gloriam
1578 3113 1594 3128 .

389 3466 497 3510 christ.
514 3468 700 3510 Lupiop'era
709 3468 743 3499 T.
758 3466 819 3500 IX.

2008 3468 2072 3507 IN-
