2346 3724
657 122 702 168 C
773 139 799 168 A
871 139 894 168 Ρ
964 138 980 167 1
1051 136 1077 164 τ
1147 137 1164 165 1
1236 136 1256 165 s
1375 118 1653 167 XXXIII.
1902 138 2001 186 279

234 208 389 244 Affirmat
399 206 721 251 ChristumaJESU
731 208 873 251 patiente
896 219 965 242 non
989 206 1119 239 avolas-
1181 207 1312 245 accepit.
1347 201 1479 246 Nempe
1505 202 1582 236 licet
1602 203 1770 240 Simonem
1796 217 1865 241 non
1889 208 2063 243 crediderit

236 262 287 301 se,
314 255 412 293 sedin
427 259 496 302 ipso
508 259 628 302 semper
643 258 864 302 permansisse,
891 267 988 300 atque
1001 256 1046 289 ita
1057 256 1119 288 esse
1180 256 1241 288 esse
1265 251 1436 287 Christum
1457 253 1667 293 Dominum,
1694 251 1782 288 hunc
1799 266 1908 292 tamen
1928 270 2004 293 curn
2016 258 2063 293 Si4

235 311 272 345 ἀ
282 307 402 353 passum
416 333 423 340 .
450 308 494 341 Et
507 308 585 343 hinc
597 309 831 343 Theodoretus
849 308 882 341 in
906 306 994 341 libris
1005 316 1118 340 contra
1183 314 1283 338 mone
1297 302 1384 337 dixit
1395 303 1573 347 apparuisse
1585 301 1757 337 hominem
1772 328 1783 344 ,
1810 316 1885 340 curn
1898 320 1965 342 non
1982 310 2063 343 esset

235 356 555 400 Eutychianos‚has
568 360 827 404 propositiones,
853 356 990 396 christus
1001 356 1039 397 est
1050 354 1119 398 pas-
1183 354 1285 388 homo
1309 377 1320 393 ,
1346 354 1381 387 ἃ
1402 354 1524 398 passum
1552 353 1698 397 putative
1720 377 1732 393 ,
1756 364 1833 387 cum
1858 357 1960 397 passus
1993 371 2063 393 non

230 408 284 453 [us
308 434 319 449 ,
348 412 429 441 Deus
451 408 488 450 est
502 409 603 452 paffus
627 434 638 450 ,
664 408 868 454 distinguens
883 433 895 449 ,
920 408 955 441 ὅ(
980 407 1119 451 primam
1181 404 1275 438 esset.
1302 403 1397 439 Hinc
1418 404 1507 439 idem
1519 404 1565 439 est
1589 404 1665 439 fons
1688 404 1873 439 Marcionis
1895 406 2064 446 &Valene

236 462 365 499 veram,
395 459 567 493 secundam
579 461 831 494 afferensfalsam
843 483 853 499 ,
876 458 1040 492 deviavit.
1180 455 1264 490 tini.

285 509 432 556 Qaestio
442 510 487 543 est
500 533 511 550 ,
528 511 582 544 An
595 512 731 545 Sanetus
741 511 883 554 Joannes
896 509 929 542 in
944 510 1001 542 suo
1013 507 1118 541 Evan-

236 559 327 604 gelio
340 570 396 593 aut
407 559 544 603 epistola
557 563 726 604 impugnet
738 562 836 594 etiam
849 558 1057 602 phantasticae
1068 569 1119 600 ap·

238 609 412 652 paritionis
432 611 597 645 assertores
620 636 630 652 ,
664 611 870 653 praecursores
896 610 928 643 δε
950 608 1119 653 magistros
1249 612 1470 657 Simmiam
1491 610 1626 654 maffl'ae
1651 604 1848 676 dfil'pll‘na
1864 642 1878 667 ³
1904 610 1995 654 (με.

236 658 421 694 Marcionis
435 661 451 692 ,ἓ
478 661 535 694 An
556 660 731 704 Septimius
754 659 838 694 istud
852 661 932 694 reite
952 659 1109 693 affirmet
1103 658 1119 681 ἕ
1551 649 1580 674 0

237 708 438 753 Respondeo
458 710 541 746 reste
563 712 738 745 affirmare.
767 711 902 745 Etenim
923 707 964 744 de
986 708 1120 743 Simone

113 770 177 802 ub.
200 780 222 799 ι.
237 760 345 803 Mago
369 761 479 796 scribit
505 761 640 796 Sanetus
661 762 798 796 lrenaeus
819 775 829 795 .·
857 763 955 794 simon
977 762 997 793 ἃ
1018 760 1119 792 mulus
1230 759 1334 817 Qod
1345 769 1460 795 ornnes
1470 758 1546 803 pasfi
1559 757 1709 793 Gnostici
1722 757 1844 792 fuerint
1858 756 1980 802 Magi,
1999 754 2070 789 imo

102 821 167 853 cep.
180 823 226 842 ιο.
239 809 323 852 quafi
331 814 413 844 Deus
419 811 604 855 glorificatus
627 811 665 851 est
675 837 682 844 .
714 813 758 843 Et
768 813 865 844 docuit
884 807 1071 854 semetipsum
1081 806 1119 851 es
1181 809 1215 843 &
1227 811 1371 855 magiam
1384 811 1417 845 in
1430 809 1554 854 dogma
1565 809 1812 852 assumpserint,
1840 808 1924 841 infra
1932 807 2071 841 demon-

236 858 289 903 se,
316 866 369 903 qui
382 866 460 895 inter
464 865 497 906 J
499 863 602 895 udaeos
615 863 734 903 quidem
751 860 920 904 quafifilius
934 864 1120 903 apparuerit,
1183 859 1352 894 strabitur.
1379 860 1554 904 Septimius
1566 859 1649 893 dicit
1662 859 1715 892 hic
1727 859 1813 892 duo.
1833 855 1967 897 Primo,
1980 854 2099 898 quod

236 916 273 952 ,in
284 912 424 943 samaria
435 922 534 943 autem
543 934 556 954 Ι,
582 910 667 953 quasi
681 914 774 945 Pater
794 909 974 954 descenderit
983 935 993 951 ‚
1018 915 1050 942 in
1059 910 1122 943 reli-
1183 909 1240 943 ista
1252 909 1425 955 disciplina
1436 921 1473 946 ac
1484 909 1554 954 ejus
1565 921 1663 954 opera
1672 908 1836 966 Angelis,
1861 908 1976 952 utique
1988 908 2072 942 Doe-

1184 961 1362 1001 monibus,
1392 961 1557 1001 serviant,
1581 970 1677 1005 atque
1702 959 1747 993 ita
1773 959 1835 994 fint
1857 957 2069 992 Idololatria.

1187 1010 1316 1045 Etenim
1328 1013 1512 1046 Doemones
1523 1010 1540 1044 ὲ
1554 1010 1665 1055 Magis
1686 1010 1806 1044 volunt
1826 1009 1894 1043 coli
1913 1009 1947 1042 &
1960 1008 2074 1042 adora·

1184 1062 1209 1094 ti
1222 1086 1229 1092 -
1258 1061 1411 1096 Secunde>
1422 1062 1503 1096 dicit
1515 1059 1581 1095 haec
1592 1060 1706 1095 omnia
1731 1060 1773 1094 ab
1796 1060 1867 1102 ipso
1879 1059 1998 1093 sancto
2014 1057 2074 1091 Pe-

1184 1121 1236 1144 tro
1250 1110 1413 1155 Apostolo
1433 1112 1526 1145 fuisse
1548 1111 1582 1144 in
1606 1109 1745 1145 Simone
1766 1110 1874 1154 Mago
1900 1108 2052 1142 damnata
2065 1131 2073 1140 .

1187 1161 1228 1194 Et
1241 1159 1321 1195 hinc
1332 1161 1436 1195 oritur
1446 1160 1579 1204 quaestio
1589 1183 1601 1200 ,
1626 1157 1810 1205 Qomodo
1824 1160 1939 1192 Simon
1955 1158 2076 1202 Magus

1184 1211 1328 1254 potuerit
1348 1210 1466 1245 servire
1481 1210 1625 1255 Angelis
1645 1209 1658 1241 ?
1686 1209 1867 1242 Rationem
1899 1207 2076 1241 dubitandi

240 970 311 1002 qut:
322 963 392 994 verb
401 959 542 1004 gentibus
557 959 641 1003 quasi
649 964 780 1002 spiritus
794 964 814 994 5
815 961 920 994 anavus
931 961 1123 993 adventave-

238 1010 301 1043 rit.
330 1010 481 1055 Angelos
500 1010 519 1043 ὲ
541 1011 596 1045 sua
618 1010 747 1045 Helena
763 1034 773 1049 ‚
799 1010 839 1045 ab
860 1010 928 1043 istis
939 1009 1025 1043 dixit
1036 1019 1123 1043 crea-

235 1069 309 1093 tum
321 1070 515 1101 corporeum
527 1060 687 1093 mundum
699 1084 710 1100 ‚
737 1070 833 1103 atque
845 1060 890 1093 ita
903 1060 1041 1093 Irenaeus
1056 1070 1122 1102 per-

238 1108 288 1153 git
301 1120 309 1140 :
335 1111 413 1140 Cum
423 1109 501 1141 male
512 1109 735 1142 moderarentur
746 1111 850 1154 Angeli
860 1111 1004 1143 mundum
1018 1134 1028 1150 ,
1054 1121 1120 1152 quo-

237 1155 323 1191 'niam
341 1156 538 1201 unusquisque
560 1170 658 1192 eorum
668 1159 876 1202 concupisceret
895 1165 1122 1203 principatum,

235 1210 339 1241 Simon
349 1207 463 1240 dicebat
470 1206 502 1251 se
511 1209 555 1240 ad
565 1212 800 1244 emendationem
824 1211 931 1254 veniffe
943 1222 1064 1249 rerum,
1090 1211 1124 1244 (9·

237 1256 412 1301 descendaeffe
431 1258 679 1302 transfiguratum
690 1285 701 1300 ,
727 1262 761 1294 Θ
775 1262 981 1302 affimrlieatum
997 1264 1121 1294 Virtuti·

238 1309 312 1349 bus,
338 1309 372 1341 o·
386 1308 584 1348 Potestatlbus
597 1334 608 1350 ,
634 1312 668 1344 (ς
683 1312 821 1354 Angelis,
846 1320 881 1344 ut
903 1313 982 1344 &in
999 1310 1122 1344 homini-

238 1357 294 1391 bus
318 1356 401 1390 bomo
426 1366 588 1400 appareret
604 1359 687 1403 a,'pse
713 1372 779 1394 cum
791 1372 848 1394 non
871 1360 936 1403 effer
959 1360 1065 1401 bomo,
1089 1361 1124 1394 ὑ·

235 1408 351 1451 paffum
360 1417 461 1442 autem
472 1414 506 1440 tn
509 1412 541 1452 J
545 1411 634 1443 udaea
640 1418 807 1451 putatum,
833 1422 900 1444 cum
911 1422 969 1444 non
981 1411 1045 1454 effet
1054 1408 1124 1454 pas-

237 1455 310 1501 sus.
335 1457 419 1503 Qae
429 1460 542 1491 omnia
567 1459 713 1493 scribunt
727 1461 828 1495 etiam
842 1460 996 1496 sanctum
1010 1461 1124 1496 Phila-

238 1502 355 1546 strius,
367 1508 500 1540 Sanctus
511 1508 738 1551 Epiphanius,
748 1510 882 1543 Sanstus
895 1508 1126 1555 Augustinus,

1186 1262 1262 1296 facit
1284 1262 1454 1296 Dominus
1478 1257 1665 1295 Cardinalis
1679 1258 1782 1293 Caesar
1796 1257 1978 1291 Batonius.
2008 1255 2079 1289 Au-

1186 1312 1314 1346 diamus
1351 1311 1458 1355 ipsum
1485 1310 1504 1343 a
1530 1308 1731 1353 compendio
1764 1309 1908 1342 Domini
1936 1305 2077 1341 Henrici

1187 1361 1381 1405 Spondani,
1408 1359 1563 1405 Episcopi
1590 1359 1815 1402 Apamiensis·
1843 1360 1953 1391 Mirati
1970 1355 2077 1400 sumus
2102 1356 2186 1384 Anno
2207 1357 2255 1384 60-

1187 1409 1328 1455 ejusmodi
1346 1421 1474 1444 errorem
1492 1409 1585 1443 tribui
1604 1411 1718 1441 Simoni
1742 1411 1859 1451 Mago,
1885 1418 1951 1441 cum
1962 1417 2029 1449 quae
2041 1407 2078 1440 de
2099 1403 2178 1425 num·
2188 1403 2219 1428 ⁷·

1190 1462 1307 1506 Angelis
1316 1458 1378 1505 ipse
1386 1461 1488 1499 dixit,
1513 1461 1598 1503 longe*
1612 1458 1650 1492 ab
1663 1457 1712 1491 bis
1727 1455 1898 1500 discrepent
1911 1482 1918 1489 .
1944 1460 2077 1490 Tantum

1191 1510 1263 1551 abest
1274 1519 1307 1543 ut
1318 1512 1494 1553 Angelorum
1509 1510 1620 1543 culeum
1637 1506 1700 1550 ipse
1712 1509 1942 1547 introduxerit,
1970 1517 2003 1541 ut
2015 1517 2078 1541 con·

1191 1571 1241 1592 tra
1259 1559 1392 1602 affereret
1409 1557 1488 1601 sein
1510 1558 1658 1591 nundum
1679 1554 1816 1598 descend
1811 1557 1878 1599 ffe
1904 1565 1938 1590 ut
1950 1558 2078 1600 Angelus

1192 1611 1267 1643 male
1280 1610 1469 1642 moderantes
1488 1618 1638 1642 terrarum
1662 1607 1765 1640 orbem
1783 1613 1959 1649 corriperet.
1992 1606 2078 1641 Res·
2130 1611 2137 1615 '

1188 1660 1317 1694 oondeo
1329 1659 1523 1699 Simonem,
1550 1659 1626 1692 licet
1644 1657 1853 1702 Angelorum
1866 1659 1992 1691 cultum
2009 1668 2079 1692 non

240 1567 281 1591 ac
291 1555 549 1592 Theodoretus.
563 1558 674 1592 Etiam
688 1560 816 1603 Martyr
828 1559 984 1602 Justinus.
1013 1559 1054 1593 Et
1067 1560 1126 1593 lre·

90 1627 190 1668 C³p3
195 1639 222 1658 0
242 1618 332 1641 naeus
342 1606 425 1641 reste
434 1607 547 1642 addit:
570 1612 624 1641 Ex
638 1612 753 1642 simone
763 1607 912 1651 universa
925 1608 1126 1653 baeresesficb·

237 1655 396 1697 stiterunt.
426 1657 468 1690 Et
481 1658 580 1691 infra:
608 1663 718 1692 Omnes
731 1665 782 1702 qui
792 1671 904 1702 quoquo
916 1661 1000 1692 modo
1012 1661 1123 1692 adulte-

240 1714 318 1740 rant
338 1712 528 1747 veritatem,
556 1709 590 1741 ὁ·
606 1716 796 1750 praeconium
822 1707 958 1751 Ecclefiae
982 1710 1123 1750 laedunt,

237 1758 372 1790 Simonis
394 1755 528 1799 discipuli
551 1760 586 1792 &
603 1757 869 1803 ficccefforessunt.
898 1762 1052 1803 ,Quamvis
1066 1772 1124 1793 non

242 1806 437 1849 confiteantur
448 1818 551 1840 nomen
562 1809 697 1851 Magistri
704 1808 1048 1851 su1,adsedu810nem
1059 1811 1124 1844 reli-

244 1867 398 1900 quorum,
425 1866 563 1890 attamen
586 1859 670 1890 illius
700 1857 881 1900 sententiam
909 1860 1040 1892 docent.
1081 1860 1125 1893 Et

1186 1698 1359 1748 docuerit,
1387 1719 1497 1744 tamen
1520 1707 1673 1752 Angelos
1688 1708 1843 1742 coluisse.
1874 1707 1981 1742 Aliter
2008 1718 2077 1741 non

1187 1759 1292 1794 fuisset
1314 1759 1437 1802 Magus
1462 1782 1471 1791 .
1509 1756 1621 1791 Etiam
1654 1753 1758 1790 Anti·
1771 1755 1923 1791 Christus
1953 1755 2081 1791 semeti-

1187 1810 1279 1853 psum
1292 1807 1474 1842 venditabit
1484 1808 1620 1846 Deum,
1645 1806 1801 1839 &tamen
1824 1807 1912 1840 colet
1941 1806 2085 1841 Doemo·

1188 1870 1273 1892 nes.
1350 1856 1404 1891 uia
1424 1857 1486 1891 etit
1508 1856 1652 1902 Magus
1695 1855 1804 1890 Euam
1832 1857 1953 1900 poterit
1977 1857 2076 1891 istum

1184 1909 1311 1943 cultum
1333 1908 1482 1942 docere.
1511 1906 1602 1952 Quia
1629 1916 1748 1948 nempe
1767 1905 1948 1939 istiusmodi
1969 1907 2068 1940 scele-

1186 1960 1247 1992 rati
1266 1967 1388 1990 errores
1408 1956 1609 2000 sibimetipsis
1636 1965 1697 1990 nec
1718 1954 1850 1996 solent,
1875 1965 1936 1990 nec
1953 1956 2075 2001 poffint

1184 2007 1363 2043 cohaerere

243 1907 372 1942 rursus.
396 1911 452 1941 Ex
471 1909 653 1941 simonianls
674 1908 832 1941 multitudo
855 1908 1053 1947 Gnosticorum
1075 1920 1125 1943 ex—

85 1934 160 1972 cap
177 1942 224 1970 33
239 1955 394 2001 surrexit,
419 1959 542 1992 &velut
563 1959 672 1991 eterra
688 1957 1014 2000 fungt,man1fi÷stan
1028 1957 1124 2000 sunt.

245 2008 290 2041 Et
302 2008 504 2050 singulariter
513 2008 554 2039 de
576 2005 761 2040 Marcionis
778 2006 940 2050 Magistro
951 2008 1128 2040 Cerdone·

94 2049 170 2087 C³P
180 2052 224 2079 ²8-
245 2057 366 2089 cerdon
388 2056 496 2098 abiis,
523 2060 575 2099 qui
591 2054 666 2099 sunt
686 2067 758 2100 erga
769 2058 937 2097 Simonem,
959 2055 1128 2099 occasionem

403 2263 481 2348 C
585 2264 686 2349 A
799 2263 866 2347 P
982 2265 1075 2352 u
1189 2267 1273 2347 T
1410 2264 1916 2352 XXXIV.

379 2450 676 2561 Qoquo
732 2474 1030 2559 tempore
1088 2448 1375 2559 haerefies
1419 2447 1701 2555 fuerint
1721 2517 1740 2547 ‚
1796 2479 1949 2533 ean-

662 2567 811 2647 dem
851 2562 1154 2672 subeunt
1208 2567 1660 2666 damnationis

932 2679 1355 2789 fintentiam
1372 2746 1390 2761 .

493 2869 579 2917 AEc
613 2864 711 2917 sunt
734 2903 748 2929 ,
797 2881 848 2918 ut
883 2866 1070 2918 arbitror
1101 2907 1115 2931 ,
1163 2882 1321 2934 genera
1354 2865 1651 2917 dofflinarum
1696 2862 2068 2927 adulterinarum,

315 2936 317 2939 ’
524 2954 622 3003 quae
670 2936 748 2987 sub
781 2938 1003 3008 Apostolis
1039 2938 1158 2991 fuisse
1181 2977 1194 3002 ,
1238 2939 1297 2989 ab
1331 2938 1429 3007 ipfis
1462 2936 1687 3019 Apostolis
1721 2934 1964 2986 discimus:
2012 2940 2072 2988 Et

523 3022 674 3057 tamen
707 3010 869 3058 nullam
905 3012 1149 3062 invenimus
1195 3010 1548 3071 institutionem,
1595 3010 1709 3059 inter
1744 3022 1814 3056 tot
1846 3006 2073 3056 diversita-

526 3093 597 3128 tes
630 3079 999 3146 perversitatum,
1032 3098 1130 3148 quae
1162 3081 1220 3132 de
1253 3085 1357 3131 Deo
1389 3084 1602 3130 Creatore
1635 3076 1930 3129 universorum
1967 3094 2074 3144 con-

244 3145 493 3197 troversiam
539 3151 771 3199 moverit.
819 3153 971 3201 Nemo
1003 3152 1186 3202 alterum
1222 3156 1370 3203 Deum
1402 3149 1524 3201 ausus
1555 3149 1619 3199 est
1651 3147 1852 3217 suspicari
1886 3183 1900 3195 .
1948 3148 2072 3197 Fani--

245 3215 332 3265 lius
378 3216 437 3271 de
486 3220 599 3269 Filio
640 3237 778 3287 quam
822 3219 883 3272 de
930 3225 1060 3272 Patre
1104 3223 1376 3275 haesitabatur
1410 3258 1425 3284 ,
1477 3218 1619 3272 donec
1665 3222 1870 3270 Marcion
1916 3226 2071 3286 praetei·

243 3289 518 3341 Creatorem
535 3290 672 3342 alium
707 3294 857 3342 Deum
890 3288 1020 3344 solius
1052 3292 1265 3361 bonitatis
1298 3292 1562 3347 induceret.
1609 3292 1790 3360 Apelles
1832 3304 2076 3395 creatorem

1943 3368 2022 3406 nge-
