<?xml version="1.0" encoding="UTF-8"?>
<!DOCTYPE html PUBLIC "-//W3C//DTD XHTML 1.0 Transitional//EN"
    "http://www.w3.org/TR/xhtml1/DTD/xhtml1-transitional.dtd">
<html xmlns="http://www.w3.org/1999/xhtml" xml:lang="en" lang="en">
 <head>
  <title>
</title>
<meta http-equiv="Content-Type" content="text/html;charset=utf-8" />
  <meta name='ocr-system' content='tesseract 3.04.00' />
  <meta name='ocr-capabilities' content='ocr_page ocr_carea ocr_par ocr_line ocrx_word'/>
</head>
<body>
  <div class='ocr_page' id='page_1' title='image "./operaomniastudio09lupuuoft/operaomniastudio09lupuuoft_0159.png"; bbox 0 0 2346 3724; ppageno 0'>
   <div class='ocr_carea' id='block_1_1' title="bbox 677 157 1092 201">
    <p class='ocr_par' dir='ltr' id='par_1_1' title="bbox 677 157 1092 201">
     <span class='ocr_line' id='line_1_1' title="bbox 677 157 1092 201; baseline -0.007 0"><span class='ocrx_word' id='word_1_1' title='bbox 677 157 1092 201; x_wconf 79' lang='lat' dir='ltr'><strong>CAPrT</strong></span> 
     </span>
    </p>
   </div>
   <div class='ocr_carea' id='block_1_2' title="bbox 51 232 1100 3434">
    <p class='ocr_par' dir='ltr' id='par_1_2' title="bbox 210 232 1093 379">
     <span class='ocr_line' id='line_1_2' title="bbox 210 232 1092 283; baseline -0.009 -8"><span class='ocrx_word' id='word_1_2' title='bbox 210 242 344 281; x_wconf 82' lang='lat' dir='ltr'><strong>Deum,</strong></span> <span class='ocrx_word' id='word_1_3' title='bbox 372 241 406 274; x_wconf 70' lang='lat' dir='ltr'><strong>o·</strong></span> <span class='ocrx_word' id='word_1_4' title='bbox 429 238 524 272; x_wconf 81' lang='lat' dir='ltr'><strong>Pater</strong></span> <span class='ocrx_word' id='word_1_5' title='bbox 545 237 671 279; x_wconf 82' lang='lat' dir='ltr'><strong>noster,</strong></span> <span class='ocrx_word' id='word_1_6' title='bbox 698 240 731 272; x_wconf 65' lang='lat' dir='ltr'><strong>&lt;tt</strong></span> <span class='ocrx_word' id='word_1_7' title='bbox 748 232 962 283; x_wconf 79' lang='lat' dir='ltr'><strong>salutationem</strong></span> <span class='ocrx_word' id='word_1_8' title='bbox 982 238 1092 273; x_wconf 77' lang='lat' dir='ltr'><strong>Beatae</strong></span> 
     </span>
     <span class='ocr_line' id='line_1_3' title="bbox 214 286 1093 335; baseline -0.003 -12"><span class='ocrx_word' id='word_1_9' title='bbox 214 296 360 335; x_wconf 73' lang='lat' dir='ltr'><strong>Virginis.</strong></span> <span class='ocrx_word' id='word_1_10' title='bbox 390 289 504 322; x_wconf 85' lang='lat' dir='ltr'><strong>Exstat</strong></span> <span class='ocrx_word' id='word_1_11' title='bbox 528 287 681 331; x_wconf 87' lang='lat' dir='ltr'><strong>Synodus</strong></span> <span class='ocrx_word' id='word_1_12' title='bbox 704 289 737 323; x_wconf 90' lang='lat' dir='ltr'><strong>in</strong></span> <span class='ocrx_word' id='word_1_13' title='bbox 761 288 937 333; x_wconf 83' lang='lat' dir='ltr'><strong>Spicilegio</strong></span> <span class='ocrx_word' id='word_1_14' title='bbox 949 286 1093 322; x_wconf 88' lang='lat' dir='ltr'>Domini</span> 
     </span>
     <span class='ocr_line' id='line_1_4' title="bbox 213 338 733 379; baseline -0.008 -4"><span class='ocrx_word' id='word_1_15' title='bbox 213 342 311 379; x_wconf 74' lang='lat' dir='ltr'><strong>Lucae</strong></span> <span class='ocrx_word' id='word_1_16' title='bbox 324 338 477 374; x_wconf 89' lang='lat' dir='ltr'><strong>Dacherii</strong></span> <span class='ocrx_word' id='word_1_17' title='bbox 491 363 498 370; x_wconf 93' lang='lat'><strong><em>.</em></strong></span> <span class='ocrx_word' id='word_1_18' title='bbox 731 372 733 375; x_wconf 74' lang='grc'>,</span> 
     </span>
    </p>

    <p class='ocr_par' dir='ltr' id='par_1_3' title="bbox 211 388 1095 734">
     <span class='ocr_line' id='line_1_5' title="bbox 263 388 1095 435; baseline -0.004 -12"><span class='ocrx_word' id='word_1_19' title='bbox 263 389 421 425; x_wconf 85' lang='lat' dir='ltr'><strong>Notanda</strong></span> <span class='ocrx_word' id='word_1_20' title='bbox 442 390 516 423; x_wconf 86' lang='lat' dir='ltr'><strong>sunt</strong></span> <span class='ocrx_word' id='word_1_21' title='bbox 540 390 686 424; x_wconf 88' lang='lat' dir='ltr'><strong>Honorii</strong></span> <span class='ocrx_word' id='word_1_22' title='bbox 708 388 1011 435; x_wconf 86' lang='lat' dir='ltr'><strong>Augustodunenfis</strong></span> <span class='ocrx_word' id='word_1_23' title='bbox 1029 398 1095 422; x_wconf 89' lang='lat' dir='ltr'><strong>ver-</strong></span> 
     </span>
     <span class='ocr_line' id='line_1_6' title="bbox 213 439 1095 485; baseline -0.003 -11"><span class='ocrx_word' id='word_1_24' title='bbox 213 439 274 474; x_wconf 75' lang='lat' dir='ltr'><strong>ba:</strong></span> <span class='ocrx_word' id='word_1_25' title='bbox 303 443 361 472; x_wconf 74' lang='lat' dir='ltr'><strong>Aut</strong></span> <span class='ocrx_word' id='word_1_26' title='bbox 384 442 492 472; x_wconf 86' lang='lat' dir='ltr'><strong>Patria</strong></span> <span class='ocrx_word' id='word_1_27' title='bbox 514 464 525 480; x_wconf 95' lang='lat'>‚</span> <span class='ocrx_word' id='word_1_28' title='bbox 552 450 606 473; x_wconf 88' lang='lat' dir='ltr'><strong>aut</strong></span> <span class='ocrx_word' id='word_1_29' title='bbox 627 444 743 474; x_wconf 73' lang='lat' dir='ltr'><strong>Latina</strong></span> <span class='ocrx_word' id='word_1_30' title='bbox 768 442 870 483; x_wconf 84' lang='lat' dir='ltr'><strong>lingua</strong></span> <span class='ocrx_word' id='word_1_31' title='bbox 887 464 894 471; x_wconf 94' lang='lat'><strong><em>.</em></strong></span> <span class='ocrx_word' id='word_1_32' title='bbox 928 439 998 485; x_wconf 82' lang='lat' dir='ltr'><strong>Qi</strong></span> <span class='ocrx_word' id='word_1_33' title='bbox 1023 450 1095 472; x_wconf 88' lang='lat' dir='ltr'><strong>mos</strong></span> 
     </span>
     <span class='ocr_line' id='line_1_7' title="bbox 212 489 1095 535; baseline -0.003 -11"><span class='ocrx_word' id='word_1_34' title='bbox 212 489 392 524; x_wconf 84' lang='lat' dir='ltr'>etiamnum</span> <span class='ocrx_word' id='word_1_35' title='bbox 406 500 570 532; x_wconf 86' lang='lat' dir='ltr'><strong>permanet</strong></span> <span class='ocrx_word' id='word_1_36' title='bbox 584 491 617 524; x_wconf 90' lang='lat' dir='ltr'><strong>in</strong></span> <span class='ocrx_word' id='word_1_37' title='bbox 640 491 832 535; x_wconf 88' lang='lat' dir='ltr'><strong>quibusdam</strong></span> <span class='ocrx_word' id='word_1_38' title='bbox 845 489 959 524; x_wconf 82' lang='lat' dir='ltr'><strong>Galliae</strong></span> <span class='ocrx_word' id='word_1_39' title='bbox 973 490 1095 532; x_wconf 87' lang='lat' dir='ltr'><strong>Regio-</strong></span> 
     </span>
     <span class='ocr_line' id='line_1_8' title="bbox 211 539 1095 584; baseline -0.002 -11"><span class='ocrx_word' id='word_1_40' title='bbox 211 539 327 574; x_wconf 84' lang='lat' dir='ltr'><strong>nibus.</strong></span> <span class='ocrx_word' id='word_1_41' title='bbox 356 539 469 573; x_wconf 83' lang='lat' dir='ltr'><strong>Plures</strong></span> <span class='ocrx_word' id='word_1_42' title='bbox 492 540 664 575; x_wconf 78' lang='lat' dir='ltr'><strong>Rusticani</strong></span> <span class='ocrx_word' id='word_1_43' title='bbox 691 541 886 584; x_wconf 79' lang='lat' dir='ltr'><strong>Symbolum</strong></span> <span class='ocrx_word' id='word_1_44' title='bbox 913 541 946 573; x_wconf 72' lang='grc' dir='ltr'><strong>ὃς</strong></span> <span class='ocrx_word' id='word_1_45' title='bbox 969 539 1095 573; x_wconf 86' lang='lat' dir='ltr'><strong>oratio·</strong></span> 
     </span>
     <span class='ocr_line' id='line_1_9' title="bbox 213 588 1094 630; baseline -0.002 -7"><span class='ocrx_word' id='word_1_46' title='bbox 213 601 289 623; x_wconf 86' lang='lat' dir='ltr'><strong>nem</strong></span> <span class='ocrx_word' id='word_1_47' title='bbox 300 590 517 627; x_wconf 83' lang='lat' dir='ltr'><strong>Dominicam</strong></span> <span class='ocrx_word' id='word_1_48' title='bbox 543 603 665 626; x_wconf 88' lang='lat' dir='ltr'><strong>norunt</strong></span> <span class='ocrx_word' id='word_1_49' title='bbox 685 590 823 630; x_wconf 74' lang='lat' dir='ltr'><strong>Latine,</strong></span> <span class='ocrx_word' id='word_1_50' title='bbox 852 601 919 624; x_wconf 90' lang='lat' dir='ltr'><strong>non</strong></span> <span class='ocrx_word' id='word_1_51' title='bbox 947 588 1094 624; x_wconf 76' lang='lat' dir='ltr'><strong>Gallice.</strong></span> 
     </span>
     <span class='ocr_line' id='line_1_10' title="bbox 212 640 1091 683; baseline -0.002 -10"><span class='ocrx_word' id='word_1_52' title='bbox 212 641 270 673; x_wconf 78' lang='lat' dir='ltr'><strong>Est</strong></span> <span class='ocrx_word' id='word_1_53' title='bbox 294 640 444 683; x_wconf 77' lang='lat' dir='ltr'><strong>pessimus</strong></span> <span class='ocrx_word' id='word_1_54' title='bbox 466 651 537 679; x_wconf 86' lang='lat' dir='ltr'><strong>mos</strong></span> <span class='ocrx_word' id='word_1_55' title='bbox 552 666 562 681; x_wconf 96' lang='lat'><em>‚</em></span> <span class='ocrx_word' id='word_1_56' title='bbox 589 643 623 675; x_wconf 88' lang='lat'>&amp;</span> <span class='ocrx_word' id='word_1_57' title='bbox 643 641 806 677; x_wconf 82' lang='lat' dir='ltr'><strong>obnoxius</strong></span> <span class='ocrx_word' id='word_1_58' title='bbox 829 651 952 674; x_wconf 83' lang='lat' dir='ltr'><strong>aeternae</strong></span> <span class='ocrx_word' id='word_1_59' title='bbox 974 642 1091 674; x_wconf 87' lang='lat' dir='ltr'><strong>ruinae.</strong></span> 
     </span>
     <span class='ocr_line' id='line_1_11' title="bbox 211 688 1095 734; baseline 0.001 -11"><span class='ocrx_word' id='word_1_60' title='bbox 211 690 257 723; x_wconf 87' lang='lat' dir='ltr'><strong>Et</strong></span> <span class='ocrx_word' id='word_1_61' title='bbox 271 688 351 724; x_wconf 84' lang='lat' dir='ltr'><strong>hinc</strong></span> <span class='ocrx_word' id='word_1_62' title='bbox 363 691 399 723; x_wconf 91' lang='lat' dir='ltr'><strong>in</strong></span> <span class='ocrx_word' id='word_1_63' title='bbox 412 692 469 725; x_wconf 91' lang='lat' dir='ltr'><strong>suo</strong></span> <span class='ocrx_word' id='word_1_64' title='bbox 483 691 661 734; x_wconf 85' lang='lat' dir='ltr'><strong>Capitulari</strong></span> <span class='ocrx_word' id='word_1_65' title='bbox 676 693 762 726; x_wconf 71' lang='lat' dir='ltr'><strong>,reste</strong></span> <span class='ocrx_word' id='word_1_66' title='bbox 783 692 889 725; x_wconf 84' lang='lat' dir='ltr'>sanxit</span> <span class='ocrx_word' id='word_1_67' title='bbox 901 690 1095 725; x_wconf 82' lang='lat' dir='ltr'><strong>venerabilis</strong></span> 
     </span>
    </p>

    <p class='ocr_par' dir='ltr' id='par_1_4' title="bbox 74 734 1097 983">
     <span class='ocr_line' id='line_1_12' title="bbox 74 734 1095 785; baseline 0 -12"><span class='ocrx_word' id='word_1_68' title='bbox 74 734 152 773; x_wconf 77' lang='lat' dir='ltr'><strong>C2P·</strong></span> <span class='ocrx_word' id='word_1_69' title='bbox 170 748 194 765; x_wconf 89' lang='lat'><strong>2-</strong></span> <span class='ocrx_word' id='word_1_70' title='bbox 211 738 332 782; x_wconf 89' lang='lat' dir='ltr'><strong>Aytho</strong></span> <span class='ocrx_word' id='word_1_71' title='bbox 360 740 542 785; x_wconf 87' lang='lat' dir='ltr'><strong>Episcopus</strong></span> <span class='ocrx_word' id='word_1_72' title='bbox 568 742 752 776; x_wconf 83' lang='lat' dir='ltr'><strong>Basileenfis</strong></span> <span class='ocrx_word' id='word_1_73' title='bbox 774 755 785 775; x_wconf 86' lang='lat'><strong>.·</strong></span> <span class='ocrx_word' id='word_1_74' title='bbox 815 742 1002 785; x_wconf 87' lang='lat' dir='ltr'><strong>Jubendum</strong></span> <span class='ocrx_word' id='word_1_75' title='bbox 1025 766 1036 781; x_wconf 92' lang='lat'><strong>,</strong></span> <span class='ocrx_word' id='word_1_76' title='bbox 1061 749 1095 774; x_wconf 85' lang='lat' dir='ltr'><strong>ut</strong></span> 
     </span>
     <span class='ocr_line' id='line_1_13' title="bbox 211 791 1095 834; baseline 0.002 -12"><span class='ocrx_word' id='word_1_77' title='bbox 211 793 316 823; x_wconf 81' lang='lat' dir='ltr'><em>Oratio</em></span> <span class='ocrx_word' id='word_1_78' title='bbox 328 794 503 832; x_wconf 69' lang='lat' dir='ltr'><strong>Domuum,</strong></span> <span class='ocrx_word' id='word_1_79' title='bbox 534 797 639 834; x_wconf 82' lang='lat' dir='ltr'><strong>inqua</strong></span> <span class='ocrx_word' id='word_1_80' title='bbox 650 798 750 825; x_wconf 83' lang='lat' dir='ltr'><strong>omnia</strong></span> <span class='ocrx_word' id='word_1_81' title='bbox 774 792 932 833; x_wconf 83' lang='lat' dir='ltr'><strong>neceffaria</strong></span> <span class='ocrx_word' id='word_1_82' title='bbox 954 791 1095 825; x_wconf 86' lang='lat' dir='ltr'><strong>humanae</strong></span> 
     </span>
     <span class='ocr_line' id='line_1_14' title="bbox 210 841 1095 883; baseline 0 -10"><span class='ocrx_word' id='word_1_83' title='bbox 210 846 286 874; x_wconf 83' lang='lat' dir='ltr'><strong>vitae</strong></span> <span class='ocrx_word' id='word_1_84' title='bbox 308 842 616 882; x_wconf 85' lang='lat' dir='ltr'><strong>comprehenduntur,</strong></span> <span class='ocrx_word' id='word_1_85' title='bbox 643 844 679 876; x_wconf 65' lang='grc'><strong>6·</strong></span> <span class='ocrx_word' id='word_1_86' title='bbox 700 842 865 880; x_wconf 63' lang='lat' dir='ltr'><strong>symbolum</strong></span> <span class='ocrx_word' id='word_1_87' title='bbox 882 841 1095 883; x_wconf 67' lang='lat' dir='ltr'><strong>Apostolorum,</strong></span> 
     </span>
     <span class='ocr_line' id='line_1_15' title="bbox 210 891 1097 934; baseline 0.002 -12"><span class='ocrx_word' id='word_1_88' title='bbox 210 895 244 923; x_wconf 82' lang='lat' dir='ltr'><strong>in</strong></span> <span class='ocrx_word' id='word_1_89' title='bbox 265 902 326 933; x_wconf 84' lang='lat' dir='ltr'><strong>quo</strong></span> <span class='ocrx_word' id='word_1_90' title='bbox 335 892 430 925; x_wconf 86' lang='lat' dir='ltr'><strong>Fides</strong></span> <span class='ocrx_word' id='word_1_91' title='bbox 444 891 598 924; x_wconf 86' lang='lat' dir='ltr'><strong>Catholica</strong></span> <span class='ocrx_word' id='word_1_92' title='bbox 617 903 656 924; x_wconf 81' lang='lat' dir='ltr'><strong>ex</strong></span> <span class='ocrx_word' id='word_1_93' title='bbox 679 897 794 934; x_wconf 85' lang='lat' dir='ltr'><strong>integro</strong></span> <span class='ocrx_word' id='word_1_94' title='bbox 814 892 1071 934; x_wconf 61' lang='lat' dir='ltr'><em>comprehenditur</em></span> <span class='ocrx_word' id='word_1_95' title='bbox 1086 915 1097 931; x_wconf 89' lang='lat'>‚</span> 
     </span>
     <span class='ocr_line' id='line_1_16' title="bbox 209 939 1092 983; baseline 0.003 -12"><span class='ocrx_word' id='word_1_96' title='bbox 209 940 248 972; x_wconf 87' lang='lat' dir='ltr'><strong>ab</strong></span> <span class='ocrx_word' id='word_1_97' title='bbox 262 940 398 974; x_wconf 87' lang='lat' dir='ltr'><strong>omnibus</strong></span> <span class='ocrx_word' id='word_1_98' title='bbox 419 939 549 983; x_wconf 70' lang='lat' dir='ltr'><strong>discatur</strong></span> <span class='ocrx_word' id='word_1_99' title='bbox 570 950 634 974; x_wconf 85' lang='lat' dir='ltr'><strong>tarn</strong></span> <span class='ocrx_word' id='word_1_100' title='bbox 660 944 773 975; x_wconf 76' lang='lat' dir='ltr'><strong>Latine</strong></span> <span class='ocrx_word' id='word_1_101' title='bbox 793 943 886 982; x_wconf 68' lang='lat' dir='ltr'><strong>quam</strong></span> <span class='ocrx_word' id='word_1_102' title='bbox 910 942 1092 975; x_wconf 64' lang='lat' dir='ltr'><strong>Barbarae.</strong></span> 
     </span>
    </p>

    <p class='ocr_par' dir='ltr' id='par_1_5' title="bbox 51 990 1098 1675">
     <span class='ocr_line' id='line_1_17' title="bbox 168 990 1095 1034; baseline -0.003 -9"><span class='ocrx_word' id='word_1_103' title='bbox 168 1022 170 1026; x_wconf 88' lang='lat'>.</span> <span class='ocrx_word' id='word_1_104' title='bbox 209 993 251 1025; x_wconf 83' lang='lat' dir='ltr'><strong>Ut</strong></span> <span class='ocrx_word' id='word_1_105' title='bbox 262 992 343 1032; x_wconf 91' lang='lat' dir='ltr'><strong>quod</strong></span> <span class='ocrx_word' id='word_1_106' title='bbox 350 1002 397 1025; x_wconf 91' lang='lat' dir='ltr'><strong>ore</strong></span> <span class='ocrx_word' id='word_1_107' title='bbox 402 990 601 1033; x_wconf 82' lang='lat' dir='ltr'><strong>profitentur,</strong></span> <span class='ocrx_word' id='word_1_108' title='bbox 627 993 711 1024; x_wconf 89' lang='lat' dir='ltr'><strong>corde</strong></span> <span class='ocrx_word' id='word_1_109' title='bbox 723 995 847 1024; x_wconf 83' lang='lat' dir='ltr'><em>credant</em></span> <span class='ocrx_word' id='word_1_110' title='bbox 858 993 1076 1034; x_wconf 75' lang='lat' dir='ltr'><strong>&amp;intelligant</strong></span> <span class='ocrx_word' id='word_1_111' title='bbox 1088 1014 1095 1021; x_wconf 93' lang='lat'><strong><em>.</em></strong></span> 
     </span>
     <span class='ocr_line' id='line_1_18' title="bbox 207 1039 1095 1081; baseline 0.003 -9"><span class='ocrx_word' id='word_1_112' title='bbox 207 1040 379 1078; x_wconf 87' lang='lat' dir='ltr'><strong>Dominus</strong></span> <span class='ocrx_word' id='word_1_113' title='bbox 392 1042 498 1077; x_wconf 88' lang='lat' dir='ltr'><strong>Lucas</strong></span> <span class='ocrx_word' id='word_1_114' title='bbox 510 1039 692 1074; x_wconf 87' lang='lat' dir='ltr'><strong>Dacherius</strong></span> <span class='ocrx_word' id='word_1_115' title='bbox 704 1042 777 1075; x_wconf 90' lang='lat' dir='ltr'><strong>voci</strong></span> <span class='ocrx_word' id='word_1_116' title='bbox 788 1064 800 1080; x_wconf 91' lang='lat'><strong><em>,</em></strong></span> <span class='ocrx_word' id='word_1_117' title='bbox 828 1041 996 1075; x_wconf 69' lang='lat' dir='ltr'><strong>Barbarae</strong></span> <span class='ocrx_word' id='word_1_118' title='bbox 1007 1065 1019 1081; x_wconf 92' lang='lat'>,</span> <span class='ocrx_word' id='word_1_119' title='bbox 1045 1041 1095 1075; x_wconf 89' lang='lat' dir='ltr'><strong>de-</strong></span> 
     </span>
     <span class='ocr_line' id='line_1_19' title="bbox 207 1088 1095 1134; baseline 0.002 -12"><span class='ocrx_word' id='word_1_120' title='bbox 207 1089 258 1122; x_wconf 87' lang='lat' dir='ltr'><strong>dit</strong></span> <span class='ocrx_word' id='word_1_121' title='bbox 270 1089 335 1123; x_wconf 89' lang='lat' dir='ltr'><strong>hoc</strong></span> <span class='ocrx_word' id='word_1_122' title='bbox 347 1090 528 1134; x_wconf 67' lang='lat' dir='ltr'><strong>,marginale</strong></span> <span class='ocrx_word' id='word_1_123' title='bbox 538 1088 696 1124; x_wconf 75' lang='lat' dir='ltr'><strong>Scholion</strong></span> <span class='ocrx_word' id='word_1_124' title='bbox 710 1104 717 1123; x_wconf 90' lang='lat'><strong>:</strong></span> <span class='ocrx_word' id='word_1_125' title='bbox 741 1093 920 1124; x_wconf 79' lang='lat' dir='ltr'><strong>Germanice</strong></span> <span class='ocrx_word' id='word_1_126' title='bbox 926 1090 981 1134; x_wconf 89' lang='lat' dir='ltr'><strong>seu</strong></span> <span class='ocrx_word' id='word_1_127' title='bbox 995 1095 1095 1124; x_wconf 87' lang='lat' dir='ltr'><strong>Fran-</strong></span> 
     </span>
     <span class='ocr_line' id='line_1_20' title="bbox 205 1139 1095 1186; baseline 0.004 -15"><span class='ocrx_word' id='word_1_128' title='bbox 205 1140 286 1173; x_wconf 69' lang='lat' dir='ltr'><strong>‹ice‘.</strong></span> <span class='ocrx_word' id='word_1_129' title='bbox 311 1139 437 1174; x_wconf 81' lang='lat' dir='ltr'>Nativa</span> <span class='ocrx_word' id='word_1_130' title='bbox 463 1140 551 1174; x_wconf 89' lang='lat' dir='ltr'><strong>enim</strong></span> <span class='ocrx_word' id='word_1_131' title='bbox 566 1139 768 1174; x_wconf 86' lang='lat' dir='ltr'><strong>Francorum</strong></span> <span class='ocrx_word' id='word_1_132' title='bbox 792 1141 904 1186; x_wconf 86' lang='lat' dir='ltr'><strong>lingua</strong></span> <span class='ocrx_word' id='word_1_133' title='bbox 925 1142 970 1175; x_wconf 89' lang='lat' dir='ltr'><strong>est</strong></span> <span class='ocrx_word' id='word_1_134' title='bbox 984 1140 1095 1175; x_wconf 88' lang='lat' dir='ltr'><strong>Theo·</strong></span> 
     </span>
     <span class='ocr_line' id='line_1_21' title="bbox 205 1190 1094 1232; baseline 0.004 -10"><span class='ocrx_word' id='word_1_135' title='bbox 205 1190 309 1230; x_wconf 84' lang='lat' dir='ltr'><strong>tisca,</strong></span> <span class='ocrx_word' id='word_1_136' title='bbox 336 1191 390 1224; x_wconf 89' lang='lat' dir='ltr'><strong>seu</strong></span> <span class='ocrx_word' id='word_1_137' title='bbox 417 1190 636 1224; x_wconf 85' lang='lat' dir='ltr'><strong>Germanica.</strong></span> <span class='ocrx_word' id='word_1_138' title='bbox 666 1190 710 1225; x_wconf 88' lang='lat' dir='ltr'><strong>Et</strong></span> <span class='ocrx_word' id='word_1_139' title='bbox 733 1192 865 1225; x_wconf 62' lang='lat' dir='ltr'><strong>Sanetus</strong></span> <span class='ocrx_word' id='word_1_140' title='bbox 889 1191 1094 1232; x_wconf 61' lang='lat' dir='ltr'><strong>Cudberms,</strong></span> 
     </span>
     <span class='ocr_line' id='line_1_22' title="bbox 206 1237 1096 1284; baseline 0.003 -11"><span class='ocrx_word' id='word_1_141' title='bbox 206 1239 265 1283; x_wconf 80' lang='lat' dir='ltr'><strong>qui</strong></span> <span class='ocrx_word' id='word_1_142' title='bbox 277 1240 335 1274; x_wconf 90' lang='lat' dir='ltr'><strong>sub</strong></span> <span class='ocrx_word' id='word_1_143' title='bbox 347 1241 455 1275; x_wconf 72' lang='lat' dir='ltr'><strong>saneti</strong></span> <span class='ocrx_word' id='word_1_144' title='bbox 468 1239 631 1275; x_wconf 82' lang='lat' dir='ltr'><strong>Zachariae</strong></span> <span class='ocrx_word' id='word_1_145' title='bbox 649 1237 774 1284; x_wconf 85' lang='lat' dir='ltr'><strong>Papatu</strong></span> <span class='ocrx_word' id='word_1_146' title='bbox 784 1242 867 1276; x_wconf 88' lang='lat' dir='ltr'><strong>rexit</strong></span> <span class='ocrx_word' id='word_1_147' title='bbox 882 1242 1096 1276; x_wconf 83' lang='lat' dir='ltr'><strong>Cantuarien-</strong></span> 
     </span>
     <span class='ocr_line' id='line_1_23' title="bbox 207 1290 1097 1337; baseline 0.003 -14"><span class='ocrx_word' id='word_1_148' title='bbox 207 1290 273 1323; x_wconf 84' lang='lat' dir='ltr'><strong>sem</strong></span> <span class='ocrx_word' id='word_1_149' title='bbox 285 1290 482 1329; x_wconf 78' lang='lat' dir='ltr'>Ecclesiam,</span> <span class='ocrx_word' id='word_1_150' title='bbox 508 1291 621 1324; x_wconf 85' lang='lat' dir='ltr'><strong>statuit</strong></span> <span class='ocrx_word' id='word_1_151' title='bbox 642 1291 676 1324; x_wconf 86' lang='lat' dir='ltr'><strong>in</strong></span> <span class='ocrx_word' id='word_1_152' title='bbox 690 1293 743 1325; x_wconf 88' lang='lat' dir='ltr'><strong>sua</strong></span> <span class='ocrx_word' id='word_1_153' title='bbox 765 1293 866 1326; x_wconf 86' lang='lat' dir='ltr'><strong>totius</strong></span> <span class='ocrx_word' id='word_1_154' title='bbox 890 1292 1024 1337; x_wconf 89' lang='lat' dir='ltr'><strong>Angliae</strong></span> <span class='ocrx_word' id='word_1_155' title='bbox 1040 1293 1097 1335; x_wconf 90' lang='lat' dir='ltr'><strong>Sy-</strong></span> 
     </span>
     <span class='ocr_line' id='line_1_24' title="bbox 208 1340 1092 1381; baseline 0.002 -9"><span class='ocrx_word' id='word_1_156' title='bbox 208 1340 319 1374; x_wconf 85' lang='lat' dir='ltr'><strong>nodo:</strong></span> <span class='ocrx_word' id='word_1_157' title='bbox 347 1344 534 1373; x_wconf 85' lang='lat' dir='ltr'><strong>Dominicam</strong></span> <span class='ocrx_word' id='word_1_158' title='bbox 556 1344 727 1375; x_wconf 80' lang='lat' dir='ltr'><strong>Orationem</strong></span> <span class='ocrx_word' id='word_1_159' title='bbox 752 1344 785 1374; x_wconf 59' lang='lat' dir='ltr'><strong>et</strong></span> <span class='ocrx_word' id='word_1_160' title='bbox 799 1341 959 1380; x_wconf 69' lang='lat' dir='ltr'><strong>symbolum</strong></span> <span class='ocrx_word' id='word_1_161' title='bbox 973 1343 1092 1381; x_wconf 71' lang='lat' dir='ltr'><strong>Presby-</strong></span> 
     </span>
     <span class='ocr_line' id='line_1_25' title="bbox 207 1388 1098 1435; baseline 0.002 -12"><span class='ocrx_word' id='word_1_162' title='bbox 207 1396 268 1428; x_wconf 77' lang='lat' dir='ltr'><strong>teri</strong></span> <span class='ocrx_word' id='word_1_163' title='bbox 291 1392 411 1433; x_wconf 74' lang='lat' dir='ltr'><strong>Anglice</strong></span> <span class='ocrx_word' id='word_1_164' title='bbox 430 1388 547 1434; x_wconf 73' lang='lat' dir='ltr'><strong>discant</strong></span> <span class='ocrx_word' id='word_1_165' title='bbox 571 1391 605 1423; x_wconf 60' lang='grc' dir='ltr'><strong>(τ’</strong></span> <span class='ocrx_word' id='word_1_166' title='bbox 628 1390 749 1423; x_wconf 86' lang='lat' dir='ltr'><strong>doceant</strong></span> <span class='ocrx_word' id='word_1_167' title='bbox 765 1415 774 1423; x_wconf 91' lang='lat'><strong><em>.</em></strong></span> <span class='ocrx_word' id='word_1_168' title='bbox 805 1391 920 1425; x_wconf 85' lang='lat' dir='ltr'><strong>Exstat</strong></span> <span class='ocrx_word' id='word_1_169' title='bbox 943 1393 1098 1435; x_wconf 86' lang='lat' dir='ltr'><strong>Synodus</strong></span> 
     </span>
     <span class='ocr_line' id='line_1_26' title="bbox 207 1439 1097 1482; baseline 0.004 -10"><span class='ocrx_word' id='word_1_170' title='bbox 207 1439 295 1482; x_wconf 85' lang='lat' dir='ltr'><strong>apud</strong></span> <span class='ocrx_word' id='word_1_171' title='bbox 322 1439 543 1473; x_wconf 83' lang='lat' dir='ltr'><strong>Guilielmum</strong></span> <span class='ocrx_word' id='word_1_172' title='bbox 577 1439 873 1474; x_wconf 82' lang='lat' dir='ltr'><strong>Malmesberienfis</strong></span> <span class='ocrx_word' id='word_1_173' title='bbox 900 1440 1097 1476; x_wconf 82' lang='lat' dir='ltr'><strong>Monasterii</strong></span> 
     </span>
     <span class='ocr_line' id='line_1_27' title="bbox 208 1488 1097 1529; baseline 0.002 -7"><span class='ocrx_word' id='word_1_174' title='bbox 208 1488 508 1522; x_wconf 86' lang='lat' dir='ltr'><strong>Bibliothecarium</strong></span> <span class='ocrx_word' id='word_1_175' title='bbox 523 1488 555 1521; x_wconf 88' lang='lat' dir='ltr'><strong>in</strong></span> <span class='ocrx_word' id='word_1_176' title='bbox 572 1488 678 1529; x_wconf 87' lang='lat' dir='ltr'><strong>primo</strong></span> <span class='ocrx_word' id='word_1_177' title='bbox 689 1488 775 1522; x_wconf 89' lang='lat' dir='ltr'><strong>libro</strong></span> <span class='ocrx_word' id='word_1_178' title='bbox 786 1489 827 1523; x_wconf 90' lang='lat' dir='ltr'><strong>de</strong></span> <span class='ocrx_word' id='word_1_179' title='bbox 839 1490 947 1522; x_wconf 88' lang='lat' dir='ltr'><strong>Gestis</strong></span> <span class='ocrx_word' id='word_1_180' title='bbox 960 1490 1097 1525; x_wconf 86' lang='lat' dir='ltr'><strong>Pontifi-</strong></span> 
     </span>
     <span class='ocr_line' id='line_1_28' title="bbox 51 1534 1096 1583; baseline 0.002 -10"><span class='ocrx_word' id='word_1_181' title='bbox 51 1534 113 1566; x_wconf 69' lang='lat' dir='ltr'><strong>Fol·</strong></span> <span class='ocrx_word' id='word_1_182' title='bbox 126 1544 188 1574; x_wconf 72' lang='grc' dir='ltr'><strong>Ι97-</strong></span> <span class='ocrx_word' id='word_1_183' title='bbox 206 1550 283 1574; x_wconf 89' lang='lat' dir='ltr'><strong>cum</strong></span> <span class='ocrx_word' id='word_1_184' title='bbox 307 1538 498 1583; x_wconf 87' lang='lat' dir='ltr'><strong>Auglorum</strong></span> <span class='ocrx_word' id='word_1_185' title='bbox 511 1561 519 1568; x_wconf 90' lang='lat'>.</span> <span class='ocrx_word' id='word_1_186' title='bbox 547 1538 731 1578; x_wconf 77' lang='lat' dir='ltr'><strong>Requisivit</strong></span> <span class='ocrx_word' id='word_1_187' title='bbox 758 1539 859 1572; x_wconf 78' lang='lat' dir='ltr'><strong>solam</strong></span> <span class='ocrx_word' id='word_1_188' title='bbox 874 1539 1096 1583; x_wconf 86' lang='lat' dir='ltr'><strong>Anglicanam</strong></span> 
     </span>
     <span class='ocr_line' id='line_1_29' title="bbox 207 1587 1096 1634; baseline 0.002 -11"><span class='ocrx_word' id='word_1_189' title='bbox 207 1590 358 1634; x_wconf 81' lang='lat' dir='ltr'><strong>linguam</strong></span> <span class='ocrx_word' id='word_1_190' title='bbox 370 1610 384 1629; x_wconf 64' lang='grc'><strong>,»</strong></span> <span class='ocrx_word' id='word_1_191' title='bbox 407 1600 477 1623; x_wconf 90' lang='lat' dir='ltr'><strong>non</strong></span> <span class='ocrx_word' id='word_1_192' title='bbox 500 1587 656 1622; x_wconf 85' lang='lat' dir='ltr'>Latinam</span> <span class='ocrx_word' id='word_1_193' title='bbox 672 1613 678 1619; x_wconf 90' lang='lat'>.</span> <span class='ocrx_word' id='word_1_194' title='bbox 695 1588 751 1623; x_wconf 76' lang='lat' dir='ltr'><strong>‚Et</strong></span> <span class='ocrx_word' id='word_1_195' title='bbox 773 1590 856 1623; x_wconf 64' lang='lat' dir='ltr'><strong>recte</strong></span> <span class='ocrx_word' id='word_1_196' title='bbox 868 1608 891 1621; x_wconf 86' lang='lat'><strong>.-</strong></span> <span class='ocrx_word' id='word_1_197' title='bbox 904 1589 960 1624; x_wconf 83' lang='lat' dir='ltr'><strong>Est</strong></span> <span class='ocrx_word' id='word_1_198' title='bbox 977 1591 1096 1625; x_wconf 87' lang='lat' dir='ltr'><strong>Decre-</strong></span> 
     </span>
     <span class='ocr_line' id='line_1_30' title="bbox 207 1637 876 1675; baseline -0.001 -1"><span class='ocrx_word' id='word_1_199' title='bbox 207 1648 281 1675; x_wconf 86' lang='lat' dir='ltr'><strong>tum</strong></span> <span class='ocrx_word' id='word_1_200' title='bbox 295 1638 452 1674; x_wconf 83' lang='lat' dir='ltr'><strong>omnibus</strong></span> <span class='ocrx_word' id='word_1_201' title='bbox 465 1637 631 1672; x_wconf 85' lang='lat' dir='ltr'><strong>Gentibus</strong></span> <span class='ocrx_word' id='word_1_202' title='bbox 646 1640 856 1673; x_wconf 75' lang='lat' dir='ltr'><strong>necessarium</strong></span> <span class='ocrx_word' id='word_1_203' title='bbox 868 1664 876 1674; x_wconf 85' lang='lat'><strong>.</strong></span> 
     </span>
    </p>

    <p class='ocr_par' dir='ltr' id='par_1_6' title="bbox 207 1687 1099 1979">
     <span class='ocr_line' id='line_1_31' title="bbox 258 1687 1096 1736; baseline 0.004 -13"><span class='ocrx_word' id='word_1_204' title='bbox 258 1690 420 1736; x_wconf 80' lang='lat' dir='ltr'><strong>Qaedam</strong></span> <span class='ocrx_word' id='word_1_205' title='bbox 445 1688 596 1722; x_wconf 88' lang='lat' dir='ltr'><strong>videntur</strong></span> <span class='ocrx_word' id='word_1_206' title='bbox 631 1687 782 1723; x_wconf 82' lang='lat' dir='ltr'><strong>obsistere</strong></span> <span class='ocrx_word' id='word_1_207' title='bbox 805 1714 812 1722; x_wconf 94' lang='lat'>.</span> <span class='ocrx_word' id='word_1_208' title='bbox 842 1690 978 1724; x_wconf 87' lang='lat' dir='ltr'>Etenim</span> <span class='ocrx_word' id='word_1_209' title='bbox 1005 1690 1096 1735; x_wconf 88' lang='lat' dir='ltr'><strong>quod</strong></span> 
     </span>
     <span class='ocr_line' id='line_1_32' title="bbox 207 1737 1097 1784; baseline 0.001 -9"><span class='ocrx_word' id='word_1_210' title='bbox 207 1740 348 1784; x_wconf 64' lang='lat' dir='ltr'><strong>Reginae</strong></span> <span class='ocrx_word' id='word_1_211' title='bbox 361 1738 528 1773; x_wconf 85' lang='lat' dir='ltr'><strong>Candacis</strong></span> <span class='ocrx_word' id='word_1_212' title='bbox 542 1737 710 1773; x_wconf 86' lang='lat' dir='ltr'><strong>Eunucho</strong></span> <span class='ocrx_word' id='word_1_213' title='bbox 720 1739 891 1784; x_wconf 85' lang='lat' dir='ltr'><strong>Philippus</strong></span> <span class='ocrx_word' id='word_1_214' title='bbox 904 1741 1077 1776; x_wconf 89' lang='lat' dir='ltr'><strong>Diaconus</strong></span> <span class='ocrx_word' id='word_1_215' title='bbox 1087 1764 1097 1781; x_wconf 89' lang='lat'>‚</span> 
     </span>
     <span class='ocr_line' id='line_1_33' title="bbox 208 1788 1096 1836; baseline 0.001 -11"><span class='ocrx_word' id='word_1_216' title='bbox 208 1790 242 1825; x_wconf 85' lang='lat'>&amp;</span> <span class='ocrx_word' id='word_1_217' title='bbox 256 1788 404 1833; x_wconf 82' lang='lat' dir='ltr'><strong>pluribus</strong></span> <span class='ocrx_word' id='word_1_218' title='bbox 417 1788 565 1823; x_wconf 86' lang='lat' dir='ltr'><strong>millibus</strong></span> <span class='ocrx_word' id='word_1_219' title='bbox 586 1788 604 1821; x_wconf 76' lang='lat' dir='ltr'><strong>a</strong></span> <span class='ocrx_word' id='word_1_220' title='bbox 618 1789 697 1823; x_wconf 87' lang='lat' dir='ltr'><strong>sein</strong></span> <span class='ocrx_word' id='word_1_221' title='bbox 710 1789 764 1824; x_wconf 90' lang='lat' dir='ltr'><strong>die</strong></span> <span class='ocrx_word' id='word_1_222' title='bbox 776 1789 987 1825; x_wconf 77' lang='lat' dir='ltr'><strong>pentecostes</strong></span> <span class='ocrx_word' id='word_1_223' title='bbox 997 1791 1096 1836; x_wconf 87' lang='lat' dir='ltr'><strong>bapti-</strong></span> 
     </span>
     <span class='ocr_line' id='line_1_34' title="bbox 208 1838 1099 1885; baseline -0.001 -10"><span class='ocrx_word' id='word_1_224' title='bbox 208 1839 291 1875; x_wconf 83' lang='lat' dir='ltr'><strong>zatis</strong></span> <span class='ocrx_word' id='word_1_225' title='bbox 304 1840 440 1874; x_wconf 68' lang='lat' dir='ltr'><strong>Sanetus</strong></span> <span class='ocrx_word' id='word_1_226' title='bbox 454 1840 569 1873; x_wconf 85' lang='lat' dir='ltr'><strong>Petrus</strong></span> <span class='ocrx_word' id='word_1_227' title='bbox 585 1838 766 1880; x_wconf 80' lang='lat' dir='ltr'><strong>Apostolus</strong></span> <span class='ocrx_word' id='word_1_228' title='bbox 779 1852 846 1874; x_wconf 91' lang='lat' dir='ltr'><strong>non</strong></span> <span class='ocrx_word' id='word_1_229' title='bbox 860 1841 993 1884; x_wconf 89' lang='lat' dir='ltr'><strong>plenum</strong></span> <span class='ocrx_word' id='word_1_230' title='bbox 1006 1844 1099 1885; x_wconf 89' lang='lat' dir='ltr'><strong>Sym·</strong></span> 
     </span>
     <span class='ocr_line' id='line_1_35' title="bbox 208 1889 1096 1930; baseline -0.002 -4"><span class='ocrx_word' id='word_1_231' title='bbox 208 1890 344 1930; x_wconf 88' lang='lat' dir='ltr'><strong>bolum,</strong></span> <span class='ocrx_word' id='word_1_232' title='bbox 372 1890 425 1924; x_wconf 83' lang='lat' dir='ltr'><strong>sed</strong></span> <span class='ocrx_word' id='word_1_233' title='bbox 448 1890 581 1923; x_wconf 90' lang='lat' dir='ltr'><strong>unicum</strong></span> <span class='ocrx_word' id='word_1_234' title='bbox 605 1889 792 1923; x_wconf 86' lang='lat' dir='ltr'><strong>Dominicae</strong></span> <span class='ocrx_word' id='word_1_235' title='bbox 812 1892 1005 1926; x_wconf 80' lang='lat' dir='ltr'><strong>oeconomiae</strong></span> <span class='ocrx_word' id='word_1_236' title='bbox 1025 1892 1096 1926; x_wconf 89' lang='lat' dir='ltr'><strong>arti·</strong></span> 
     </span>
     <span class='ocr_line' id='line_1_36' title="bbox 207 1937 1096 1979; baseline 0.003 -5"><span class='ocrx_word' id='word_1_237' title='bbox 207 1941 324 1975; x_wconf 88' lang='lat' dir='ltr'><strong>culum</strong></span> <span class='ocrx_word' id='word_1_238' title='bbox 347 1938 539 1974; x_wconf 82' lang='lat' dir='ltr'><strong>tradiderint</strong></span> <span class='ocrx_word' id='word_1_239' title='bbox 552 1963 562 1979; x_wconf 91' lang='lat'>‚</span> <span class='ocrx_word' id='word_1_240' title='bbox 588 1937 704 1973; x_wconf 74' lang='lat' dir='ltr'><strong>diserte</strong></span> <span class='ocrx_word' id='word_1_241' title='bbox 726 1942 863 1974; x_wconf 80' lang='lat' dir='ltr'><strong>affirmat</strong></span> <span class='ocrx_word' id='word_1_242' title='bbox 880 1943 1016 1977; x_wconf 69' lang='lat' dir='ltr'><strong>Sanstus</strong></span> <span class='ocrx_word' id='word_1_243' title='bbox 1029 1943 1096 1977; x_wconf 87' lang='lat' dir='ltr'><strong>Ire-</strong></span> 
     </span>
    </p>

    <p class='ocr_par' dir='ltr' id='par_1_7' title="bbox 58 1988 1100 2833">
     <span class='ocr_line' id='line_1_37' title="bbox 88 1988 1097 2036; baseline 0.002 -11"><span class='ocrx_word' id='word_1_244' title='bbox 88 1996 151 2027; x_wconf 77' lang='lat' dir='ltr'><strong>Lib.</strong></span> <span class='ocrx_word' id='word_1_245' title='bbox 162 2007 190 2032; x_wconf 80' lang='lat'><strong>4·</strong></span> <span class='ocrx_word' id='word_1_246' title='bbox 207 2003 296 2026; x_wconf 81' lang='lat' dir='ltr'><strong>naeus</strong></span> <span class='ocrx_word' id='word_1_247' title='bbox 310 2017 321 2024; x_wconf 80' lang='grc'><strong>.</strong></span> <span class='ocrx_word' id='word_1_248' title='bbox 341 1990 446 2036; x_wconf 86' lang='lat' dir='ltr'><strong>Qod</strong></span> <span class='ocrx_word' id='word_1_249' title='bbox 457 1990 562 2032; x_wconf 89' lang='lat' dir='ltr'><strong>ipsum</strong></span> <span class='ocrx_word' id='word_1_250' title='bbox 575 1989 615 2022; x_wconf 88' lang='lat' dir='ltr'><strong>de</strong></span> <span class='ocrx_word' id='word_1_251' title='bbox 629 1988 785 2032; x_wconf 89' lang='lat' dir='ltr'><strong>Philippo</strong></span> <span class='ocrx_word' id='word_1_252' title='bbox 798 1991 952 2026; x_wconf 84' lang='lat' dir='ltr'><strong>Diacono</strong></span> <span class='ocrx_word' id='word_1_253' title='bbox 964 1994 1097 2027; x_wconf 83' lang='lat' dir='ltr'><strong>afferue-</strong></span> 
     </span>
     <span class='ocr_line' id='line_1_38' title="bbox 67 2039 1097 2084; baseline 0.002 -10"><span class='ocrx_word' id='word_1_254' title='bbox 67 2045 190 2076; x_wconf 68' lang='lat' dir='ltr'>cap-40·</span> <span class='ocrx_word' id='word_1_255' title='bbox 208 2052 287 2076; x_wconf 88' lang='lat' dir='ltr'><strong>runt</strong></span> <span class='ocrx_word' id='word_1_256' title='bbox 309 2041 409 2074; x_wconf 86' lang='lat' dir='ltr'><strong>&amp;alii</strong></span> <span class='ocrx_word' id='word_1_257' title='bbox 431 2039 517 2080; x_wconf 86' lang='lat' dir='ltr'><strong>apud</strong></span> <span class='ocrx_word' id='word_1_258' title='bbox 539 2040 691 2072; x_wconf 62' lang='lat' dir='ltr'><strong>Sannum</strong></span> <span class='ocrx_word' id='word_1_259' title='bbox 715 2040 941 2084; x_wconf 80' lang='lat' dir='ltr'><strong>Augustinum</strong></span> <span class='ocrx_word' id='word_1_260' title='bbox 965 2041 1005 2076; x_wconf 91' lang='lat' dir='ltr'><strong>de</strong></span> <span class='ocrx_word' id='word_1_261' title='bbox 1017 2041 1097 2076; x_wconf 87' lang='lat' dir='ltr'><strong>Fide</strong></span> 
     </span>
     <span class='ocr_line' id='line_1_39' title="bbox 208 2088 1096 2133; baseline 0.003 -9"><span class='ocrx_word' id='word_1_262' title='bbox 208 2090 410 2133; x_wconf 87' lang='lat' dir='ltr'><strong>&amp;operibus</strong></span> <span class='ocrx_word' id='word_1_263' title='bbox 422 2113 429 2119; x_wconf 91' lang='lat'>.</span> <span class='ocrx_word' id='word_1_264' title='bbox 459 2089 501 2121; x_wconf 87' lang='lat' dir='ltr'><strong>Et</strong></span> <span class='ocrx_word' id='word_1_265' title='bbox 515 2088 599 2122; x_wconf 83' lang='lat' dir='ltr'><strong>istud</strong></span> <span class='ocrx_word' id='word_1_266' title='bbox 621 2090 727 2131; x_wconf 90' lang='lat' dir='ltr'><strong>ipsum</strong></span> <span class='ocrx_word' id='word_1_267' title='bbox 739 2089 838 2124; x_wconf 88' lang='lat' dir='ltr'><strong>docet</strong></span> <span class='ocrx_word' id='word_1_268' title='bbox 851 2091 884 2124; x_wconf 90' lang='lat' dir='ltr'><strong>in</strong></span> <span class='ocrx_word' id='word_1_269' title='bbox 898 2092 1025 2126; x_wconf 87' lang='lat' dir='ltr'><strong>decima</strong></span> <span class='ocrx_word' id='word_1_270' title='bbox 1040 2104 1096 2127; x_wconf 92' lang='lat' dir='ltr'><strong>no-</strong></span> 
     </span>
     <span class='ocr_line' id='line_1_40' title="bbox 208 2138 1100 2186; baseline 0.003 -12"><span class='ocrx_word' id='word_1_271' title='bbox 208 2152 252 2175; x_wconf 88' lang='lat' dir='ltr'><strong>na</strong></span> <span class='ocrx_word' id='word_1_272' title='bbox 265 2140 403 2174; x_wconf 89' lang='lat' dir='ltr'><strong>homilia</strong></span> <span class='ocrx_word' id='word_1_273' title='bbox 419 2142 509 2181; x_wconf 86' lang='lat' dir='ltr'><strong>super</strong></span> <span class='ocrx_word' id='word_1_274' title='bbox 522 2138 735 2182; x_wconf 79' lang='lat' dir='ltr'><strong>Apostolicos</strong></span> <span class='ocrx_word' id='word_1_275' title='bbox 748 2139 846 2175; x_wconf 70' lang='lat' dir='ltr'><strong>Actus</strong></span> <span class='ocrx_word' id='word_1_276' title='bbox 855 2143 990 2177; x_wconf 67' lang='lat' dir='ltr'><strong>Sanetus</strong></span> <span class='ocrx_word' id='word_1_277' title='bbox 1001 2143 1100 2186; x_wconf 82' lang='lat' dir='ltr'><strong>Joan-</strong></span> 
     </span>
     <span class='ocr_line' id='line_1_41' title="bbox 207 2189 1096 2235; baseline 0.006 -14"><span class='ocrx_word' id='word_1_278' title='bbox 207 2202 265 2225; x_wconf 80' lang='lat' dir='ltr'><strong>nes</strong></span> <span class='ocrx_word' id='word_1_279' title='bbox 288 2189 565 2232; x_wconf 86' lang='lat' dir='ltr'><strong>Chrysostomus.</strong></span> <span class='ocrx_word' id='word_1_280' title='bbox 594 2190 636 2223; x_wconf 87' lang='lat' dir='ltr'><strong>Et</strong></span> <span class='ocrx_word' id='word_1_281' title='bbox 658 2190 699 2223; x_wconf 91' lang='lat' dir='ltr'><strong>de</strong></span> <span class='ocrx_word' id='word_1_282' title='bbox 710 2190 852 2224; x_wconf 89' lang='lat' dir='ltr'><strong>Clinicis</strong></span> <span class='ocrx_word' id='word_1_283' title='bbox 870 2194 976 2226; x_wconf 84' lang='lat' dir='ltr'><strong>sanxit</strong></span> <span class='ocrx_word' id='word_1_284' title='bbox 991 2195 1096 2235; x_wconf 91' lang='lat' dir='ltr'><strong>Syno-</strong></span> 
     </span>
     <span class='ocr_line' id='line_1_42' title="bbox 207 2239 1097 2282; baseline -0.001 -7"><span class='ocrx_word' id='word_1_285' title='bbox 207 2239 268 2275; x_wconf 87' lang='lat' dir='ltr'><strong>dus</strong></span> <span class='ocrx_word' id='word_1_286' title='bbox 294 2240 520 2275; x_wconf 85' lang='lat' dir='ltr'><strong>Laodicensis:</strong></span> <span class='ocrx_word' id='word_1_287' title='bbox 551 2244 675 2280; x_wconf 81' lang='lat' dir='ltr'><strong>Oportet</strong></span> <span class='ocrx_word' id='word_1_288' title='bbox 696 2249 765 2279; x_wconf 86' lang='lat' dir='ltr'><strong>eos,</strong></span> <span class='ocrx_word' id='word_1_289' title='bbox 793 2246 844 2282; x_wconf 84' lang='lat' dir='ltr'><strong>qui</strong></span> <span class='ocrx_word' id='word_1_290' title='bbox 866 2246 898 2272; x_wconf 84' lang='lat' dir='ltr'><strong>in</strong></span> <span class='ocrx_word' id='word_1_291' title='bbox 921 2242 1019 2275; x_wconf 89' lang='lat' dir='ltr'><strong>morbo</strong></span> <span class='ocrx_word' id='word_1_292' title='bbox 1028 2244 1097 2274; x_wconf 87' lang='lat' dir='ltr'><strong>Ba-</strong></span> 
     </span>
     <span class='ocr_line' id='line_1_43' title="bbox 58 2288 1097 2339; baseline 0 -16"><span class='ocrx_word' id='word_1_293' title='bbox 58 2304 131 2334; x_wconf 61' lang='lat' dir='ltr'><strong>cw,</strong></span> <span class='ocrx_word' id='word_1_294' title='bbox 143 2313 190 2339; x_wconf 60' lang='lat'><strong>47,</strong></span> <span class='ocrx_word' id='word_1_295' title='bbox 204 2290 350 2334; x_wconf 83' lang='lat' dir='ltr'><strong>ptismum</strong></span> <span class='ocrx_word' id='word_1_296' title='bbox 370 2296 537 2331; x_wconf 87' lang='lat' dir='ltr'><strong>accipiunt,</strong></span> <span class='ocrx_word' id='word_1_297' title='bbox 563 2290 672 2322; x_wconf 73' lang='lat' dir='ltr'><strong>deinde</strong></span> <span class='ocrx_word' id='word_1_298' title='bbox 693 2288 871 2333; x_wconf 85' lang='lat' dir='ltr'><strong>resurgunt,</strong></span> <span class='ocrx_word' id='word_1_299' title='bbox 899 2293 1009 2325; x_wconf 86' lang='lat' dir='ltr'><strong>Fidem</strong></span> <span class='ocrx_word' id='word_1_300' title='bbox 1034 2293 1097 2325; x_wconf 87' lang='lat' dir='ltr'><strong>edi-</strong></span> 
     </span>
     <span class='ocr_line' id='line_1_44' title="bbox 170 2340 1098 2385; baseline -0.002 -11"><span class='ocrx_word' id='word_1_301' title='bbox 170 2358 181 2363; x_wconf 78' lang='lat'><em>·</em></span> <span class='ocrx_word' id='word_1_302' title='bbox 203 2346 285 2385; x_wconf 74' lang='lat' dir='ltr'><strong>[cere</strong></span> <span class='ocrx_word' id='word_1_303' title='bbox 306 2364 317 2380; x_wconf 93' lang='lat'>‚</span> <span class='ocrx_word' id='word_1_304' title='bbox 354 2341 388 2374; x_wconf 68' lang='grc' dir='ltr'><strong>ὀ·</strong></span> <span class='ocrx_word' id='word_1_305' title='bbox 411 2340 483 2381; x_wconf 85' lang='lat' dir='ltr'><strong>nosse</strong></span> <span class='ocrx_word' id='word_1_306' title='bbox 507 2342 586 2380; x_wconf 85' lang='lat' dir='ltr'><strong>quod</strong></span> <span class='ocrx_word' id='word_1_307' title='bbox 609 2344 724 2371; x_wconf 81' lang='lat' dir='ltr'><strong>Divino</strong></span> <span class='ocrx_word' id='word_1_308' title='bbox 752 2351 872 2372; x_wconf 85' lang='lat' dir='ltr'><strong>munere</strong></span> <span class='ocrx_word' id='word_1_309' title='bbox 890 2343 977 2383; x_wconf 80' lang='lat' dir='ltr'><strong>digni</strong></span> <span class='ocrx_word' id='word_1_310' title='bbox 1000 2340 1098 2372; x_wconf 79' lang='lat' dir='ltr'><strong>babiti</strong></span> 
     </span>
     <span class='ocr_line' id='line_1_45' title="bbox 204 2387 1096 2434; baseline -0.002 -10"><span class='ocrx_word' id='word_1_311' title='bbox 204 2390 296 2434; x_wconf 82' lang='lat' dir='ltr'><strong>sunt.</strong></span> <span class='ocrx_word' id='word_1_312' title='bbox 322 2390 510 2423; x_wconf 82' lang='lat' dir='ltr'><strong>Gentianus</strong></span> <span class='ocrx_word' id='word_1_313' title='bbox 528 2389 692 2420; x_wconf 88' lang='lat' dir='ltr'><strong>Hervetus</strong></span> <span class='ocrx_word' id='word_1_314' title='bbox 704 2387 887 2421; x_wconf 83' lang='lat' dir='ltr'><strong>transtulit:</strong></span> <span class='ocrx_word' id='word_1_315' title='bbox 916 2391 1009 2422; x_wconf 77' lang='lat' dir='ltr'><strong>Fidei</strong></span> <span class='ocrx_word' id='word_1_316' title='bbox 1019 2392 1096 2429; x_wconf 80' lang='lat' dir='ltr'><strong>sym-</strong></span> 
     </span>
     <span class='ocr_line' id='line_1_46' title="bbox 206 2436 1096 2483; baseline 0 -9"><span class='ocrx_word' id='word_1_317' title='bbox 206 2440 302 2474; x_wconf 79' lang='lat' dir='ltr'><strong>bolum</strong></span> <span class='ocrx_word' id='word_1_318' title='bbox 324 2440 515 2473; x_wconf 80' lang='lat' dir='ltr'><strong>edoceantur.</strong></span> <span class='ocrx_word' id='word_1_319' title='bbox 541 2436 695 2479; x_wconf 85' lang='lat' dir='ltr'><strong>Synodus</strong></span> <span class='ocrx_word' id='word_1_320' title='bbox 714 2437 856 2472; x_wconf 66' lang='lat' dir='ltr'><strong>omnin&amp;</strong></span> <span class='ocrx_word' id='word_1_321' title='bbox 879 2440 948 2483; x_wconf 86' lang='lat' dir='ltr'><strong>agit</strong></span> <span class='ocrx_word' id='word_1_322' title='bbox 970 2440 1011 2473; x_wconf 91' lang='lat' dir='ltr'><strong>de</strong></span> <span class='ocrx_word' id='word_1_323' title='bbox 1033 2441 1096 2474; x_wconf 90' lang='lat' dir='ltr'><strong>fru-</strong></span> 
     </span>
     <span class='ocr_line' id='line_1_47' title="bbox 204 2487 1094 2533; baseline -0.001 -8"><span class='ocrx_word' id='word_1_324' title='bbox 204 2490 321 2525; x_wconf 67' lang='lat' dir='ltr'><strong>stuoso</strong></span> <span class='ocrx_word' id='word_1_325' title='bbox 332 2487 530 2532; x_wconf 86' lang='lat' dir='ltr'><strong>Baptismate</strong></span> <span class='ocrx_word' id='word_1_326' title='bbox 544 2511 555 2527; x_wconf 89' lang='lat'>,</span> <span class='ocrx_word' id='word_1_327' title='bbox 580 2497 679 2531; x_wconf 88' lang='lat' dir='ltr'><strong>atque</strong></span> <span class='ocrx_word' id='word_1_328' title='bbox 696 2488 742 2523; x_wconf 85' lang='lat' dir='ltr'><strong>ita</strong></span> <span class='ocrx_word' id='word_1_329' title='bbox 764 2490 916 2532; x_wconf 86' lang='lat' dir='ltr'><strong>supponit</strong></span> <span class='ocrx_word' id='word_1_330' title='bbox 942 2491 1047 2533; x_wconf 89' lang='lat' dir='ltr'><strong>ipsum</strong></span> <span class='ocrx_word' id='word_1_331' title='bbox 1060 2490 1094 2524; x_wconf 86' lang='lat' dir='ltr'><strong>in</strong></span> 
     </span>
     <span class='ocr_line' id='line_1_48' title="bbox 200 2536 1093 2582; baseline -0.003 -7"><span class='ocrx_word' id='word_1_332' title='bbox 200 2540 270 2575; x_wconf 42' lang='lat' dir='ltr'><strong>&#39;isto</strong></span> <span class='ocrx_word' id='word_1_333' title='bbox 292 2540 367 2574; x_wconf 81' lang='lat' dir='ltr'><strong>casu</strong></span> <span class='ocrx_word' id='word_1_334' title='bbox 393 2538 482 2582; x_wconf 74' lang='lat' dir='ltr'><strong>posse</strong></span> <span class='ocrx_word' id='word_1_335' title='bbox 506 2536 650 2571; x_wconf 85' lang='lat' dir='ltr'><strong>obtineri</strong></span> <span class='ocrx_word' id='word_1_336' title='bbox 675 2539 742 2573; x_wconf 88' lang='lat' dir='ltr'><strong>fine</strong></span> <span class='ocrx_word' id='word_1_337' title='bbox 768 2539 921 2582; x_wconf 85' lang='lat' dir='ltr'><strong>Symboli</strong></span> <span class='ocrx_word' id='word_1_338' title='bbox 952 2541 1093 2574; x_wconf 89' lang='lat' dir='ltr'><strong>notitia.</strong></span> 
     </span>
     <span class='ocr_line' id='line_1_49' title="bbox 206 2589 1094 2628; baseline 0 -3"><span class='ocrx_word' id='word_1_339' title='bbox 206 2589 367 2625; x_wconf 76' lang='lat' dir='ltr'><strong>Praeterea</strong></span> <span class='ocrx_word' id='word_1_340' title='bbox 382 2612 393 2628; x_wconf 86' lang='lat'>‚</span> <span class='ocrx_word' id='word_1_341' title='bbox 422 2589 610 2622; x_wconf 83' lang='lat' dir='ltr'><strong>naturaliter</strong></span> <span class='ocrx_word' id='word_1_342' title='bbox 631 2599 742 2623; x_wconf 89' lang='lat' dir='ltr'><strong>mutos</strong></span> <span class='ocrx_word' id='word_1_343' title='bbox 770 2590 804 2623; x_wconf 87' lang='lat'>&amp;</span> <span class='ocrx_word' id='word_1_344' title='bbox 819 2591 932 2624; x_wconf 86' lang='lat' dir='ltr'><strong>surdos</strong></span> <span class='ocrx_word' id='word_1_345' title='bbox 953 2591 1094 2626; x_wconf 73' lang='lat' dir='ltr'><strong>Ecclesia</strong></span> 
     </span>
     <span class='ocr_line' id='line_1_50' title="bbox 207 2638 1095 2686; baseline 0.002 -13"><span class='ocrx_word' id='word_1_346' title='bbox 207 2641 331 2682; x_wconf 81' lang='lat' dir='ltr'><strong>semper</strong></span> <span class='ocrx_word' id='word_1_347' title='bbox 353 2638 549 2680; x_wconf 86' lang='lat' dir='ltr'><strong>baptizavit:</strong></span> <span class='ocrx_word' id='word_1_348' title='bbox 575 2639 933 2675; x_wconf 71' lang='lat' dir='ltr'><strong>&amp;crediditfructuose</strong></span> <span class='ocrx_word' id='word_1_349' title='bbox 956 2641 1095 2686; x_wconf 84' lang='lat' dir='ltr'><strong>baptiza-</strong></span> 
     </span>
     <span class='ocr_line' id='line_1_51' title="bbox 208 2688 1094 2732; baseline 0.002 -9"><span class='ocrx_word' id='word_1_350' title='bbox 208 2690 252 2723; x_wconf 84' lang='lat' dir='ltr'><strong>ri.</strong></span> <span class='ocrx_word' id='word_1_351' title='bbox 282 2688 415 2722; x_wconf 84' lang='lat' dir='ltr'><strong>Eisdem</strong></span> <span class='ocrx_word' id='word_1_352' title='bbox 426 2688 515 2722; x_wconf 89' lang='lat' dir='ltr'><strong>enim</strong></span> <span class='ocrx_word' id='word_1_353' title='bbox 531 2688 674 2731; x_wconf 85' lang='lat' dir='ltr'><strong>impartit</strong></span> <span class='ocrx_word' id='word_1_354' title='bbox 689 2690 1006 2732; x_wconf 84' lang='lat' dir='ltr'><strong>Confirmationem,</strong></span> <span class='ocrx_word' id='word_1_355' title='bbox 1031 2692 1094 2725; x_wconf 88' lang='lat' dir='ltr'><strong>Eu·</strong></span> 
     </span>
     <span class='ocr_line' id='line_1_52' title="bbox 207 2738 1096 2779; baseline 0.001 -5"><span class='ocrx_word' id='word_1_356' title='bbox 207 2739 416 2778; x_wconf 82' lang='lat' dir='ltr'><strong>charistiam,</strong></span> <span class='ocrx_word' id='word_1_357' title='bbox 442 2738 701 2779; x_wconf 88' lang='lat' dir='ltr'><strong>Poenitentiam,</strong></span> <span class='ocrx_word' id='word_1_358' title='bbox 727 2740 915 2775; x_wconf 83' lang='lat' dir='ltr'><strong>Extremam</strong></span> <span class='ocrx_word' id='word_1_359' title='bbox 943 2742 1096 2776; x_wconf 58' lang='lat' dir='ltr'><strong>Unctio-</strong></span> 
     </span>
     <span class='ocr_line' id='line_1_53' title="bbox 209 2788 1095 2833; baseline 0.002 -9"><span class='ocrx_word' id='word_1_360' title='bbox 209 2800 285 2824; x_wconf 89' lang='lat' dir='ltr'><strong>nem</strong></span> <span class='ocrx_word' id='word_1_361' title='bbox 308 2813 319 2830; x_wconf 90' lang='lat'><strong>,</strong></span> <span class='ocrx_word' id='word_1_362' title='bbox 346 2800 384 2823; x_wconf 84' lang='lat' dir='ltr'><strong>ac</strong></span> <span class='ocrx_word' id='word_1_363' title='bbox 405 2788 662 2824; x_wconf 87' lang='lat' dir='ltr'><strong>Ecclefiasticam</strong></span> <span class='ocrx_word' id='word_1_364' title='bbox 685 2791 880 2833; x_wconf 81' lang='lat' dir='ltr'><strong>sepulturam</strong></span> <span class='ocrx_word' id='word_1_365' title='bbox 905 2817 911 2823; x_wconf 92' lang='lat'><em>.</em></span> <span class='ocrx_word' id='word_1_366' title='bbox 940 2792 987 2824; x_wconf 87' lang='lat' dir='ltr'><strong>At</strong></span> <span class='ocrx_word' id='word_1_367' title='bbox 1014 2792 1095 2826; x_wconf 72' lang='lat' dir='ltr'><strong>vero</strong></span> 
     </span>
    </p>

    <p class='ocr_par' dir='ltr' id='par_1_8' title="bbox 209 2839 1023 2884">
     <span class='ocr_line' id='line_1_54' title="bbox 209 2839 1023 2884; baseline 0.001 -10"><span class='ocrx_word' id='word_1_368' title='bbox 209 2840 263 2874; x_wconf 85' lang='lat' dir='ltr'><strong>isti</strong></span> <span class='ocrx_word' id='word_1_369' title='bbox 276 2850 347 2874; x_wconf 89' lang='lat' dir='ltr'><strong>non</strong></span> <span class='ocrx_word' id='word_1_370' title='bbox 361 2839 489 2882; x_wconf 75' lang='lat' dir='ltr'><strong>possunt</strong></span> <span class='ocrx_word' id='word_1_371' title='bbox 501 2840 590 2873; x_wconf 82' lang='lat' dir='ltr'><strong>nosse</strong></span> <span class='ocrx_word' id='word_1_372' title='bbox 611 2849 667 2874; x_wconf 87' lang='lat' dir='ltr'><strong>aut</strong></span> <span class='ocrx_word' id='word_1_373' title='bbox 679 2840 789 2875; x_wconf 89' lang='lat' dir='ltr'><strong>doceri</strong></span> <span class='ocrx_word' id='word_1_374' title='bbox 804 2841 1002 2884; x_wconf 88' lang='lat' dir='ltr'><strong>Symbolum</strong></span> <span class='ocrx_word' id='word_1_375' title='bbox 1015 2866 1023 2875; x_wconf 86' lang='lat'>.</span> 
     </span>
    </p>

    <p class='ocr_par' dir='ltr' id='par_1_9' title="bbox 207 2889 1096 3130">
     <span class='ocr_line' id='line_1_55' title="bbox 262 2889 1096 2933; baseline 0.002 -9"><span class='ocrx_word' id='word_1_376' title='bbox 262 2889 319 2924; x_wconf 78' lang='lat' dir='ltr'><strong>Ad</strong></span> <span class='ocrx_word' id='word_1_377' title='bbox 330 2889 473 2933; x_wconf 82' lang='lat' dir='ltr'><strong>primum</strong></span> <span class='ocrx_word' id='word_1_378' title='bbox 483 2890 691 2931; x_wconf 85' lang='lat' dir='ltr'><strong>responsurus</strong></span> <span class='ocrx_word' id='word_1_379' title='bbox 713 2891 748 2925; x_wconf 91' lang='lat' dir='ltr'><strong>in</strong></span> <span class='ocrx_word' id='word_1_380' title='bbox 763 2891 896 2926; x_wconf 80' lang='lat' dir='ltr'><strong>laudato</strong></span> <span class='ocrx_word' id='word_1_381' title='bbox 924 2891 1008 2925; x_wconf 91' lang='lat' dir='ltr'><strong>libro</strong></span> <span class='ocrx_word' id='word_1_382' title='bbox 1020 2892 1096 2926; x_wconf 83' lang='lat' dir='ltr'><strong>San·</strong></span> 
     </span>
     <span class='ocr_line' id='line_1_56' title="bbox 209 2937 1094 2987; baseline 0.003 -13"><span class='ocrx_word' id='word_1_383' title='bbox 209 2942 281 2976; x_wconf 69' lang='lat' dir='ltr'><strong>&amp;us</strong></span> <span class='ocrx_word' id='word_1_384' title='bbox 309 2937 518 2984; x_wconf 83' lang='lat' dir='ltr'><strong>Augustinus</strong></span> <span class='ocrx_word' id='word_1_385' title='bbox 540 2941 706 2981; x_wconf 68' lang='lat' dir='ltr'><strong>praemittit</strong></span> <span class='ocrx_word' id='word_1_386' title='bbox 728 2941 828 2976; x_wconf 84' lang='lat' dir='ltr'><strong>etiam</strong></span> <span class='ocrx_word' id='word_1_387' title='bbox 851 2942 957 2977; x_wconf 84' lang='lat' dir='ltr'><strong>varios</strong></span> <span class='ocrx_word' id='word_1_388' title='bbox 977 2965 988 2981; x_wconf 93' lang='lat'>‚</span> <span class='ocrx_word' id='word_1_389' title='bbox 1013 2953 1094 2987; x_wconf 86' lang='lat' dir='ltr'><strong>quos</strong></span> 
     </span>
     <span class='ocr_line' id='line_1_57' title="bbox 207 2989 1093 3034; baseline 0.002 -9"><span class='ocrx_word' id='word_1_390' title='bbox 207 2989 368 3034; x_wconf 72' lang='lat' dir='ltr'><strong>Apostoli</strong></span> <span class='ocrx_word' id='word_1_391' title='bbox 381 2989 523 3023; x_wconf 78' lang='lat' dir='ltr'><strong>omnino</strong></span> <span class='ocrx_word' id='word_1_392' title='bbox 536 2989 708 3025; x_wconf 84' lang='lat' dir='ltr'><strong>servandos</strong></span> <span class='ocrx_word' id='word_1_393' title='bbox 722 2991 898 3027; x_wconf 84' lang='lat' dir='ltr'><strong>sanxerunt</strong></span> <span class='ocrx_word' id='word_1_394' title='bbox 908 3017 918 3033; x_wconf 89' lang='lat'>‚</span> <span class='ocrx_word' id='word_1_395' title='bbox 945 2992 1093 3034; x_wconf 82' lang='lat' dir='ltr'><strong>adeoque</strong></span> 
     </span>
     <span class='ocr_line' id='line_1_58' title="bbox 210 3038 1093 3083; baseline 0.002 -9"><span class='ocrx_word' id='word_1_396' title='bbox 210 3041 247 3075; x_wconf 76' lang='grc' dir='ltr'><strong>δε</strong></span> <span class='ocrx_word' id='word_1_397' title='bbox 264 3041 282 3075; x_wconf 68' lang='grc' dir='ltr'>ὲ</span> <span class='ocrx_word' id='word_1_398' title='bbox 295 3038 453 3083; x_wconf 88' lang='lat' dir='ltr'><strong>Philippo</strong></span> <span class='ocrx_word' id='word_1_399' title='bbox 466 3039 621 3073; x_wconf 84' lang='lat' dir='ltr'><strong>Diacono</strong></span> <span class='ocrx_word' id='word_1_400' title='bbox 632 3040 724 3074; x_wconf 85' lang='lat' dir='ltr'><strong>fuiffe</strong></span> <span class='ocrx_word' id='word_1_401' title='bbox 733 3041 873 3076; x_wconf 89' lang='lat' dir='ltr'><strong>servatos</strong></span> <span class='ocrx_word' id='word_1_402' title='bbox 897 3054 964 3076; x_wconf 91' lang='lat' dir='ltr'><strong>non</strong></span> <span class='ocrx_word' id='word_1_403' title='bbox 978 3043 1023 3076; x_wconf 88' lang='lat' dir='ltr'><strong>est</strong></span> <span class='ocrx_word' id='word_1_404' title='bbox 1036 3043 1093 3076; x_wconf 89' lang='lat' dir='ltr'><strong>du—</strong></span> 
     </span>
     <span class='ocr_line' id='line_1_59' title="bbox 209 3088 1092 3130; baseline 0.003 -6"><span class='ocrx_word' id='word_1_405' title='bbox 209 3090 386 3125; x_wconf 71' lang='lat' dir='ltr'><strong>bitandum</strong></span> <span class='ocrx_word' id='word_1_406' title='bbox 396 3110 412 3130; x_wconf 61' lang='lat'><strong>,&gt;</strong></span> <span class='ocrx_word' id='word_1_407' title='bbox 434 3088 516 3123; x_wconf 87' lang='lat' dir='ltr'><strong>ritus</strong></span> <span class='ocrx_word' id='word_1_408' title='bbox 536 3101 604 3123; x_wconf 90' lang='lat' dir='ltr'><strong>non</strong></span> <span class='ocrx_word' id='word_1_409' title='bbox 627 3091 690 3123; x_wconf 84' lang='lat' dir='ltr'><strong>effe</strong></span> <span class='ocrx_word' id='word_1_410' title='bbox 712 3102 911 3127; x_wconf 87' lang='lat' dir='ltr'><strong>memoratos</strong></span> <span class='ocrx_word' id='word_1_411' title='bbox 933 3092 951 3125; x_wconf 74' lang='grc' dir='ltr'><strong>ὲ.</strong></span> <span class='ocrx_word' id='word_1_412' title='bbox 974 3093 1092 3127; x_wconf 65' lang='lat' dir='ltr'><strong>Sandto</strong></span> 
     </span>
    </p>

    <p class='ocr_par' dir='ltr' id='par_1_10' title="bbox 80 3137 1092 3387">
     <span class='ocr_line' id='line_1_60' title="bbox 80 3137 1091 3196; baseline 0.001 -22"><span class='ocrx_word' id='word_1_413' title='bbox 80 3159 154 3196; x_wconf 53' lang='lat' dir='ltr'><strong>Cap,</strong></span> <span class='ocrx_word' id='word_1_414' title='bbox 170 3166 197 3194; x_wconf 49' lang='lat'><strong>9·</strong></span> <span class='ocrx_word' id='word_1_415' title='bbox 211 3139 305 3174; x_wconf 84' lang='lat' dir='ltr'><strong>Luca</strong></span> <span class='ocrx_word' id='word_1_416' title='bbox 318 3166 331 3182; x_wconf 92' lang='lat'>,</span> <span class='ocrx_word' id='word_1_417' title='bbox 355 3150 453 3183; x_wconf 90' lang='lat' dir='ltr'><strong>atque</strong></span> <span class='ocrx_word' id='word_1_418' title='bbox 463 3137 630 3184; x_wconf 84' lang='lat' dir='ltr'><strong>adjungit:</strong></span> <span class='ocrx_word' id='word_1_419' title='bbox 659 3142 800 3174; x_wconf 74' lang='lat' dir='ltr'><strong>sianum</strong></span> <span class='ocrx_word' id='word_1_420' title='bbox 810 3144 964 3185; x_wconf 74' lang='lat' dir='ltr'><strong>Scriptura</strong></span> <span class='ocrx_word' id='word_1_421' title='bbox 976 3149 1091 3184; x_wconf 86' lang='lat' dir='ltr'><strong>tacuit,</strong></span> 
     </span>
     <span class='ocr_line' id='line_1_61' title="bbox 213 3189 1091 3235; baseline 0.003 -12"><span class='ocrx_word' id='word_1_422' title='bbox 213 3200 303 3233; x_wconf 84' lang='lat' dir='ltr'><strong>atque</strong></span> <span class='ocrx_word' id='word_1_423' title='bbox 315 3191 510 3234; x_wconf 82' lang='lat' dir='ltr'><strong>intelligenda</strong></span> <span class='ocrx_word' id='word_1_424' title='bbox 520 3189 635 3232; x_wconf 78' lang='lat' dir='ltr'><strong>admisit</strong></span> <span class='ocrx_word' id='word_1_425' title='bbox 646 3200 754 3223; x_wconf 84' lang='lat' dir='ltr'><strong>caetera</strong></span> <span class='ocrx_word' id='word_1_426' title='bbox 764 3215 775 3231; x_wconf 90' lang='lat'>,</span> <span class='ocrx_word' id='word_1_427' title='bbox 804 3203 872 3234; x_wconf 62' lang='lat' dir='ltr'><strong>quae</strong></span> <span class='ocrx_word' id='word_1_428' title='bbox 883 3204 949 3226; x_wconf 84' lang='lat' dir='ltr'><strong>cum</strong></span> <span class='ocrx_word' id='word_1_429' title='bbox 961 3194 1009 3226; x_wconf 85' lang='lat' dir='ltr'><strong>illo</strong></span> <span class='ocrx_word' id='word_1_430' title='bbox 1020 3196 1040 3226; x_wconf 86' lang='lat'><em>5</em></span> <span class='ocrx_word' id='word_1_431' title='bbox 1036 3201 1091 3235; x_wconf 85' lang='lat' dir='ltr'><strong>pa·</strong></span> 
     </span>
     <span class='ocr_line' id='line_1_62' title="bbox 211 3240 1092 3286; baseline 0.003 -12"><span class='ocrx_word' id='word_1_432' title='bbox 211 3242 288 3275; x_wconf 83' lang='lat' dir='ltr'><strong>done</strong></span> <span class='ocrx_word' id='word_1_433' title='bbox 306 3241 492 3283; x_wconf 83' lang='lat' dir='ltr'><strong>baptizando</strong></span> <span class='ocrx_word' id='word_1_434' title='bbox 505 3240 668 3282; x_wconf 76' lang='lat' dir='ltr'><strong>Philippus</strong></span> <span class='ocrx_word' id='word_1_435' title='bbox 690 3246 771 3283; x_wconf 81' lang='lat' dir='ltr'><strong>egit,</strong></span> <span class='ocrx_word' id='word_1_436' title='bbox 797 3250 888 3284; x_wconf 85' lang='lat' dir='ltr'><strong>atque</strong></span> <span class='ocrx_word' id='word_1_437' title='bbox 910 3253 943 3276; x_wconf 80' lang='lat' dir='ltr'><strong>tn</strong></span> <span class='ocrx_word' id='word_1_438' title='bbox 963 3254 995 3276; x_wconf 85' lang='lat' dir='ltr'><strong>co</strong></span> <span class='ocrx_word' id='word_1_439' title='bbox 1016 3245 1092 3286; x_wconf 86' lang='lat' dir='ltr'><strong>quod</strong></span> 
     </span>
     <span class='ocr_line' id='line_1_63' title="bbox 213 3289 1090 3336; baseline 0.006 -13"><span class='ocrx_word' id='word_1_440' title='bbox 213 3294 282 3331; x_wconf 68' lang='lat' dir='ltr'><strong>nit,</strong></span> <span class='ocrx_word' id='word_1_441' title='bbox 306 3290 491 3334; x_wconf 86' lang='lat' dir='ltr'><strong>Baptizavit</strong></span> <span class='ocrx_word' id='word_1_442' title='bbox 517 3302 592 3324; x_wconf 91' lang='lat' dir='ltr'><strong>eum</strong></span> <span class='ocrx_word' id='word_1_443' title='bbox 614 3289 788 3334; x_wconf 87' lang='lat' dir='ltr'><strong>Philippus</strong></span> <span class='ocrx_word' id='word_1_444' title='bbox 809 3316 820 3333; x_wconf 95' lang='lat'>,</span> <span class='ocrx_word' id='word_1_445' title='bbox 846 3294 974 3336; x_wconf 75' lang='lat' dir='ltr'><strong>intelligi</strong></span> <span class='ocrx_word' id='word_1_446' title='bbox 998 3295 1090 3328; x_wconf 86' lang='lat' dir='ltr'><strong>voluit</strong></span> 
     </span>
     <span class='ocr_line' id='line_1_64' title="bbox 215 3340 1088 3387; baseline 0.007 -14"><span class='ocrx_word' id='word_1_447' title='bbox 215 3340 338 3382; x_wconf 77' lang='lat' dir='ltr'><strong>impleta</strong></span> <span class='ocrx_word' id='word_1_448' title='bbox 357 3345 455 3372; x_wconf 83' lang='lat' dir='ltr'><strong>omnia</strong></span> <span class='ocrx_word' id='word_1_449' title='bbox 478 3365 489 3381; x_wconf 91' lang='lat'>,</span> <span class='ocrx_word' id='word_1_450' title='bbox 515 3352 582 3383; x_wconf 82' lang='lat' dir='ltr'><strong>quae</strong></span> <span class='ocrx_word' id='word_1_451' title='bbox 609 3342 675 3374; x_wconf 76' lang='lat' dir='ltr'><strong>licet</strong></span> <span class='ocrx_word' id='word_1_452' title='bbox 696 3350 852 3376; x_wconf 82' lang='lat' dir='ltr'><strong>taceantur</strong></span> <span class='ocrx_word' id='word_1_453' title='bbox 877 3348 911 3376; x_wconf 86' lang='lat' dir='ltr'><strong>in</strong></span> <span class='ocrx_word' id='word_1_454' title='bbox 931 3345 1088 3387; x_wconf 72' lang='lat' dir='ltr'><strong>scripturis</strong></span> 
     </span>
    </p>

    <p class='ocr_par' dir='ltr' id='par_1_11' title="bbox 314 3390 766 3434">
     <span class='ocr_line' id='line_1_65' title="bbox 314 3390 766 3434; baseline 0.004 -12"><span class='ocrx_word' id='word_1_455' title='bbox 314 3390 397 3430; x_wconf 82' lang='lat' dir='ltr'><strong>Crist.</strong></span> <span class='ocrx_word' id='word_1_456' title='bbox 411 3393 488 3434; x_wconf 86' lang='lat' dir='ltr'><strong>Lupi</strong></span> <span class='ocrx_word' id='word_1_457' title='bbox 502 3395 600 3434; x_wconf 79' lang='lat' dir='ltr'><strong>opera</strong></span> <span class='ocrx_word' id='word_1_458' title='bbox 610 3394 688 3426; x_wconf 86' lang='lat' dir='ltr'><strong>Tom.</strong></span> <span class='ocrx_word' id='word_1_459' title='bbox 707 3393 766 3424; x_wconf 85' lang='lat' dir='ltr'><strong>IX.</strong></span> 
     </span>
    </p>
   </div>
   <div class='ocr_carea' id='block_1_3' title="bbox 1164 152 1996 215">
    <p class='ocr_par' dir='ltr' id='par_1_12' title="bbox 1164 152 1996 215">
     <span class='ocr_line' id='line_1_66' title="bbox 1164 152 1996 215; baseline 0.006 -18"><span class='ocrx_word' id='word_1_460' title='bbox 1164 170 1179 198; x_wconf 93' lang='lat'>1</span> <span class='ocrx_word' id='word_1_461' title='bbox 1251 168 1270 198; x_wconf 86' lang='lat' dir='ltr'><strong>s</strong></span> <span class='ocrx_word' id='word_1_462' title='bbox 1382 152 1572 196; x_wconf 90' lang='lat' dir='ltr'>XIV.</span> <span class='ocrx_word' id='word_1_463' title='bbox 1871 167 1996 215; x_wconf 76' lang='lat'><em>157,</em></span> 
     </span>
    </p>
   </div>
   <div class='ocr_carea' id='block_1_4' title="bbox 1148 234 2183 3332">
    <p class='ocr_par' dir='ltr' id='par_1_13' title="bbox 1148 234 2047 1432">
     <span class='ocr_line' id='line_1_67' title="bbox 1148 234 2033 281; baseline 0.005 -11"><span class='ocrx_word' id='word_1_464' title='bbox 1148 241 1251 281; x_wconf 83' lang='lat' dir='ltr'><strong>gratia</strong></span> <span class='ocrx_word' id='word_1_465' title='bbox 1263 235 1424 270; x_wconf 82' lang='lat' dir='ltr'><strong>brevitatis</strong></span> <span class='ocrx_word' id='word_1_466' title='bbox 1436 259 1448 276; x_wconf 90' lang='lat'>‚</span> <span class='ocrx_word' id='word_1_467' title='bbox 1474 244 1576 269; x_wconf 87' lang='lat' dir='ltr'><strong>tamen</strong></span> <span class='ocrx_word' id='word_1_468' title='bbox 1584 234 1660 278; x_wconf 86' lang='lat' dir='ltr'><strong>serie</strong></span> <span class='ocrx_word' id='word_1_469' title='bbox 1671 238 1842 274; x_wconf 77' lang='lat' dir='ltr'><strong>traditionis</strong></span> <span class='ocrx_word' id='word_1_470' title='bbox 1859 239 1968 281; x_wconf 73' lang='lat' dir='ltr'><strong>scimus</strong></span> <span class='ocrx_word' id='word_1_471' title='bbox 1978 245 2033 274; x_wconf 87' lang='lat' dir='ltr'><strong>im-</strong></span> 
     </span>
     <span class='ocr_line' id='line_1_68' title="bbox 1149 287 2033 331; baseline 0.006 -12"><span class='ocrx_word' id='word_1_472' title='bbox 1149 287 1284 329; x_wconf 81' lang='lat' dir='ltr'><strong>plenda3</strong></span> <span class='ocrx_word' id='word_1_473' title='bbox 1307 292 1379 328; x_wconf 84' lang='lat' dir='ltr'><strong>pari</strong></span> <span class='ocrx_word' id='word_1_474' title='bbox 1402 287 1487 319; x_wconf 76' lang='lat' dir='ltr'><strong>modo</strong></span> <span class='ocrx_word' id='word_1_475' title='bbox 1506 292 1600 319; x_wconf 83' lang='lat' dir='ltr'><strong>etiam</strong></span> <span class='ocrx_word' id='word_1_476' title='bbox 1620 291 1653 319; x_wconf 92' lang='lat' dir='ltr'><strong>in</strong></span> <span class='ocrx_word' id='word_1_477' title='bbox 1672 298 1722 327; x_wconf 86' lang='lat' dir='ltr'><strong>eo,</strong></span> <span class='ocrx_word' id='word_1_478' title='bbox 1750 291 1829 327; x_wconf 84' lang='lat' dir='ltr'><strong>quod</strong></span> <span class='ocrx_word' id='word_1_479' title='bbox 1843 289 1983 331; x_wconf 84' lang='lat' dir='ltr'><strong>scriptum</strong></span> <span class='ocrx_word' id='word_1_480' title='bbox 1993 290 2033 330; x_wconf 75' lang='lat' dir='ltr'><strong>est</strong></span> 
     </span>
     <span class='ocr_line' id='line_1_69' title="bbox 1155 336 2033 380; baseline 0.001 -10"><span class='ocrx_word' id='word_1_481' title='bbox 1155 336 1327 378; x_wconf 80' lang='lat' dir='ltr'><strong>Philippum</strong></span> <span class='ocrx_word' id='word_1_482' title='bbox 1347 338 1560 380; x_wconf 82' lang='lat' dir='ltr'><strong>evangelizasse</strong></span> <span class='ocrx_word' id='word_1_483' title='bbox 1579 338 1712 378; x_wconf 76' lang='lat' dir='ltr'><strong>spadoni</strong></span> <span class='ocrx_word' id='word_1_484' title='bbox 1734 339 1893 369; x_wconf 85' lang='lat' dir='ltr'><strong>Dominum</strong></span> <span class='ocrx_word' id='word_1_485' title='bbox 1915 363 1925 378; x_wconf 90' lang='lat'>,</span> <span class='ocrx_word' id='word_1_486' title='bbox 1952 343 2033 373; x_wconf 81' lang='lat' dir='ltr'><strong>nullo</strong></span> 
     </span>
     <span class='ocr_line' id='line_1_70' title="bbox 1153 386 2032 429; baseline 0.002 -9"><span class='ocrx_word' id='word_1_487' title='bbox 1153 389 1239 421; x_wconf 88' lang='lat' dir='ltr'><strong>modo</strong></span> <span class='ocrx_word' id='word_1_488' title='bbox 1258 386 1460 420; x_wconf 84' lang='lat' dir='ltr'><strong>dubitandum</strong></span> <span class='ocrx_word' id='word_1_489' title='bbox 1480 387 1519 426; x_wconf 83' lang='lat' dir='ltr'><strong>est</strong></span> <span class='ocrx_word' id='word_1_490' title='bbox 1531 411 1542 427; x_wconf 95' lang='lat'>,</span> <span class='ocrx_word' id='word_1_491' title='bbox 1567 388 1602 420; x_wconf 70' lang='lat' dir='ltr'><strong>(tr</strong></span> <span class='ocrx_word' id='word_1_492' title='bbox 1615 388 1669 421; x_wconf 88' lang='lat' dir='ltr'><strong>illa</strong></span> <span class='ocrx_word' id='word_1_493' title='bbox 1690 392 1724 418; x_wconf 85' lang='lat' dir='ltr'><strong>in</strong></span> <span class='ocrx_word' id='word_1_494' title='bbox 1744 386 1928 429; x_wconf 87' lang='lat' dir='ltr'><strong>Catechismo</strong></span> <span class='ocrx_word' id='word_1_495' title='bbox 1950 390 2032 422; x_wconf 62' lang='lat' dir='ltr'><strong>dicta</strong></span> 
     </span>
     <span class='ocr_line' id='line_1_71' title="bbox 1152 436 2033 480; baseline 0 -10"><span class='ocrx_word' id='word_1_496' title='bbox 1152 438 1204 480; x_wconf 82' lang='lat' dir='ltr'><strong>esse</strong></span> <span class='ocrx_word' id='word_1_497' title='bbox 1224 460 1236 476; x_wconf 91' lang='lat'>,</span> <span class='ocrx_word' id='word_1_498' title='bbox 1260 449 1328 479; x_wconf 83' lang='lat' dir='ltr'><strong>quae</strong></span> <span class='ocrx_word' id='word_1_499' title='bbox 1348 438 1394 470; x_wconf 87' lang='lat' dir='ltr'><strong>ad</strong></span> <span class='ocrx_word' id='word_1_500' title='bbox 1415 443 1516 471; x_wconf 83' lang='lat' dir='ltr'><strong>vitam</strong></span> <span class='ocrx_word' id='word_1_501' title='bbox 1542 436 1687 480; x_wconf 86' lang='lat' dir='ltr'><strong>moresque</strong></span> <span class='ocrx_word' id='word_1_502' title='bbox 1706 443 1857 479; x_wconf 82' lang='lat' dir='ltr'><strong>pertinent</strong></span> <span class='ocrx_word' id='word_1_503' title='bbox 1878 461 1885 467; x_wconf 94' lang='lat'><strong>.</strong></span> <span class='ocrx_word' id='word_1_504' title='bbox 1915 442 1975 470; x_wconf 86' lang='lat' dir='ltr'><strong>Hoc</strong></span> <span class='ocrx_word' id='word_1_505' title='bbox 1997 438 2033 475; x_wconf 73' lang='lat' dir='ltr'><strong>esi</strong></span> 
     </span>
     <span class='ocr_line' id='line_1_72' title="bbox 1153 487 2035 530; baseline -0.001 -9"><span class='ocrx_word' id='word_1_506' title='bbox 1153 494 1231 521; x_wconf 88' lang='lat' dir='ltr'><strong>enim</strong></span> <span class='ocrx_word' id='word_1_507' title='bbox 1250 488 1460 530; x_wconf 84' lang='lat' dir='ltr'><strong>evangelizare</strong></span> <span class='ocrx_word' id='word_1_508' title='bbox 1484 487 1633 527; x_wconf 85' lang='lat' dir='ltr'><strong>Christum</strong></span> <span class='ocrx_word' id='word_1_509' title='bbox 1657 502 1668 521; x_wconf 90' lang='lat'><em>:</em></span> <span class='ocrx_word' id='word_1_510' title='bbox 1697 493 1770 521; x_wconf 88' lang='lat' dir='ltr'><strong>Non</strong></span> <span class='ocrx_word' id='word_1_511' title='bbox 1791 487 1910 519; x_wconf 78' lang='lat' dir='ltr'><strong>tantum</strong></span> <span class='ocrx_word' id='word_1_512' title='bbox 1935 489 2035 520; x_wconf 82' lang='lat' dir='ltr'><strong>dicere</strong></span> 
     </span>
     <span class='ocr_line' id='line_1_73' title="bbox 1155 536 2036 581; baseline 0 -11"><span class='ocrx_word' id='word_1_513' title='bbox 1155 536 1300 580; x_wconf 87' lang='lat' dir='ltr'><strong>quaesunt</strong></span> <span class='ocrx_word' id='word_1_514' title='bbox 1322 538 1468 571; x_wconf 85' lang='lat' dir='ltr'><strong>credenda</strong></span> <span class='ocrx_word' id='word_1_515' title='bbox 1486 539 1523 571; x_wconf 89' lang='lat' dir='ltr'><strong>de</strong></span> <span class='ocrx_word' id='word_1_516' title='bbox 1537 537 1651 578; x_wconf 83' lang='lat' dir='ltr'><strong>Christo</strong></span> <span class='ocrx_word' id='word_1_517' title='bbox 1666 562 1676 578; x_wconf 90' lang='lat'>‚</span> <span class='ocrx_word' id='word_1_518' title='bbox 1699 537 1754 581; x_wconf 77' lang='lat' dir='ltr'><strong>sed</strong></span> <span class='ocrx_word' id='word_1_519' title='bbox 1762 544 1852 571; x_wconf 78' lang='lat' dir='ltr'><strong>ettam</strong></span> <span class='ocrx_word' id='word_1_520' title='bbox 1863 548 1930 579; x_wconf 81' lang='lat' dir='ltr'><strong>quae</strong></span> <span class='ocrx_word' id='word_1_521' title='bbox 1944 537 2036 579; x_wconf 80' lang='lat' dir='ltr'><strong>obser-</strong></span> 
     </span>
     <span class='ocr_line' id='line_1_74' title="bbox 1155 587 2036 632; baseline -0.001 -12"><span class='ocrx_word' id='word_1_522' title='bbox 1155 591 1260 621; x_wconf 78' lang='lat' dir='ltr'><strong>vanda</strong></span> <span class='ocrx_word' id='word_1_523' title='bbox 1271 593 1298 621; x_wconf 87' lang='lat' dir='ltr'><strong>ei</strong></span> <span class='ocrx_word' id='word_1_524' title='bbox 1309 613 1320 627; x_wconf 94' lang='lat'><strong><em>‚</em></strong></span> <span class='ocrx_word' id='word_1_525' title='bbox 1345 594 1395 630; x_wconf 89' lang='lat' dir='ltr'><strong>qui</strong></span> <span class='ocrx_word' id='word_1_526' title='bbox 1418 589 1531 621; x_wconf 83' lang='lat' dir='ltr'><strong>accedit</strong></span> <span class='ocrx_word' id='word_1_527' title='bbox 1555 590 1600 621; x_wconf 84' lang='lat' dir='ltr'><strong>ad</strong></span> <span class='ocrx_word' id='word_1_528' title='bbox 1617 597 1784 632; x_wconf 85' lang='lat' dir='ltr'><strong>compagem</strong></span> <span class='ocrx_word' id='word_1_529' title='bbox 1796 593 1935 629; x_wconf 83' lang='lat' dir='ltr'><strong>Corporis</strong></span> <span class='ocrx_word' id='word_1_530' title='bbox 1947 587 2036 619; x_wconf 89' lang='lat' dir='ltr'><strong>Chri-</strong></span> 
     </span>
     <span class='ocr_line' id='line_1_75' title="bbox 1150 637 2036 681; baseline 0 -11"><span class='ocrx_word' id='word_1_531' title='bbox 1150 638 1201 676; x_wconf 83' lang='lat' dir='ltr'><strong>sti.</strong></span> <span class='ocrx_word' id='word_1_532' title='bbox 1231 641 1292 671; x_wconf 73' lang='lat' dir='ltr'><strong>Imo</strong></span> <span class='ocrx_word' id='word_1_533' title='bbox 1304 641 1375 671; x_wconf 78' lang='lat' dir='ltr'><strong>vero</strong></span> <span class='ocrx_word' id='word_1_534' title='bbox 1386 639 1491 672; x_wconf 61' lang='lat' dir='ltr'><strong>cunila</strong></span> <span class='ocrx_word' id='word_1_535' title='bbox 1511 639 1625 678; x_wconf 83' lang='lat' dir='ltr'><strong>dicere,</strong></span> <span class='ocrx_word' id='word_1_536' title='bbox 1654 651 1722 680; x_wconf 82' lang='lat' dir='ltr'><strong>quae</strong></span> <span class='ocrx_word' id='word_1_537' title='bbox 1739 637 1812 681; x_wconf 88' lang='lat' dir='ltr'><strong>sunt</strong></span> <span class='ocrx_word' id='word_1_538' title='bbox 1829 639 1977 671; x_wconf 88' lang='lat' dir='ltr'><strong>credenda</strong></span> <span class='ocrx_word' id='word_1_539' title='bbox 2000 639 2036 670; x_wconf 86' lang='lat' dir='ltr'><strong>de</strong></span> 
     </span>
     <span class='ocr_line' id='line_1_76' title="bbox 1156 687 2037 731; baseline 0.001 -12"><span class='ocrx_word' id='word_1_540' title='bbox 1156 687 1290 728; x_wconf 84' lang='lat' dir='ltr'><strong>Christo:</strong></span> <span class='ocrx_word' id='word_1_541' title='bbox 1319 692 1392 721; x_wconf 87' lang='lat' dir='ltr'><strong>Non</strong></span> <span class='ocrx_word' id='word_1_542' title='bbox 1409 687 1503 731; x_wconf 71' lang='lat' dir='ltr'><strong>fhlum</strong></span> <span class='ocrx_word' id='word_1_543' title='bbox 1524 691 1608 728; x_wconf 82' lang='lat' dir='ltr'><strong>cujus</strong></span> <span class='ocrx_word' id='word_1_544' title='bbox 1626 688 1666 729; x_wconf 84' lang='lat' dir='ltr'><strong>fit</strong></span> <span class='ocrx_word' id='word_1_545' title='bbox 1678 689 1778 722; x_wconf 82' lang='lat' dir='ltr'><strong>Filius</strong></span> <span class='ocrx_word' id='word_1_546' title='bbox 1791 713 1802 729; x_wconf 95' lang='lat'>‚</span> <span class='ocrx_word' id='word_1_547' title='bbox 1828 690 1908 721; x_wconf 75' lang='lat' dir='ltr'><strong>unde</strong></span> <span class='ocrx_word' id='word_1_548' title='bbox 1928 687 2037 730; x_wconf 72' lang='lat' dir='ltr'><strong>secun·-</strong></span> 
     </span>
     <span class='ocr_line' id='line_1_77' title="bbox 1156 737 2033 782; baseline 0 -12"><span class='ocrx_word' id='word_1_549' title='bbox 1156 739 1227 770; x_wconf 74' lang='lat' dir='ltr'><strong>dum</strong></span> <span class='ocrx_word' id='word_1_550' title='bbox 1239 742 1444 772; x_wconf 84' lang='lat' dir='ltr'><strong>Divinitatem</strong></span> <span class='ocrx_word' id='word_1_551' title='bbox 1455 763 1464 778; x_wconf 91' lang='lat'><strong>,</strong></span> <span class='ocrx_word' id='word_1_552' title='bbox 1493 740 1571 772; x_wconf 70' lang='lat' dir='ltr'><strong>unde</strong></span> <span class='ocrx_word' id='word_1_553' title='bbox 1579 737 1739 781; x_wconf 87' lang='lat' dir='ltr'><strong>secundum</strong></span> <span class='ocrx_word' id='word_1_554' title='bbox 1751 744 1882 772; x_wconf 86' lang='lat' dir='ltr'><strong>Carnem</strong></span> <span class='ocrx_word' id='word_1_555' title='bbox 1888 744 2011 782; x_wconf 86' lang='lat' dir='ltr'><strong>genitus</strong></span> <span class='ocrx_word' id='word_1_556' title='bbox 2022 763 2033 779; x_wconf 90' lang='lat'><em>,</em></span> 
     </span>
     <span class='ocr_line' id='line_1_78' title="bbox 1155 787 2039 831; baseline 0.001 -11"><span class='ocrx_word' id='word_1_557' title='bbox 1155 800 1223 830; x_wconf 85' lang='lat' dir='ltr'><strong>quae</strong></span> <span class='ocrx_word' id='word_1_558' title='bbox 1240 790 1385 831; x_wconf 80' lang='lat' dir='ltr'><strong>perpessus</strong></span> <span class='ocrx_word' id='word_1_559' title='bbox 1398 813 1409 828; x_wconf 93' lang='lat'>‚</span> <span class='ocrx_word' id='word_1_560' title='bbox 1436 790 1469 822; x_wconf 69' lang='grc'><strong>(5·</strong></span> <span class='ocrx_word' id='word_1_561' title='bbox 1489 800 1579 830; x_wconf 88' lang='lat' dir='ltr'><strong>quare</strong></span> <span class='ocrx_word' id='word_1_562' title='bbox 1592 813 1602 828; x_wconf 89' lang='lat'>,</span> <span class='ocrx_word' id='word_1_563' title='bbox 1629 801 1698 831; x_wconf 80' lang='lat' dir='ltr'><strong>quae</strong></span> <span class='ocrx_word' id='word_1_564' title='bbox 1715 789 1750 830; x_wconf 77' lang='lat' dir='ltr'><strong>lit</strong></span> <span class='ocrx_word' id='word_1_565' title='bbox 1771 795 1872 823; x_wconf 87' lang='lat' dir='ltr'><strong>virtus</strong></span> <span class='ocrx_word' id='word_1_566' title='bbox 1897 787 2039 830; x_wconf 83' lang='lat' dir='ltr'><strong>Resurre-</strong></span> 
     </span>
     <span class='ocr_line' id='line_1_79' title="bbox 1157 838 2040 882; baseline 0.001 -12"><span class='ocrx_word' id='word_1_567' title='bbox 1157 839 1258 871; x_wconf 77' lang='lat' dir='ltr'><strong>c‘lionis</strong></span> <span class='ocrx_word' id='word_1_568' title='bbox 1270 841 1334 879; x_wconf 82' lang='lat' dir='ltr'><strong>ejus</strong></span> <span class='ocrx_word' id='word_1_569' title='bbox 1346 863 1356 878; x_wconf 87' lang='lat'>,</span> <span class='ocrx_word' id='word_1_570' title='bbox 1382 841 1462 881; x_wconf 86' lang='lat' dir='ltr'><strong>quod</strong></span> <span class='ocrx_word' id='word_1_571' title='bbox 1469 841 1577 872; x_wconf 87' lang='lat' dir='ltr'><strong>donum</strong></span> <span class='ocrx_word' id='word_1_572' title='bbox 1591 841 1719 880; x_wconf 78' lang='lat' dir='ltr'><strong>Spiritus</strong></span> <span class='ocrx_word' id='word_1_573' title='bbox 1737 838 1923 882; x_wconf 80' lang='lat' dir='ltr'><strong>promiserit,</strong></span> <span class='ocrx_word' id='word_1_574' title='bbox 1949 841 2040 872; x_wconf 84' lang='lat' dir='ltr'><strong>dede-</strong></span> 
     </span>
     <span class='ocr_line' id='line_1_80' title="bbox 1156 888 2040 932; baseline 0.001 -13"><span class='ocrx_word' id='word_1_575' title='bbox 1156 895 1252 930; x_wconf 84' lang='lat' dir='ltr'><strong>ritque</strong></span> <span class='ocrx_word' id='word_1_576' title='bbox 1264 890 1421 923; x_wconf 80' lang='lat' dir='ltr'><strong>Fidelibus</strong></span> <span class='ocrx_word' id='word_1_577' title='bbox 1437 902 1446 931; x_wconf 89' lang='lat'>;</span> <span class='ocrx_word' id='word_1_578' title='bbox 1468 888 1626 931; x_wconf 81' lang='lat' dir='ltr'><strong>sedetiam</strong></span> <span class='ocrx_word' id='word_1_579' title='bbox 1638 892 1741 932; x_wconf 87' lang='lat' dir='ltr'><strong>qualia</strong></span> <span class='ocrx_word' id='word_1_580' title='bbox 1751 889 1883 924; x_wconf 87' lang='lat' dir='ltr'><strong>membra</strong></span> <span class='ocrx_word' id='word_1_581' title='bbox 1896 914 1907 930; x_wconf 91' lang='lat'><strong>,</strong></span> <span class='ocrx_word' id='word_1_582' title='bbox 1934 889 2040 931; x_wconf 77' lang='lat' dir='ltr'><strong>quibus</strong></span> 
     </span>
     <span class='ocr_line' id='line_1_81' title="bbox 1150 937 2040 984; baseline 0.001 -13"><span class='ocrx_word' id='word_1_583' title='bbox 1150 937 1189 979; x_wconf 83' lang='lat' dir='ltr'><strong>fit</strong></span> <span class='ocrx_word' id='word_1_584' title='bbox 1214 947 1302 980; x_wconf 86' lang='lat' dir='ltr'><strong>caput</strong></span> <span class='ocrx_word' id='word_1_585' title='bbox 1329 964 1340 979; x_wconf 94' lang='lat'>,</span> <span class='ocrx_word' id='word_1_586' title='bbox 1367 950 1485 982; x_wconf 82' lang='lat' dir='ltr'><strong>quaerat</strong></span> <span class='ocrx_word' id='word_1_587' title='bbox 1510 964 1521 980; x_wconf 91' lang='lat'><strong>,</strong></span> <span class='ocrx_word' id='word_1_588' title='bbox 1546 940 1679 979; x_wconf 85' lang='lat' dir='ltr'><strong>instituat</strong></span> <span class='ocrx_word' id='word_1_589' title='bbox 1707 965 1718 980; x_wconf 93' lang='lat'>,</span> <span class='ocrx_word' id='word_1_590' title='bbox 1745 942 1853 984; x_wconf 84' lang='lat' dir='ltr'><strong>diligat</strong></span> <span class='ocrx_word' id='word_1_591' title='bbox 1880 966 1889 981; x_wconf 92' lang='lat'>,</span> <span class='ocrx_word' id='word_1_592' title='bbox 1915 940 2040 978; x_wconf 79' lang='lat' dir='ltr'><strong>liberet,</strong></span> 
     </span>
     <span class='ocr_line' id='line_1_82' title="bbox 1157 990 2042 1032; baseline 0.001 -11"><span class='ocrx_word' id='word_1_593' title='bbox 1157 999 1246 1031; x_wconf 82' lang='lat' dir='ltr'><strong>atque</strong></span> <span class='ocrx_word' id='word_1_594' title='bbox 1257 991 1300 1022; x_wconf 83' lang='lat' dir='ltr'><strong>ad</strong></span> <span class='ocrx_word' id='word_1_595' title='bbox 1308 1000 1455 1023; x_wconf 86' lang='lat' dir='ltr'><strong>aeternam</strong></span> <span class='ocrx_word' id='word_1_596' title='bbox 1468 996 1568 1023; x_wconf 83' lang='lat' dir='ltr'><strong>vitam</strong></span> <span class='ocrx_word' id='word_1_597' title='bbox 1594 990 1787 1032; x_wconf 88' lang='lat' dir='ltr'><strong>honoremque</strong></span> <span class='ocrx_word' id='word_1_598' title='bbox 1793 993 1953 1032; x_wconf 85' lang='lat' dir='ltr'><strong>perducat.</strong></span> <span class='ocrx_word' id='word_1_599' title='bbox 1970 990 2042 1022; x_wconf 74' lang='lat' dir='ltr'><strong>Pa·</strong></span> 
     </span>
     <span class='ocr_line' id='line_1_83' title="bbox 1157 1038 2043 1088; baseline 0 -16"><span class='ocrx_word' id='word_1_600' title='bbox 1157 1040 1221 1072; x_wconf 74' lang='lat' dir='ltr'><strong>lam</strong></span> <span class='ocrx_word' id='word_1_601' title='bbox 1233 1039 1383 1088; x_wconf 53' lang='lat' dir='ltr'><strong>allegerat</strong></span> <span class='ocrx_word' id='word_1_602' title='bbox 1396 1064 1407 1080; x_wconf 88' lang='lat'>,</span> <span class='ocrx_word' id='word_1_603' title='bbox 1434 1040 1523 1083; x_wconf 77' lang='lat' dir='ltr'><strong>quod</strong></span> <span class='ocrx_word' id='word_1_604' title='bbox 1537 1038 1709 1084; x_wconf 84' lang='lat' dir='ltr'><strong>Philippus</strong></span> <span class='ocrx_word' id='word_1_605' title='bbox 1724 1040 1887 1075; x_wconf 86' lang='lat' dir='ltr'><strong>Eunucho</strong></span> <span class='ocrx_word' id='word_1_606' title='bbox 1907 1039 2043 1074; x_wconf 85' lang='lat' dir='ltr'><strong>tradide-</strong></span> 
     </span>
     <span class='ocr_line' id='line_1_84' title="bbox 1158 1089 2042 1134; baseline 0 -12"><span class='ocrx_word' id='word_1_607' title='bbox 1158 1092 1199 1122; x_wconf 88' lang='lat' dir='ltr'><strong>rit</strong></span> <span class='ocrx_word' id='word_1_608' title='bbox 1217 1111 1227 1127; x_wconf 89' lang='lat'>,</span> <span class='ocrx_word' id='word_1_609' title='bbox 1255 1101 1291 1123; x_wconf 86' lang='lat' dir='ltr'><strong>ac</strong></span> <span class='ocrx_word' id='word_1_610' title='bbox 1314 1089 1373 1123; x_wconf 88' lang='lat' dir='ltr'><strong>sibi</strong></span> <span class='ocrx_word' id='word_1_611' title='bbox 1401 1089 1491 1123; x_wconf 89' lang='lat' dir='ltr'><strong>reddi</strong></span> <span class='ocrx_word' id='word_1_612' title='bbox 1518 1090 1641 1133; x_wconf 81' lang='lat' dir='ltr'><strong>jusserit</strong></span> <span class='ocrx_word' id='word_1_613' title='bbox 1669 1092 1802 1134; x_wconf 87' lang='lat' dir='ltr'><strong>plenum</strong></span> <span class='ocrx_word' id='word_1_614' title='bbox 1822 1090 2042 1133; x_wconf 89' lang='lat' dir='ltr'><strong>Symbolum:</strong></span> 
     </span>
     <span class='ocr_line' id='line_1_85' title="bbox 1158 1139 2046 1183; baseline 0 -10"><span class='ocrx_word' id='word_1_615' title='bbox 1158 1141 1282 1173; x_wconf 86' lang='lat' dir='ltr'><strong>Omnes</strong></span> <span class='ocrx_word' id='word_1_616' title='bbox 1303 1139 1494 1183; x_wconf 84' lang='lat' dir='ltr'><strong>&amp;fingulos</strong></span> <span class='ocrx_word' id='word_1_617' title='bbox 1517 1139 1584 1182; x_wconf 81' lang='lat' dir='ltr'><strong>ejus</strong></span> <span class='ocrx_word' id='word_1_618' title='bbox 1605 1141 1779 1174; x_wconf 84' lang='lat' dir='ltr'><strong>articulos.</strong></span> <span class='ocrx_word' id='word_1_619' title='bbox 1807 1140 1880 1173; x_wconf 76' lang='lat' dir='ltr'><strong>Imo</strong></span> <span class='ocrx_word' id='word_1_620' title='bbox 1904 1152 1971 1173; x_wconf 89' lang='lat' dir='ltr'><strong>non</strong></span> <span class='ocrx_word' id='word_1_621' title='bbox 1995 1141 2046 1173; x_wconf 87' lang='lat' dir='ltr'><strong>so-</strong></span> 
     </span>
     <span class='ocr_line' id='line_1_86' title="bbox 1159 1188 2046 1232; baseline -0.001 -10"><span class='ocrx_word' id='word_1_622' title='bbox 1159 1192 1226 1223; x_wconf 90' lang='lat' dir='ltr'><strong>lum</strong></span> <span class='ocrx_word' id='word_1_623' title='bbox 1249 1190 1469 1232; x_wconf 87' lang='lat' dir='ltr'><strong>Symbolum,</strong></span> <span class='ocrx_word' id='word_1_624' title='bbox 1496 1190 1549 1223; x_wconf 89' lang='lat' dir='ltr'><strong>sed</strong></span> <span class='ocrx_word' id='word_1_625' title='bbox 1579 1191 1758 1224; x_wconf 73' lang='lat' dir='ltr'><strong>&amp;cunstos</strong></span> <span class='ocrx_word' id='word_1_626' title='bbox 1781 1189 1938 1223; x_wconf 85' lang='lat' dir='ltr'><strong>Canones</strong></span> <span class='ocrx_word' id='word_1_627' title='bbox 1951 1188 2046 1222; x_wconf 87' lang='lat' dir='ltr'><strong>Chri·</strong></span> 
     </span>
     <span class='ocr_line' id='line_1_87' title="bbox 1159 1239 2043 1282; baseline -0.002 -9"><span class='ocrx_word' id='word_1_628' title='bbox 1159 1241 1265 1273; x_wconf 77' lang='lat' dir='ltr'><strong>slianae</strong></span> <span class='ocrx_word' id='word_1_629' title='bbox 1279 1241 1352 1274; x_wconf 88' lang='lat' dir='ltr'><strong>vitae</strong></span> <span class='ocrx_word' id='word_1_630' title='bbox 1366 1252 1403 1273; x_wconf 87' lang='lat' dir='ltr'><strong>ac</strong></span> <span class='ocrx_word' id='word_1_631' title='bbox 1414 1239 1593 1282; x_wconf 84' lang='lat' dir='ltr'><strong>disciplinae</strong></span> <span class='ocrx_word' id='word_1_632' title='bbox 1604 1266 1611 1273; x_wconf 91' lang='lat'><strong>.</strong></span> <span class='ocrx_word' id='word_1_633' title='bbox 1645 1240 1718 1274; x_wconf 84' lang='lat' dir='ltr'><strong>Nec</strong></span> <span class='ocrx_word' id='word_1_634' title='bbox 1729 1240 1793 1273; x_wconf 88' lang='lat' dir='ltr'><strong>sine</strong></span> <span class='ocrx_word' id='word_1_635' title='bbox 1804 1239 2022 1274; x_wconf 83' lang='lat' dir='ltr'><strong>fundamento</strong></span> <span class='ocrx_word' id='word_1_636' title='bbox 2034 1264 2043 1271; x_wconf 89' lang='lat'>.</span> 
     </span>
     <span class='ocr_line' id='line_1_88' title="bbox 1159 1289 2047 1333; baseline -0.002 -9"><span class='ocrx_word' id='word_1_637' title='bbox 1159 1292 1289 1324; x_wconf 87' lang='lat' dir='ltr'><strong>Etenim</strong></span> <span class='ocrx_word' id='word_1_638' title='bbox 1305 1290 1440 1323; x_wconf 86' lang='lat' dir='ltr'><strong>istorum</strong></span> <span class='ocrx_word' id='word_1_639' title='bbox 1468 1292 1620 1324; x_wconf 84' lang='lat' dir='ltr'><strong>omnium</strong></span> <span class='ocrx_word' id='word_1_640' title='bbox 1633 1291 1766 1325; x_wconf 89' lang='lat' dir='ltr'><strong>traditio</strong></span> <span class='ocrx_word' id='word_1_641' title='bbox 1790 1289 2047 1333; x_wconf 87' lang='lat' dir='ltr'><strong>comprehendi·-</strong></span> 
     </span>
     <span class='ocr_line' id='line_1_89' title="bbox 1157 1338 2045 1383; baseline 0.001 -10"><span class='ocrx_word' id='word_1_642' title='bbox 1157 1341 1256 1374; x_wconf 89' lang='lat' dir='ltr'><strong>turin</strong></span> <span class='ocrx_word' id='word_1_643' title='bbox 1271 1341 1458 1374; x_wconf 88' lang='lat' dir='ltr'><strong>Dominico</strong></span> <span class='ocrx_word' id='word_1_644' title='bbox 1471 1338 1634 1383; x_wconf 82' lang='lat' dir='ltr'><strong>Praecepto</strong></span> <span class='ocrx_word' id='word_1_645' title='bbox 1647 1354 1658 1373; x_wconf 70' lang='lat' dir='ltr'><strong>s</strong></span> <span class='ocrx_word' id='word_1_646' title='bbox 1685 1345 1829 1373; x_wconf 85' lang='lat' dir='ltr'><strong>Docentes</strong></span> <span class='ocrx_word' id='word_1_647' title='bbox 1852 1352 1897 1374; x_wconf 85' lang='lat' dir='ltr'><strong>eos</strong></span> <span class='ocrx_word' id='word_1_648' title='bbox 1915 1340 2045 1383; x_wconf 67' lang='lat' dir='ltr'><strong>servare</strong></span> 
     </span>
     <span class='ocr_line' id='line_1_90' title="bbox 1157 1389 1784 1432; baseline 0 -10"><span class='ocrx_word' id='word_1_649' title='bbox 1157 1396 1257 1422; x_wconf 83' lang='lat' dir='ltr'><strong>omnia</strong></span> <span class='ocrx_word' id='word_1_650' title='bbox 1271 1413 1283 1430; x_wconf 88' lang='lat'><strong>,</strong></span> <span class='ocrx_word' id='word_1_651' title='bbox 1308 1401 1498 1432; x_wconf 85' lang='lat' dir='ltr'><strong>quaecumque</strong></span> <span class='ocrx_word' id='word_1_652' title='bbox 1519 1393 1671 1424; x_wconf 84' lang='lat' dir='ltr'><strong>mandavi</strong></span> <span class='ocrx_word' id='word_1_653' title='bbox 1683 1389 1784 1423; x_wconf 80' lang='lat' dir='ltr'><strong>vobis.</strong></span> 
     </span>
    </p>

    <p class='ocr_par' dir='ltr' id='par_1_14' title="bbox 1154 1440 2183 3232">
     <span class='ocr_line' id='line_1_91' title="bbox 1208 1440 2047 1483; baseline 0 -9"><span class='ocrx_word' id='word_1_654' title='bbox 1208 1441 1341 1474; x_wconf 72' lang='lat' dir='ltr'><strong>San-stus</strong></span> <span class='ocrx_word' id='word_1_655' title='bbox 1361 1441 1500 1474; x_wconf 82' lang='lat' dir='ltr'><strong>lraeneus</strong></span> <span class='ocrx_word' id='word_1_656' title='bbox 1524 1441 1708 1483; x_wconf 84' lang='lat' dir='ltr'><strong>ingreditur</strong></span> <span class='ocrx_word' id='word_1_657' title='bbox 1729 1441 1827 1474; x_wconf 88' lang='lat' dir='ltr'><strong>aliam</strong></span> <span class='ocrx_word' id='word_1_658' title='bbox 1853 1440 1958 1474; x_wconf 85' lang='lat' dir='ltr'><strong>viam.</strong></span> <span class='ocrx_word' id='word_1_659' title='bbox 1987 1441 2047 1474; x_wconf 84' lang='lat' dir='ltr'><strong>Af-</strong></span> 
     </span>
     <span class='ocr_line' id='line_1_92' title="bbox 1159 1488 2047 1532; baseline 0.003 -10"><span class='ocrx_word' id='word_1_660' title='bbox 1159 1490 1265 1523; x_wconf 88' lang='lat' dir='ltr'><strong>firmat</strong></span> <span class='ocrx_word' id='word_1_661' title='bbox 1275 1488 1473 1524; x_wconf 88' lang='lat' dir='ltr'><strong>Eunuchum</strong></span> <span class='ocrx_word' id='word_1_662' title='bbox 1486 1490 1505 1523; x_wconf 74' lang='lat' dir='ltr'><strong>a</strong></span> <span class='ocrx_word' id='word_1_663' title='bbox 1519 1490 1596 1523; x_wconf 64' lang='lat' dir='ltr'><strong>lecto</strong></span> <span class='ocrx_word' id='word_1_664' title='bbox 1608 1491 1690 1523; x_wconf 84' lang='lat' dir='ltr'><strong>Isaia</strong></span> <span class='ocrx_word' id='word_1_665' title='bbox 1712 1489 1876 1532; x_wconf 87' lang='lat' dir='ltr'><strong>Propheta</strong></span> <span class='ocrx_word' id='word_1_666' title='bbox 1897 1491 2047 1525; x_wconf 75' lang='lat' dir='ltr'><strong>didicisse</strong></span> 
     </span>
     <span class='ocr_line' id='line_1_93' title="bbox 1159 1539 2115 1600; baseline 0.003 -28"><span class='ocrx_word' id='word_1_667' title='bbox 1159 1540 1272 1573; x_wconf 86' lang='lat' dir='ltr'><strong>omnia</strong></span> <span class='ocrx_word' id='word_1_668' title='bbox 1295 1539 1423 1573; x_wconf 87' lang='lat' dir='ltr'><strong>venturi</strong></span> <span class='ocrx_word' id='word_1_669' title='bbox 1445 1539 1640 1572; x_wconf 86' lang='lat' dir='ltr'><strong>Mediatoris</strong></span> <span class='ocrx_word' id='word_1_670' title='bbox 1658 1539 1853 1581; x_wconf 84' lang='lat' dir='ltr'><strong>mysteria&amp;</strong></span> <span class='ocrx_word' id='word_1_671' title='bbox 1877 1540 2045 1584; x_wconf 86' lang='lat' dir='ltr'><strong>adjungit:</strong></span> <span class='ocrx_word' id='word_1_672' title='bbox 2088 1570 2115 1600; x_wconf 65' lang='lat' dir='ltr'>b</span> 
     </span>
     <span class='ocr_line' id='line_1_94' title="bbox 1161 1573 2183 1650; baseline 0.003 -29"><span class='ocrx_word' id='word_1_673' title='bbox 1161 1589 1322 1631; x_wconf 84' lang='lat' dir='ltr'><strong>Philippus</strong></span> <span class='ocrx_word' id='word_1_674' title='bbox 1338 1588 1435 1629; x_wconf 69' lang='lat' dir='ltr'><strong>facile*</strong></span> <span class='ocrx_word' id='word_1_675' title='bbox 1442 1587 1535 1630; x_wconf 83' lang='lat' dir='ltr'><strong>suasit</strong></span> <span class='ocrx_word' id='word_1_676' title='bbox 1556 1595 1582 1622; x_wconf 88' lang='lat' dir='ltr'><strong>ei</strong></span> <span class='ocrx_word' id='word_1_677' title='bbox 1594 1590 1712 1622; x_wconf 84' lang='lat' dir='ltr'><strong>credere</strong></span> <span class='ocrx_word' id='word_1_678' title='bbox 1733 1600 1797 1622; x_wconf 87' lang='lat' dir='ltr'><strong>eum</strong></span> <span class='ocrx_word' id='word_1_679' title='bbox 1818 1591 1871 1633; x_wconf 80' lang='lat' dir='ltr'><strong>esse</strong></span> <span class='ocrx_word' id='word_1_680' title='bbox 1897 1591 2047 1632; x_wconf 82' lang='lat' dir='ltr'><strong>Christum</strong></span> <span class='ocrx_word' id='word_1_681' title='bbox 2063 1573 2123 1650; x_wconf 50' lang='lat' dir='ltr'><strong>{⁴ng</strong></span> <span class='ocrx_word' id='word_1_682' title='bbox 2136 1582 2183 1647; x_wconf 50' lang='grc' dir='ltr'><strong>ἐξ,</strong></span> 
     </span>
     <span class='ocr_line' id='line_1_95' title="bbox 1160 1634 2125 1685; baseline 0 -11"><span class='ocrx_word' id='word_1_683' title='bbox 1160 1640 1338 1683; x_wconf 88' lang='lat' dir='ltr'><strong>JESUM,</strong></span> <span class='ocrx_word' id='word_1_684' title='bbox 1367 1644 1418 1682; x_wconf 84' lang='lat' dir='ltr'><strong>qui</strong></span> <span class='ocrx_word' id='word_1_685' title='bbox 1424 1638 1483 1683; x_wconf 89' lang='lat' dir='ltr'><strong>sub</strong></span> <span class='ocrx_word' id='word_1_686' title='bbox 1493 1641 1599 1672; x_wconf 87' lang='lat' dir='ltr'><strong>Pontio</strong></span> <span class='ocrx_word' id='word_1_687' title='bbox 1611 1640 1711 1673; x_wconf 81' lang='lat' dir='ltr'><strong>Pilato</strong></span> <span class='ocrx_word' id='word_1_688' title='bbox 1726 1641 1902 1683; x_wconf 75' lang='lat' dir='ltr'><strong>crucifixus,</strong></span> <span class='ocrx_word' id='word_1_689' title='bbox 1929 1643 1962 1676; x_wconf 68' lang='grc'><strong>6·</strong></span> <span class='ocrx_word' id='word_1_690' title='bbox 1977 1640 2050 1685; x_wconf 83' lang='lat' dir='ltr'><strong>pas-</strong></span> <span class='ocrx_word' id='word_1_691' title='bbox 2118 1634 2125 1642; x_wconf 64' lang='grc'><strong><em>’</em></strong></span> 
     </span>
     <span class='ocr_line' id='line_1_96' title="bbox 1155 1688 2051 1736; baseline 0.004 -14"><span class='ocrx_word' id='word_1_692' title='bbox 1155 1688 1205 1732; x_wconf 84' lang='lat' dir='ltr'><strong>sus</strong></span> <span class='ocrx_word' id='word_1_693' title='bbox 1218 1701 1406 1732; x_wconf 86' lang='lat' dir='ltr'><strong>quaecumque</strong></span> <span class='ocrx_word' id='word_1_694' title='bbox 1422 1691 1574 1732; x_wconf 83' lang='lat' dir='ltr'><strong>praedixit</strong></span> <span class='ocrx_word' id='word_1_695' title='bbox 1585 1688 1755 1732; x_wconf 80' lang='lat' dir='ltr'><strong>Propheta,</strong></span> <span class='ocrx_word' id='word_1_696' title='bbox 1783 1701 1902 1734; x_wconf 84' lang='lat' dir='ltr'><strong>eumque</strong></span> <span class='ocrx_word' id='word_1_697' title='bbox 1919 1693 1971 1736; x_wconf 85' lang='lat' dir='ltr'><strong>effe</strong></span> <span class='ocrx_word' id='word_1_698' title='bbox 1993 1697 2051 1725; x_wconf 86' lang='lat' dir='ltr'><strong>Fi-</strong></span> 
     </span>
     <span class='ocr_line' id='line_1_97' title="bbox 1159 1740 2051 1782; baseline 0.003 -9"><span class='ocrx_word' id='word_1_699' title='bbox 1159 1741 1231 1773; x_wconf 87' lang='lat' dir='ltr'><strong>lium</strong></span> <span class='ocrx_word' id='word_1_700' title='bbox 1255 1742 1331 1780; x_wconf 87' lang='lat' dir='ltr'><strong>Dei,</strong></span> <span class='ocrx_word' id='word_1_701' title='bbox 1359 1744 1410 1782; x_wconf 87' lang='lat' dir='ltr'><strong>qui</strong></span> <span class='ocrx_word' id='word_1_702' title='bbox 1431 1749 1577 1774; x_wconf 84' lang='lat' dir='ltr'><strong>aeternam</strong></span> <span class='ocrx_word' id='word_1_703' title='bbox 1598 1746 1698 1773; x_wconf 86' lang='lat' dir='ltr'><strong>vitam</strong></span> <span class='ocrx_word' id='word_1_704' title='bbox 1710 1740 1876 1776; x_wconf 88' lang='lat' dir='ltr'><strong>bominibus</strong></span> <span class='ocrx_word' id='word_1_705' title='bbox 1898 1743 1972 1776; x_wconf 84' lang='lat' dir='ltr'><strong>dat.</strong></span> <span class='ocrx_word' id='word_1_706' title='bbox 2003 1746 2051 1776; x_wconf 77' lang='lat' dir='ltr'><strong>Ee</strong></span> 
     </span>
     <span class='ocr_line' id='line_1_98' title="bbox 1154 1789 2050 1832; baseline 0.002 -10"><span class='ocrx_word' id='word_1_707' title='bbox 1154 1789 1260 1830; x_wconf 82' lang='lat' dir='ltr'><strong>statim</strong></span> <span class='ocrx_word' id='word_1_708' title='bbox 1272 1798 1305 1823; x_wconf 83' lang='lat' dir='ltr'><strong>ut</strong></span> <span class='ocrx_word' id='word_1_709' title='bbox 1315 1790 1490 1832; x_wconf 83' lang='lat' dir='ltr'><strong>baptizavit</strong></span> <span class='ocrx_word' id='word_1_710' title='bbox 1502 1801 1567 1823; x_wconf 88' lang='lat' dir='ltr'><strong>eum</strong></span> <span class='ocrx_word' id='word_1_711' title='bbox 1578 1815 1588 1830; x_wconf 90' lang='lat'>,</span> <span class='ocrx_word' id='word_1_712' title='bbox 1612 1789 1730 1832; x_wconf 81' lang='lat' dir='ltr'><strong>disceffit</strong></span> <span class='ocrx_word' id='word_1_713' title='bbox 1740 1790 1779 1823; x_wconf 85' lang='lat' dir='ltr'><strong>ab</strong></span> <span class='ocrx_word' id='word_1_714' title='bbox 1789 1803 1836 1824; x_wconf 86' lang='lat' dir='ltr'><strong>eo.</strong></span> <span class='ocrx_word' id='word_1_715' title='bbox 1867 1793 1963 1826; x_wconf 84' lang='lat' dir='ltr'><strong>Nihil</strong></span> <span class='ocrx_word' id='word_1_716' title='bbox 1970 1799 2050 1826; x_wconf 87' lang='lat' dir='ltr'><strong>enim</strong></span> 
     </span>
     <span class='ocr_line' id='line_1_99' title="bbox 1159 1839 2051 1884; baseline 0.006 -12"><span class='ocrx_word' id='word_1_717' title='bbox 1159 1842 1245 1874; x_wconf 85' lang='lat' dir='ltr'><strong>aliud</strong></span> <span class='ocrx_word' id='word_1_718' title='bbox 1264 1842 1367 1873; x_wconf 87' lang='lat' dir='ltr'><strong>deerat</strong></span> <span class='ocrx_word' id='word_1_719' title='bbox 1379 1846 1427 1881; x_wconf 87' lang='lat' dir='ltr'><strong>ei,</strong></span> <span class='ocrx_word' id='word_1_720' title='bbox 1453 1846 1505 1882; x_wconf 87' lang='lat' dir='ltr'><strong>qui</strong></span> <span class='ocrx_word' id='word_1_721' title='bbox 1528 1843 1549 1872; x_wconf 76' lang='grc' dir='ltr'><em>ἃ</em></span> <span class='ocrx_word' id='word_1_722' title='bbox 1561 1839 1722 1882; x_wconf 84' lang='lat' dir='ltr'><strong>Prophetis</strong></span> <span class='ocrx_word' id='word_1_723' title='bbox 1735 1840 1841 1882; x_wconf 87' lang='lat' dir='ltr'><strong>fuerat</strong></span> <span class='ocrx_word' id='word_1_724' title='bbox 1854 1843 2051 1884; x_wconf 84' lang='lat' dir='ltr'><strong>praecatecbi-</strong></span> 
     </span>
     <span class='ocr_line' id='line_1_100' title="bbox 1160 1892 2054 1937; baseline 0.004 -14"><span class='ocrx_word' id='word_1_725' title='bbox 1160 1901 1247 1924; x_wconf 89' lang='lat' dir='ltr'><strong>zatus</strong></span> <span class='ocrx_word' id='word_1_726' title='bbox 1259 1916 1266 1923; x_wconf 90' lang='lat'>.</span> <span class='ocrx_word' id='word_1_727' title='bbox 1296 1895 1370 1923; x_wconf 88' lang='lat' dir='ltr'><strong>Non</strong></span> <span class='ocrx_word' id='word_1_728' title='bbox 1383 1893 1482 1924; x_wconf 87' lang='lat' dir='ltr'><strong>Deum</strong></span> <span class='ocrx_word' id='word_1_729' title='bbox 1497 1892 1621 1925; x_wconf 83' lang='lat' dir='ltr'><strong>Patrem</strong></span> <span class='ocrx_word' id='word_1_730' title='bbox 1632 1915 1644 1932; x_wconf 89' lang='lat'><strong><em>,</em></strong></span> <span class='ocrx_word' id='word_1_731' title='bbox 1669 1902 1727 1923; x_wconf 84' lang='lat' dir='ltr'><strong>non</strong></span> <span class='ocrx_word' id='word_1_732' title='bbox 1738 1892 1972 1935; x_wconf 86' lang='lat' dir='ltr'><strong>conversationis</strong></span> <span class='ocrx_word' id='word_1_733' title='bbox 1993 1893 2054 1937; x_wconf 83' lang='lat' dir='ltr'><strong>dis-</strong></span> 
     </span>
     <span class='ocr_line' id='line_1_101' title="bbox 1157 1939 2049 1985; baseline 0.004 -12"><span class='ocrx_word' id='word_1_734' title='bbox 1157 1940 1324 1983; x_wconf 81' lang='lat' dir='ltr'><strong>pofitionem</strong></span> <span class='ocrx_word' id='word_1_735' title='bbox 1335 1964 1346 1980; x_wconf 92' lang='lat'>‚</span> <span class='ocrx_word' id='word_1_736' title='bbox 1368 1939 1526 1983; x_wconf 87' lang='lat' dir='ltr'><strong>sedsolum</strong></span> <span class='ocrx_word' id='word_1_737' title='bbox 1536 1942 1702 1975; x_wconf 86' lang='lat' dir='ltr'><strong>adventum</strong></span> <span class='ocrx_word' id='word_1_738' title='bbox 1719 1942 1876 1985; x_wconf 83' lang='lat' dir='ltr'><strong>ignorabat</strong></span> <span class='ocrx_word' id='word_1_739' title='bbox 1889 1945 1962 1976; x_wconf 80' lang='lat' dir='ltr'><strong>Filii</strong></span> <span class='ocrx_word' id='word_1_740' title='bbox 1981 1947 2049 1977; x_wconf 79' lang='lat' dir='ltr'><strong>Dei.</strong></span> 
     </span>
     <span class='ocr_line' id='line_1_102' title="bbox 1162 1989 2049 2036; baseline 0.003 -13"><span class='ocrx_word' id='word_1_741' title='bbox 1162 1994 1262 2034; x_wconf 76' lang='lat' dir='ltr'><strong>,Quem</strong></span> <span class='ocrx_word' id='word_1_742' title='bbox 1272 1992 1336 2024; x_wconf 70' lang='lat' dir='ltr'><strong>cum</strong></span> <span class='ocrx_word' id='word_1_743' title='bbox 1347 1989 1480 2024; x_wconf 86' lang='lat' dir='ltr'><strong>breviter</strong></span> <span class='ocrx_word' id='word_1_744' title='bbox 1492 1992 1664 2034; x_wconf 76' lang='lat' dir='ltr'><strong>cognovrffet</strong></span> <span class='ocrx_word' id='word_1_745' title='bbox 1673 2016 1684 2031; x_wconf 92' lang='lat'>‚</span> <span class='ocrx_word' id='word_1_746' title='bbox 1709 1992 1817 2034; x_wconf 86' lang='lat' dir='ltr'><strong>agebat</strong></span> <span class='ocrx_word' id='word_1_747' title='bbox 1827 1994 2049 2036; x_wconf 83' lang='lat' dir='ltr'><strong>itergaudens‚</strong></span> 
     </span>
     <span class='ocr_line' id='line_1_103' title="bbox 1157 2041 2054 2086; baseline 0.002 -12"><span class='ocrx_word' id='word_1_748' title='bbox 1157 2050 1254 2083; x_wconf 82' lang='lat' dir='ltr'><strong>praeco</strong></span> <span class='ocrx_word' id='word_1_749' title='bbox 1261 2041 1389 2083; x_wconf 83' lang='lat' dir='ltr'><strong>futurus</strong></span> <span class='ocrx_word' id='word_1_750' title='bbox 1413 2046 1446 2074; x_wconf 87' lang='lat' dir='ltr'><strong>in</strong></span> <span class='ocrx_word' id='word_1_751' title='bbox 1460 2041 1625 2082; x_wconf 82' lang='lat' dir='ltr'><strong>AEthiopia</strong></span> <span class='ocrx_word' id='word_1_752' title='bbox 1638 2041 1747 2079; x_wconf 69' lang='lat' dir='ltr'><strong>Christi</strong></span> <span class='ocrx_word' id='word_1_753' title='bbox 1759 2042 1919 2074; x_wconf 82' lang='lat' dir='ltr'><strong>Adventus</strong></span> <span class='ocrx_word' id='word_1_754' title='bbox 1931 2067 1939 2075; x_wconf 93' lang='lat'><strong>.</strong></span> <span class='ocrx_word' id='word_1_755' title='bbox 1967 2045 2054 2086; x_wconf 79' lang='lat' dir='ltr'><strong>‚Qua-</strong></span> 
     </span>
     <span class='ocr_line' id='line_1_104' title="bbox 1156 2091 2049 2135; baseline 0.003 -12"><span class='ocrx_word' id='word_1_756' title='bbox 1156 2099 1280 2133; x_wconf 88' lang='lat' dir='ltr'><strong>propter</strong></span> <span class='ocrx_word' id='word_1_757' title='bbox 1305 2103 1363 2124; x_wconf 86' lang='lat' dir='ltr'><strong>non</strong></span> <span class='ocrx_word' id='word_1_758' title='bbox 1375 2093 1501 2124; x_wconf 86' lang='lat' dir='ltr'><strong>multum</strong></span> <span class='ocrx_word' id='word_1_759' title='bbox 1518 2091 1670 2123; x_wconf 83' lang='lat' dir='ltr'><strong>laboravit</strong></span> <span class='ocrx_word' id='word_1_760' title='bbox 1689 2096 1768 2123; x_wconf 82' lang='lat' dir='ltr'><strong>circa</strong></span> <span class='ocrx_word' id='word_1_761' title='bbox 1777 2101 1845 2124; x_wconf 88' lang='lat' dir='ltr'><strong>eum</strong></span> <span class='ocrx_word' id='word_1_762' title='bbox 1865 2091 2049 2135; x_wconf 81' lang='lat' dir='ltr'><strong>Philippus,</strong></span> 
     </span>
     <span class='ocr_line' id='line_1_105' title="bbox 1160 2141 2050 2183; baseline 0.002 -9"><span class='ocrx_word' id='word_1_763' title='bbox 1160 2148 1286 2183; x_wconf 83' lang='lat' dir='ltr'><strong>quierat</strong></span> <span class='ocrx_word' id='word_1_764' title='bbox 1296 2147 1328 2174; x_wconf 86' lang='lat' dir='ltr'><strong>in</strong></span> <span class='ocrx_word' id='word_1_765' title='bbox 1340 2146 1442 2174; x_wconf 81' lang='lat' dir='ltr'><strong>timore</strong></span> <span class='ocrx_word' id='word_1_766' title='bbox 1450 2142 1507 2172; x_wconf 86' lang='lat' dir='ltr'><strong>Dei</strong></span> <span class='ocrx_word' id='word_1_767' title='bbox 1514 2147 1707 2182; x_wconf 84' lang='lat' dir='ltr'><strong>praeaptatus</strong></span> <span class='ocrx_word' id='word_1_768' title='bbox 1729 2141 1751 2172; x_wconf 77' lang='grc' dir='ltr'><em>ἆ</em></span> <span class='ocrx_word' id='word_1_769' title='bbox 1769 2141 1943 2183; x_wconf 88' lang='lat' dir='ltr'><strong>Prophetis.</strong></span> <span class='ocrx_word' id='word_1_770' title='bbox 1971 2146 2050 2176; x_wconf 87' lang='lat' dir='ltr'><strong>Pro·-</strong></span> 
     </span>
     <span class='ocr_line' id='line_1_106' title="bbox 1157 2189 2051 2235; baseline 0.001 -11"><span class='ocrx_word' id='word_1_771' title='bbox 1157 2199 1226 2231; x_wconf 88' lang='lat' dir='ltr'><strong>pter</strong></span> <span class='ocrx_word' id='word_1_772' title='bbox 1233 2191 1283 2222; x_wconf 87' lang='lat' dir='ltr'><strong>hoc</strong></span> <span class='ocrx_word' id='word_1_773' title='bbox 1295 2198 1394 2223; x_wconf 88' lang='lat' dir='ltr'><strong>autem</strong></span> <span class='ocrx_word' id='word_1_774' title='bbox 1407 2191 1441 2223; x_wconf 63' lang='grc'><strong>(9·</strong></span> <span class='ocrx_word' id='word_1_775' title='bbox 1451 2189 1575 2230; x_wconf 80' lang='lat' dir='ltr'><strong>Apostoli</strong></span> <span class='ocrx_word' id='word_1_776' title='bbox 1584 2201 1655 2224; x_wconf 84' lang='lat' dir='ltr'><strong>oves</strong></span> <span class='ocrx_word' id='word_1_777' title='bbox 1667 2192 1830 2233; x_wconf 82' lang='lat' dir='ltr'><strong>colligentes</strong></span> <span class='ocrx_word' id='word_1_778' title='bbox 1839 2217 1850 2233; x_wconf 95' lang='lat'>‚</span> <span class='ocrx_word' id='word_1_779' title='bbox 1877 2205 1946 2235; x_wconf 82' lang='lat' dir='ltr'><strong>quae</strong></span> <span class='ocrx_word' id='word_1_780' title='bbox 1953 2200 2051 2235; x_wconf 84' lang='lat' dir='ltr'><strong>perie-</strong></span> 
     </span>
     <span class='ocr_line' id='line_1_107' title="bbox 1160 2237 2048 2285; baseline 0.006 -14"><span class='ocrx_word' id='word_1_781' title='bbox 1160 2249 1231 2272; x_wconf 89' lang='lat' dir='ltr'><strong>rant</strong></span> <span class='ocrx_word' id='word_1_782' title='bbox 1256 2242 1362 2273; x_wconf 90' lang='lat' dir='ltr'><strong>domus</strong></span> <span class='ocrx_word' id='word_1_783' title='bbox 1384 2237 1478 2282; x_wconf 85' lang='lat' dir='ltr'><strong>Israel</strong></span> <span class='ocrx_word' id='word_1_784' title='bbox 1499 2263 1509 2279; x_wconf 94' lang='lat'>,</span> <span class='ocrx_word' id='word_1_785' title='bbox 1536 2241 1573 2273; x_wconf 89' lang='lat' dir='ltr'><strong>de</strong></span> <span class='ocrx_word' id='word_1_786' title='bbox 1595 2242 1756 2283; x_wconf 76' lang='lat' dir='ltr'><strong>scripturis</strong></span> <span class='ocrx_word' id='word_1_787' title='bbox 1777 2243 1958 2284; x_wconf 85' lang='lat' dir='ltr'><strong>alloquentes</strong></span> <span class='ocrx_word' id='word_1_788' title='bbox 1980 2256 2048 2285; x_wconf 86' lang='lat' dir='ltr'><strong>eos,</strong></span> 
     </span>
     <span class='ocr_line' id='line_1_108' title="bbox 1160 2288 2049 2334; baseline 0.007 -13"><span class='ocrx_word' id='word_1_789' title='bbox 1160 2288 1344 2328; x_wconf 86' lang='lat' dir='ltr'><strong>ostendebant</strong></span> <span class='ocrx_word' id='word_1_790' title='bbox 1373 2289 1528 2332; x_wconf 86' lang='lat' dir='ltr'><strong>JESUM</strong></span> <span class='ocrx_word' id='word_1_791' title='bbox 1550 2291 1720 2333; x_wconf 82' lang='lat' dir='ltr'><strong>crucifixum</strong></span> <span class='ocrx_word' id='word_1_792' title='bbox 1740 2290 1817 2324; x_wconf 87' lang='lat' dir='ltr'><strong>hunc</strong></span> <span class='ocrx_word' id='word_1_793' title='bbox 1837 2293 1887 2334; x_wconf 83' lang='lat' dir='ltr'><strong>esse</strong></span> <span class='ocrx_word' id='word_1_794' title='bbox 1899 2293 2049 2333; x_wconf 80' lang='lat' dir='ltr'><strong>Christum</strong></span> 
     </span>
     <span class='ocr_line' id='line_1_109' title="bbox 1161 2339 2075 2385; baseline 0.009 -15"><span class='ocrx_word' id='word_1_795' title='bbox 1161 2340 1272 2371; x_wconf 84' lang='lat' dir='ltr'><strong>Filium</strong></span> <span class='ocrx_word' id='word_1_796' title='bbox 1286 2341 1343 2370; x_wconf 90' lang='lat' dir='ltr'><strong>Dei</strong></span> <span class='ocrx_word' id='word_1_797' title='bbox 1366 2343 1434 2370; x_wconf 85' lang='lat' dir='ltr'><strong>vivi</strong></span> <span class='ocrx_word' id='word_1_798' title='bbox 1453 2339 1638 2381; x_wconf 71' lang='lat' dir='ltr'><strong>&amp;magnam</strong></span> <span class='ocrx_word' id='word_1_799' title='bbox 1659 2342 1850 2375; x_wconf 85' lang='lat' dir='ltr'><strong>multitudine</strong></span> <span class='ocrx_word' id='word_1_800' title='bbox 1866 2341 2049 2385; x_wconf 83' lang='lat' dir='ltr'><strong>suadebant,</strong></span> <span class='ocrx_word' id='word_1_801' title='bbox 2073 2375 2075 2379; x_wconf 82' lang='grc'>,</span> 
     </span>
     <span class='ocr_line' id='line_1_110' title="bbox 1160 2386 2049 2430; baseline 0.009 -11"><span class='ocrx_word' id='word_1_802' title='bbox 1160 2399 1226 2430; x_wconf 87' lang='lat' dir='ltr'><strong>quae</strong></span> <span class='ocrx_word' id='word_1_803' title='bbox 1246 2395 1349 2420; x_wconf 91' lang='lat' dir='ltr'><strong>tamen</strong></span> <span class='ocrx_word' id='word_1_804' title='bbox 1362 2386 1492 2420; x_wconf 82' lang='lat' dir='ltr'><strong>babebat</strong></span> <span class='ocrx_word' id='word_1_805' title='bbox 1503 2392 1637 2422; x_wconf 86' lang='lat' dir='ltr'><strong>timorem</strong></span> <span class='ocrx_word' id='word_1_806' title='bbox 1648 2392 1692 2422; x_wconf 87' lang='lat' dir='ltr'><strong>ad</strong></span> <span class='ocrx_word' id='word_1_807' title='bbox 1704 2394 1818 2423; x_wconf 89' lang='lat' dir='ltr'><strong>Deum.</strong></span> <span class='ocrx_word' id='word_1_808' title='bbox 1846 2395 1876 2423; x_wconf 86' lang='grc' dir='ltr'><strong><em>Ε</em></strong></span> <span class='ocrx_word' id='word_1_809' title='bbox 1880 2401 1894 2423; x_wconf 92' lang='lat' dir='ltr'><strong>t</strong></span> <span class='ocrx_word' id='word_1_810' title='bbox 1914 2405 1975 2427; x_wconf 83' lang='lat' dir='ltr'><strong>una</strong></span> <span class='ocrx_word' id='word_1_811' title='bbox 1999 2395 2049 2427; x_wconf 78' lang='lat' dir='ltr'><strong>die</strong></span> 
     </span>
     <span class='ocr_line' id='line_1_111' title="bbox 1159 2435 2050 2485; baseline 0.007 -15"><span class='ocrx_word' id='word_1_812' title='bbox 1159 2438 1310 2480; x_wconf 80' lang='lat' dir='ltr'><strong>baptizati</strong></span> <span class='ocrx_word' id='word_1_813' title='bbox 1315 2435 1391 2480; x_wconf 89' lang='lat' dir='ltr'><strong>sunt</strong></span> <span class='ocrx_word' id='word_1_814' title='bbox 1404 2437 1550 2470; x_wconf 84' lang='lat' dir='ltr'><strong>hominum</strong></span> <span class='ocrx_word' id='word_1_815' title='bbox 1562 2444 1623 2471; x_wconf 89' lang='lat' dir='ltr'><strong>tria</strong></span> <span class='ocrx_word' id='word_1_816' title='bbox 1642 2440 1759 2481; x_wconf 86' lang='lat' dir='ltr'><strong>millia,</strong></span> <span class='ocrx_word' id='word_1_817' title='bbox 1787 2443 1821 2475; x_wconf 59' lang='grc' dir='ltr'><strong>(τ</strong></span> <span class='ocrx_word' id='word_1_818' title='bbox 1842 2450 1988 2485; x_wconf 86' lang='lat' dir='ltr'><strong>quatuor,</strong></span> <span class='ocrx_word' id='word_1_819' title='bbox 2014 2446 2050 2478; x_wconf 62' lang='grc' dir='ltr'>Θ</span> 
     </span>
     <span class='ocr_line' id='line_1_112' title="bbox 1159 2487 2050 2534; baseline 0.009 -13"><span class='ocrx_word' id='word_1_820' title='bbox 1159 2495 1285 2531; x_wconf 84' lang='lat' dir='ltr'><strong>quinque</strong></span> <span class='ocrx_word' id='word_1_821' title='bbox 1304 2514 1311 2520; x_wconf 94' lang='lat'><em>.</em></span> <span class='ocrx_word' id='word_1_822' title='bbox 1341 2487 1478 2522; x_wconf 81' lang='lat' dir='ltr'><strong>Plenam</strong></span> <span class='ocrx_word' id='word_1_823' title='bbox 1502 2488 1689 2531; x_wconf 84' lang='lat' dir='ltr'><strong>Apostolici</strong></span> <span class='ocrx_word' id='word_1_824' title='bbox 1713 2490 1865 2534; x_wconf 80' lang='lat' dir='ltr'><strong>symboli</strong></span> <span class='ocrx_word' id='word_1_825' title='bbox 1886 2493 1985 2528; x_wconf 88' lang='lat' dir='ltr'><strong>fidem</strong></span> <span class='ocrx_word' id='word_1_826' title='bbox 2011 2506 2050 2529; x_wconf 88' lang='lat' dir='ltr'><strong>ac</strong></span> 
     </span>
     <span class='ocr_line' id='line_1_113' title="bbox 1160 2538 2052 2581; baseline 0.007 -9"><span class='ocrx_word' id='word_1_827' title='bbox 1160 2539 1313 2573; x_wconf 86' lang='lat' dir='ltr'><strong>notitiam</strong></span> <span class='ocrx_word' id='word_1_828' title='bbox 1337 2538 1400 2573; x_wconf 77' lang='lat' dir='ltr'><strong>esse</strong></span> <span class='ocrx_word' id='word_1_829' title='bbox 1418 2538 1547 2581; x_wconf 82' lang='lat' dir='ltr'><strong>justitiae</strong></span> <span class='ocrx_word' id='word_1_830' title='bbox 1568 2551 1607 2572; x_wconf 83' lang='lat' dir='ltr'><strong>ac</strong></span> <span class='ocrx_word' id='word_1_831' title='bbox 1627 2540 1740 2574; x_wconf 83' lang='lat' dir='ltr'><strong>salutis</strong></span> <span class='ocrx_word' id='word_1_832' title='bbox 1761 2542 1971 2577; x_wconf 78' lang='lat' dir='ltr'><strong>necessarium</strong></span> <span class='ocrx_word' id='word_1_833' title='bbox 1984 2554 2052 2578; x_wconf 88' lang='lat' dir='ltr'><strong>rne-</strong></span> 
     </span>
     <span class='ocr_line' id='line_1_114' title="bbox 1158 2586 2048 2628; baseline 0.007 -6"><span class='ocrx_word' id='word_1_834' title='bbox 1158 2589 1251 2622; x_wconf 91' lang='lat' dir='ltr'><strong>dium</strong></span> <span class='ocrx_word' id='word_1_835' title='bbox 1269 2586 1366 2622; x_wconf 90' lang='lat' dir='ltr'><strong>docet</strong></span> <span class='ocrx_word' id='word_1_836' title='bbox 1376 2587 1633 2624; x_wconf 75' lang='lat' dir='ltr'><strong>constantissime</strong></span> <span class='ocrx_word' id='word_1_837' title='bbox 1654 2591 1788 2625; x_wconf 62' lang='lat' dir='ltr'><strong>Sanctus</strong></span> <span class='ocrx_word' id='word_1_838' title='bbox 1798 2592 1935 2627; x_wconf 87' lang='lat' dir='ltr'><strong>Irenaeus</strong></span> <span class='ocrx_word' id='word_1_839' title='bbox 1947 2619 1954 2626; x_wconf 94' lang='lat'>.</span> <span class='ocrx_word' id='word_1_840' title='bbox 1981 2592 2048 2628; x_wconf 88' lang='lat' dir='ltr'><strong>Ve-</strong></span> 
     </span>
     <span class='ocr_line' id='line_1_115' title="bbox 1159 2638 2049 2682; baseline 0.006 -10"><span class='ocrx_word' id='word_1_841' title='bbox 1159 2639 1228 2673; x_wconf 80' lang='lat' dir='ltr'><strong>rum</strong></span> <span class='ocrx_word' id='word_1_842' title='bbox 1239 2638 1331 2673; x_wconf 86' lang='lat' dir='ltr'><strong>addit</strong></span> <span class='ocrx_word' id='word_1_843' title='bbox 1343 2639 1412 2682; x_wconf 88' lang='lat' dir='ltr'><strong>ejus</strong></span> <span class='ocrx_word' id='word_1_844' title='bbox 1423 2638 1663 2682; x_wconf 82' lang='lat' dir='ltr'><strong>expositionem</strong></span> <span class='ocrx_word' id='word_1_845' title='bbox 1685 2641 1852 2676; x_wconf 88' lang='lat' dir='ltr'><strong>Eunucho</strong></span> <span class='ocrx_word' id='word_1_846' title='bbox 1872 2654 1941 2676; x_wconf 90' lang='lat' dir='ltr'><strong>non</strong></span> <span class='ocrx_word' id='word_1_847' title='bbox 1954 2643 2049 2677; x_wconf 69' lang='lat' dir='ltr'><strong>fuisse</strong></span> 
     </span>
     <span class='ocr_line' id='line_1_116' title="bbox 1158 2688 2048 2733; baseline 0.001 -10"><span class='ocrx_word' id='word_1_848' title='bbox 1158 2690 1365 2723; x_wconf 78' lang='lat' dir='ltr'><strong>necessariam</strong></span> <span class='ocrx_word' id='word_1_849' title='bbox 1390 2711 1399 2721; x_wconf 82' lang='lat'><strong>.</strong></span> <span class='ocrx_word' id='word_1_850' title='bbox 1426 2688 1609 2724; x_wconf 83' lang='lat' dir='ltr'><strong>Eunuchus</strong></span> <span class='ocrx_word' id='word_1_851' title='bbox 1643 2691 1733 2725; x_wconf 90' lang='lat' dir='ltr'><strong>enim</strong></span> <span class='ocrx_word' id='word_1_852' title='bbox 1759 2702 1828 2725; x_wconf 89' lang='lat' dir='ltr'><strong>erat</strong></span> <span class='ocrx_word' id='word_1_853' title='bbox 1861 2692 2048 2733; x_wconf 83' lang='lat' dir='ltr'><strong>Judaeorum</strong></span> 
     </span>
     <span class='ocr_line' id='line_1_117' title="bbox 1157 2739 2047 2783; baseline 0.002 -10"><span class='ocrx_word' id='word_1_854' title='bbox 1157 2739 1355 2783; x_wconf 88' lang='lat' dir='ltr'><strong>proselytus,</strong></span> <span class='ocrx_word' id='word_1_855' title='bbox 1378 2739 1517 2781; x_wconf 87' lang='lat' dir='ltr'><strong>ideoque</strong></span> <span class='ocrx_word' id='word_1_856' title='bbox 1529 2751 1645 2773; x_wconf 87' lang='lat' dir='ltr'><strong>omnes</strong></span> <span class='ocrx_word' id='word_1_857' title='bbox 1656 2741 1740 2773; x_wconf 89' lang='lat' dir='ltr'><strong>circa</strong></span> <span class='ocrx_word' id='word_1_858' title='bbox 1753 2740 1885 2773; x_wconf 84' lang='lat' dir='ltr'><strong>Divinae</strong></span> <span class='ocrx_word' id='word_1_859' title='bbox 1896 2740 2047 2782; x_wconf 73' lang='lat' dir='ltr'><strong>Maiesta-</strong></span> 
     </span>
     <span class='ocr_line' id='line_1_118' title="bbox 1157 2789 2045 2832; baseline 0.001 -9"><span class='ocrx_word' id='word_1_860' title='bbox 1157 2792 1198 2823; x_wconf 85' lang='lat' dir='ltr'><strong>tis</strong></span> <span class='ocrx_word' id='word_1_861' title='bbox 1223 2789 1404 2824; x_wconf 78' lang='lat' dir='ltr'><strong>Essentiarn</strong></span> <span class='ocrx_word' id='word_1_862' title='bbox 1423 2813 1434 2828; x_wconf 91' lang='lat'>,</span> <span class='ocrx_word' id='word_1_863' title='bbox 1460 2789 1576 2821; x_wconf 88' lang='lat' dir='ltr'><strong>mundi</strong></span> <span class='ocrx_word' id='word_1_864' title='bbox 1596 2790 1793 2822; x_wconf 86' lang='lat' dir='ltr'><strong>creationem</strong></span> <span class='ocrx_word' id='word_1_865' title='bbox 1808 2812 1819 2828; x_wconf 91' lang='lat'>‚</span> <span class='ocrx_word' id='word_1_866' title='bbox 1845 2801 1885 2823; x_wconf 87' lang='lat' dir='ltr'><strong>ac</strong></span> <span class='ocrx_word' id='word_1_867' title='bbox 1900 2789 2045 2832; x_wconf 83' lang='lat' dir='ltr'><strong>promiffi</strong></span> 
     </span>
     <span class='ocr_line' id='line_1_119' title="bbox 1157 2838 2045 2877; baseline -0.002 -3"><span class='ocrx_word' id='word_1_868' title='bbox 1157 2839 1581 2874; x_wconf 87' lang='lat' dir='ltr'><strong>Mediatorisoeconomiam</strong></span> <span class='ocrx_word' id='word_1_869' title='bbox 1595 2838 1768 2877; x_wconf 89' lang='lat' dir='ltr'><strong>articulos,</strong></span> <span class='ocrx_word' id='word_1_870' title='bbox 1799 2849 1928 2872; x_wconf 91' lang='lat' dir='ltr'><strong>necnon</strong></span> <span class='ocrx_word' id='word_1_871' title='bbox 1952 2839 2045 2875; x_wconf 84' lang='lat' dir='ltr'><strong>&amp;re-</strong></span> 
     </span>
     <span class='ocr_line' id='line_1_120' title="bbox 1156 2885 2043 2932; baseline -0.002 -8"><span class='ocrx_word' id='word_1_872' title='bbox 1156 2893 1209 2924; x_wconf 68' lang='lat' dir='ltr'><strong>&amp;ae</strong></span> <span class='ocrx_word' id='word_1_873' title='bbox 1231 2891 1304 2924; x_wconf 81' lang='lat' dir='ltr'><strong>vitae</strong></span> <span class='ocrx_word' id='word_1_874' title='bbox 1324 2888 1452 2932; x_wconf 85' lang='lat' dir='ltr'><strong>regulas</strong></span> <span class='ocrx_word' id='word_1_875' title='bbox 1476 2899 1519 2921; x_wconf 84' lang='lat' dir='ltr'><strong>ex</strong></span> <span class='ocrx_word' id='word_1_876' title='bbox 1540 2888 1629 2932; x_wconf 88' lang='lat' dir='ltr'><strong>Lege</strong></span> <span class='ocrx_word' id='word_1_877' title='bbox 1648 2888 1681 2921; x_wconf 76' lang='grc' dir='ltr'><strong>ὃ(</strong></span> <span class='ocrx_word' id='word_1_878' title='bbox 1694 2885 1866 2931; x_wconf 86' lang='lat' dir='ltr'><strong>Prophetis</strong></span> <span class='ocrx_word' id='word_1_879' title='bbox 1888 2900 2043 2924; x_wconf 78' lang='lat' dir='ltr'><strong>noverat:</strong></span> 
     </span>
     <span class='ocr_line' id='line_1_121' title="bbox 1157 2937 2041 2983; baseline -0.001 -9"><span class='ocrx_word' id='word_1_880' title='bbox 1157 2941 1198 2975; x_wconf 89' lang='lat' dir='ltr'><strong>Ei</strong></span> <span class='ocrx_word' id='word_1_881' title='bbox 1221 2938 1305 2974; x_wconf 83' lang='lat' dir='ltr'><strong>nihil</strong></span> <span class='ocrx_word' id='word_1_882' title='bbox 1326 2939 1456 2977; x_wconf 88' lang='lat' dir='ltr'><strong>deerat,</strong></span> <span class='ocrx_word' id='word_1_883' title='bbox 1483 2938 1542 2971; x_wconf 84' lang='lat' dir='ltr'><strong>nisi</strong></span> <span class='ocrx_word' id='word_1_884' title='bbox 1564 2937 1689 2972; x_wconf 83' lang='lat' dir='ltr'><strong>credere</strong></span> <span class='ocrx_word' id='word_1_885' title='bbox 1710 2939 1744 2972; x_wconf 78' lang='grc' dir='ltr'><strong>δε</strong></span> <span class='ocrx_word' id='word_1_886' title='bbox 1767 2939 1858 2973; x_wconf 79' lang='lat' dir='ltr'><strong>nosse</strong></span> <span class='ocrx_word' id='word_1_887' title='bbox 1876 2939 2041 2983; x_wconf 75' lang='lat' dir='ltr'><strong>quodJE.</strong></span> 
     </span>
     <span class='ocr_line' id='line_1_122' title="bbox 1155 2986 2042 3032; baseline 0.001 -9"><span class='ocrx_word' id='word_1_888' title='bbox 1155 2990 1241 3025; x_wconf 92' lang='lat' dir='ltr'><strong>SUS</strong></span> <span class='ocrx_word' id='word_1_889' title='bbox 1266 2987 1446 3022; x_wconf 83' lang='lat' dir='ltr'>MARIAE</span> <span class='ocrx_word' id='word_1_890' title='bbox 1458 2987 1561 3021; x_wconf 84' lang='lat' dir='ltr'><strong>Filius</strong></span> <span class='ocrx_word' id='word_1_891' title='bbox 1572 3012 1582 3028; x_wconf 87' lang='lat'><strong>,</strong></span> <span class='ocrx_word' id='word_1_892' title='bbox 1610 2986 1794 3031; x_wconf 70' lang='lat' dir='ltr'><strong>nuperrime</strong></span> <span class='ocrx_word' id='word_1_893' title='bbox 1814 2987 1832 3021; x_wconf 70' lang='lat' dir='ltr'><strong>a</strong></span> <span class='ocrx_word' id='word_1_894' title='bbox 1845 2989 1961 3032; x_wconf 84' lang='lat' dir='ltr'><strong>Judaeis</strong></span> <span class='ocrx_word' id='word_1_895' title='bbox 1973 3001 2042 3024; x_wconf 86' lang='lat' dir='ltr'><strong>cru-</strong></span> 
     </span>
     <span class='ocr_line' id='line_1_123' title="bbox 1154 3034 2042 3082; baseline -0.001 -7"><span class='ocrx_word' id='word_1_896' title='bbox 1154 3042 1292 3082; x_wconf 86' lang='lat' dir='ltr'><strong>cifixus,</strong></span> <span class='ocrx_word' id='word_1_897' title='bbox 1318 3041 1352 3074; x_wconf 91' lang='lat'>&amp;</span> <span class='ocrx_word' id='word_1_898' title='bbox 1371 3038 1390 3071; x_wconf 74' lang='lat' dir='ltr'><strong>a</strong></span> <span class='ocrx_word' id='word_1_899' title='bbox 1413 3039 1488 3072; x_wconf 89' lang='lat' dir='ltr'><strong>Deo</strong></span> <span class='ocrx_word' id='word_1_900' title='bbox 1511 3038 1607 3072; x_wconf 86' lang='lat' dir='ltr'><strong>Patre</strong></span> <span class='ocrx_word' id='word_1_901' title='bbox 1631 3038 1833 3072; x_wconf 83' lang='lat' dir='ltr'><strong>resuscitatus</strong></span> <span class='ocrx_word' id='word_1_902' title='bbox 1847 3034 1872 3072; x_wconf 72' lang='lat' dir='ltr'><strong>&#39;a</strong></span> <span class='ocrx_word' id='word_1_903' title='bbox 1885 3039 2042 3078; x_wconf 85' lang='lat' dir='ltr'><strong>mortuis,</strong></span> 
     </span>
     <span class='ocr_line' id='line_1_124' title="bbox 1154 3087 2044 3135; baseline -0.004 -9"><span class='ocrx_word' id='word_1_904' title='bbox 1154 3093 1230 3125; x_wconf 73' lang='lat' dir='ltr'><strong>esset</strong></span> <span class='ocrx_word' id='word_1_905' title='bbox 1242 3089 1411 3135; x_wconf 81' lang='lat' dir='ltr'><strong>promissus</strong></span> <span class='ocrx_word' id='word_1_906' title='bbox 1421 3087 1607 3122; x_wconf 84' lang='lat' dir='ltr'><strong>Mediator.</strong></span> <span class='ocrx_word' id='word_1_907' title='bbox 1634 3088 1714 3122; x_wconf 90' lang='lat' dir='ltr'><strong>Hoc</strong></span> <span class='ocrx_word' id='word_1_908' title='bbox 1725 3089 1781 3132; x_wconf 87' lang='lat' dir='ltr'><strong>ipsi</strong></span> <span class='ocrx_word' id='word_1_909' title='bbox 1803 3090 1953 3131; x_wconf 84' lang='lat' dir='ltr'><strong>persuasit</strong></span> <span class='ocrx_word' id='word_1_910' title='bbox 1966 3088 2044 3122; x_wconf 82' lang='lat' dir='ltr'><strong>Phi-</strong></span> 
     </span>
     <span class='ocr_line' id='line_1_125' title="bbox 1155 3139 2040 3185; baseline -0.003 -10"><span class='ocrx_word' id='word_1_911' title='bbox 1155 3142 1285 3185; x_wconf 75' lang='lat' dir='ltr'><strong>lippus:</strong></span> <span class='ocrx_word' id='word_1_912' title='bbox 1313 3140 1357 3174; x_wconf 88' lang='lat' dir='ltr'><strong>Et</strong></span> <span class='ocrx_word' id='word_1_913' title='bbox 1380 3140 1424 3173; x_wconf 88' lang='lat' dir='ltr'><strong>ita</strong></span> <span class='ocrx_word' id='word_1_914' title='bbox 1447 3139 1676 3181; x_wconf 86' lang='lat' dir='ltr'><strong>profitentem,</strong></span> <span class='ocrx_word' id='word_1_915' title='bbox 1704 3139 2040 3182; x_wconf 71' lang='lat' dir='ltr'><strong>CredoJESUMesJe</strong></span> 
     </span>
     <span class='ocr_line' id='line_1_126' title="bbox 1155 3188 1967 3232; baseline -0.011 -6"><span class='ocrx_word' id='word_1_916' title='bbox 1155 3194 1267 3226; x_wconf 85' lang='lat' dir='ltr'><strong>Filium</strong></span> <span class='ocrx_word' id='word_1_917' title='bbox 1280 3195 1360 3231; x_wconf 81' lang='lat' dir='ltr'><strong>Dei,</strong></span> <span class='ocrx_word' id='word_1_918' title='bbox 1387 3189 1496 3223; x_wconf 85' lang='lat' dir='ltr'><strong>statim</strong></span> <span class='ocrx_word' id='word_1_919' title='bbox 1518 3188 1714 3232; x_wconf 84' lang='lat' dir='ltr'><strong>baptizavit.</strong></span> <span class='ocrx_word' id='word_1_920' title='bbox 1965 3214 1967 3217; x_wconf 90' lang='lat'>.</span> 
     </span>
    </p>

    <p class='ocr_par' dir='ltr' id='par_1_15' title="bbox 1154 3238 2037 3332">
     <span class='ocr_line' id='line_1_127' title="bbox 1202 3238 2037 3282; baseline -0.004 -6"><span class='ocrx_word' id='word_1_921' title='bbox 1202 3242 1326 3276; x_wconf 88' lang='lat' dir='ltr'><strong>Eadem</strong></span> <span class='ocrx_word' id='word_1_922' title='bbox 1348 3240 1394 3274; x_wconf 87' lang='lat' dir='ltr'><strong>est</strong></span> <span class='ocrx_word' id='word_1_923' title='bbox 1416 3239 1499 3272; x_wconf 85' lang='lat' dir='ltr'><strong>ratio</strong></span> <span class='ocrx_word' id='word_1_924' title='bbox 1521 3238 1724 3281; x_wconf 85' lang='lat' dir='ltr'><strong>Judaeorum,</strong></span> <span class='ocrx_word' id='word_1_925' title='bbox 1749 3250 1888 3282; x_wconf 86' lang='lat' dir='ltr'><strong>quorum</strong></span> <span class='ocrx_word' id='word_1_926' title='bbox 1910 3239 2037 3282; x_wconf 85' lang='lat' dir='ltr'><strong>aliquot</strong></span> 
     </span>
     <span class='ocr_line' id='line_1_128' title="bbox 1154 3289 2036 3332; baseline -0.005 -6"><span class='ocrx_word' id='word_1_927' title='bbox 1154 3293 1258 3327; x_wconf 85' lang='lat' dir='ltr'><strong>millia</strong></span> <span class='ocrx_word' id='word_1_928' title='bbox 1273 3303 1341 3325; x_wconf 90' lang='lat' dir='ltr'><strong>uno</strong></span> <span class='ocrx_word' id='word_1_929' title='bbox 1352 3290 1406 3325; x_wconf 89' lang='lat' dir='ltr'><strong>die</strong></span> <span class='ocrx_word' id='word_1_930' title='bbox 1429 3290 1561 3323; x_wconf 69' lang='lat' dir='ltr'><strong>Sanctus</strong></span> <span class='ocrx_word' id='word_1_931' title='bbox 1585 3289 1696 3324; x_wconf 85' lang='lat' dir='ltr'><strong>Petrus</strong></span> <span class='ocrx_word' id='word_1_932' title='bbox 1722 3289 1918 3331; x_wconf 83' lang='lat' dir='ltr'><strong>baptizavit.</strong></span> <span class='ocrx_word' id='word_1_933' title='bbox 1946 3290 2036 3332; x_wconf 81' lang='lat' dir='ltr'><strong>Ipsos</strong></span> 
     </span>
    </p>
   </div>
   <div class='ocr_carea' id='block_1_5' title="bbox 1153 3338 2035 3437">
    <p class='ocr_par' dir='ltr' id='par_1_16' title="bbox 1153 3338 2035 3437">
     <span class='ocr_line' id='line_1_129' title="bbox 1153 3338 2035 3387; baseline -0.006 -9"><span class='ocrx_word' id='word_1_934' title='bbox 1153 3353 1209 3378; x_wconf 84' lang='lat' dir='ltr'><strong>aut</strong></span> <span class='ocrx_word' id='word_1_935' title='bbox 1230 3342 1386 3387; x_wconf 86' lang='lat' dir='ltr'><strong>spiritales</strong></span> <span class='ocrx_word' id='word_1_936' title='bbox 1405 3365 1416 3381; x_wconf 90' lang='lat'>,</span> <span class='ocrx_word' id='word_1_937' title='bbox 1441 3349 1497 3374; x_wconf 89' lang='lat' dir='ltr'><strong>aut</strong></span> <span class='ocrx_word' id='word_1_938' title='bbox 1525 3338 1612 3374; x_wconf 78' lang='lat' dir='ltr'><strong>certe</strong></span> <span class='ocrx_word' id='word_1_939' title='bbox 1639 3339 1834 3383; x_wconf 87' lang='lat' dir='ltr'><strong>spiritalibus</strong></span> <span class='ocrx_word' id='word_1_940' title='bbox 1867 3339 2035 3382; x_wconf 80' lang='lat' dir='ltr'><strong>proximos</strong></span> 
     </span>
     <span class='ocr_line' id='line_1_130' title="bbox 1558 3388 1982 3437; baseline -0.005 -14"><span class='ocrx_word' id='word_1_941' title='bbox 1558 3389 1592 3423; x_wconf 93' lang='lat' dir='ltr'>O</span> <span class='ocrx_word' id='word_1_942' title='bbox 1644 3400 1662 3437; x_wconf 89' lang='lat'>3</span> <span class='ocrx_word' id='word_1_943' title='bbox 1865 3388 1982 3429; x_wconf 70' lang='lat' dir='ltr'><strong>fuine,</strong></span> 
     </span>
    </p>
   </div>
  </div>
 </body>
</html>
