2346 3724
675 162 718 207 C

225 244 449 284 Pontificalis‚
476 253 574 288 quem
599 243 657 279 ille
667 245 833 290 sequitur,
858 252 1036 288 repugnat.
1065 243 1109 277 Et

227 305 391 343 quotquot
413 294 529 329 dicunt
551 295 718 331 Clementi
732 295 930 330 Anacletum
953 294 1110 328 succeffis-

229 350 280 387 se,
304 346 393 380 hunc
405 356 474 379 non
496 343 702 390 distinguunt
722 343 1109 388 aCleto.=1temdispli-

228 408 282 432 cet
292 421 303 437 ,
333 394 421 440 quod
433 404 546 429 contra
558 397 666 430 Sancti
678 395 881 443 Hier9nymi
889 394 1108 439 gravissimam

229 445 463 484 authoritatem
487 442 527 479 ex
547 446 716 489 semetipso
736 446 804 479 sine
827 444 905 479 teste
926 443 1014 478 dicat
1035 443 1109 478 Cle·

230 507 375 543 mentem
395 507 435 529 ex
459 494 519 530 hac
531 496 598 531 vita
610 496 721 531 abiisse
731 496 772 529 ad
788 495 959 538 septimum
984 505 1109 529 annum

228 545 434 589 Vespasiani.
463 546 604 594 Reliqua
617 547 686 590 ejus
697 546 790 580 Dicta
799 545 918 589 poffint
940 546 1003 580 effe
1013 555 1087 579 vera
1099 568 1110 584 ,

229 597 284 632 sed
297 607 407 630 carent
419 596 530 631 fulcris
540 597 807 631 authenticorum
821 595 1089 630 testimoniorum
1102 617 1110 626 .

229 648 265 682 si
288 641 371 680 mihi
386 648 441 680 fiat
464 645 706 688 conjecturandi
730 646 870 681 facultas
885 670 897 687 ,
922 645 1031 680 dicam
1055 643 1110 679 Li·

230 708 313 731 num
335 697 369 730 ὃ(
382 697 514 730 Cletum
525 697 566 731 ad
581 697 722 731 Domini
733 696 1038 741 quinquagesimum
1051 694 1113 738 pri-

230 757 344 785 mum,
370 746 502 782 Claudii
521 745 729 790 Imperatoris
743 742 868 781 nonum
880 770 891 787 ‚
917 746 1006 781 Petri
1017 745 1110 779 Pon·

231 797 331 830 tificis
342 797 512 839 septimum
523 809 648 832 annum
668 797 762 832 fuisse
774 798 980 840 consecratos
992 820 1004 837 ‚
1030 795 1110 830 dum

226 846 337 880 dietus
350 845 506 890 Princeps
525 858 642 882 omnes
661 847 785 890 Judaeos
798 846 978 890 prosciipfit
998 857 1041 880 ex
1053 845 1111 878 Ita·

227 896 292 930 lia.
321 896 423 931 Tunc
445 897 561 931 Petrus
586 920 598 937 ‚
625 906 667 930 ne
687 895 818 931 novella
843 896 950 932 Urbis
969 895 1110 930 Ecclefia

227 956 376 982 maneret
397 945 464 980 fine
484 945 672 989 Episcopo,
699 945 783 989 duos
805 945 1006 980 consecravit
1017 946 1111 979 Vica-

227 992 314 1031 r‘ios.
343 995 388 1029 Et
403 994 494 1038 quod
516 995 641 1039 Judaeos
661 993 730 1031 non
752 997 855 1039 posset
873 1020 884 1037 ‚
910 993 1109 1030 consecravit

226 1045 368 1089 gentiles
388 1069 397 1078 .
426 1045 561 1086 Creayit
581 1046 665 1080 duos
683 1059 694 1078 .-
725 1045 847 1080 Unum
876 1047 911 1078 in
934 1043 1107 1088 principali

225 1095 329 1134 urbe,
355 1094 494 1128 alterum
516 1095 552 1128 in
571 1096 709 1139 regione
731 1104 818 1128 trans
828 1093 982 1128 Tiberim
998 1120 1005 1128 .
1033 1095 1108 1130 Istic

226 1144 340 1184 enim,
367 1142 457 1186 quod
467 1143 544 1178 esset
554 1144 735 1188 Judaeorum
756 1144 966 1179 domicilium
980 1169 991 1186 ,
1017 1156 1109 1180 erant

226 1193 335 1239 plures
355 1192 536 1228 Christiani
551 1218 559 1225 .
582 1194 616 1229 Si
629 1195 735 1229 Linus
755 1206 913 1240 umquam
937 1196 1033 1230 fuerit
1046 1195 1110 1230 Ve-

227 1243 394 1280 sontionis
408 1244 590 1289 Episcopus
601 1269 612 1285 ,
638 1244 766 1279 videtur
777 1256 855 1279 tunc
870 1246 1010 1279 Romam
1022 1256 1111 1286 revo-

228 1291 322 1329 catus
342 1293 362 1328 a
379 1291 498 1335 Petro,
524 1306 562 1328 ac
585 1294 653 1338 ejus
672 1295 707 1328 in
731 1295 845 1329 locum
868 1295 979 1334 missus
1001 1296 1113 1331 nescio

789 174 1097 215 'Al-²31

229 1342 415 1387 quisalius.
442 1343 577 1378 Etenim
602 1345 693 1378 istius
708 1344 856 1378 Ecclesiae
867 1343 1014 1379 Archiva
1024 1346 1114 1379 affir-

229 1402 325 1428 mant
346 1394 441 1428 suum
465 1394 642 1428 secundum
666 1395 866 1438 Episcopum
888 1394 1115 1429 Maximinum

230 1443 295 1478 effe
314 1442 371 1476 fibi
387 1445 518 1478 miffum
540 1445 558 1478 a
571 1445 689 1478 Sansto
700 1444 867 1480 Pontifice
879 1445 964 1489 Cajo
976 1469 983 1476 -
1010 1446 1041 1480 1s
1051 1446 1114 1482 for-

230 1492 286 1526 san
295 1492 393 1526 fuerit
406 1493 557 1527 omnium
568 1493 690 1537 primus
702 1517 710 1525 .

280 1540 396 1576 Restat
417 1543 577 1586 antiqua,
605 1553 659 1586 per
678 1542 839 1586 quosdam
860 1542 947 1588 apud
963 1544 1115 1578 Sanctum

228 1589 457 1635 Epiphanium
480 1601 573 1628 mota
588 1592 771 1635 dubitatio,
800 1606 857 1629 cur
877 1595 994 1630 Petrus
1013 1595 1115 1629 senio-

230 1650 298 1675 rem
321 1641 531 1677 Clementem
545 1642 734 1686 junioribus
756 1644 847 1679 Lino
867 1645 900 1678 &
913 1645 1011 1678 Cleto
1027 1645 1117 1689 post-

230 1689 374 1733 posuerit
397 1690 414 1722 ?
450 1692 520 1725 Cur
540 1692 697 1728 Clemens
719 1691 817 1728 Petro
839 1694 1025 1729 immediate
1047 1706 1114 1728 non

78 1749 214 1783 Hatram
230 1741 413 1775 successerit
438 1741 456 1772 ἓ
481 1742 526 1776 Et
545 1741 751 1786 Epiphanius
777 1745 949 1788 respondet
971 1758 982 1778 .·
1012 1745 1118 1778 Utrum

89 1795 157 1827 cap.
183 1793 211 1818 6-
231 1789 316 1829 illis,
342 1794 444 1832 utique
467 1794 546 1825 Lino
566 1794 600 1826 6·
626 1795 731 1834 cleto,
758 1794 856 1827 adbuc
885 1793 1094 1836 superstitibus
1106 1818 1117 1835 ‚

231 1841 372 1873 Clemens
394 1838 533 1882 impositis
554 1842 693 1875 manibus
721 1845 741 1875 ἃ
767 1846 855 1876 Petro
869 1843 909 1883 fit
932 1842 1116 1886 confici-atus

231 1888 396 1933 Episcopus
407 1914 418 1931 ,
446 1900 539 1932 eaque
549 1890 717 1926 detrec‘iata
730 1894 895 1926 Provincia
915 1893 954 1925 ab
966 1899 1046 1926 omni
1062 1893 1116 1926 ad-

228 1940 445 1979 ministratione
469 1946 648 1975 vacaverit.
680 1945 727 1975 Ita
750 1948 828 1977 em‘m
852 1948 884 1976 in
894 1944 1027 1985 quadam
1039 1947 1117 1985 Epi-

224 1988 435 2034 stolascripfit:
464 1990 559 2025 Exeo
572 2015 583 2031 ,
602 1991 720 2024 recedo
732 2014 742 2030 ,
769 1992 865 2025 instet
880 1993 1021 2035 populus
1032 1993 1114 2026 Dei.

231 2041 383 2073 Nonnulli
396 2039 536 2071 videlicet
549 2038 600 2072 boc
611 2040 696 2071 modo
707 2038 852 2082 consulent
864 2064 871 2071 .
900 2044 988 2072 Nam
1011 2046 1042 2073 in
1054 2046 1116 2083 qui·

231 2086 411 2131 quibusdam
432 2093 655 2122 commentariis
687 2092 733 2122 ita
757 2086 902 2131 scriptum
933 2095 1117 2131 reperImus.

230 2137 390 2174 Affirmat
410 2136 516 2172 varia.
544 2137 658 2173 Primo
672 2162 684 2179 ,
709 2138 799 2182 quod
823 2140 930 2174 Linus
953 2140 1118 2176 &Cletus

231 2188 357 2222 merint
379 2187 561 2223 consecrati
583 2198 659 2222 ante
680 2186 910 2230 Clementem,
938 2189 1053 2234 utique
1076 2189 1116 2222 ad

233 2235 300 2281 jam
311 2237 495 2282 expositum
512 2237 717 2273 Vicariatum
733 2262 740 2270 .
767 2239 812 2273 Et
836 2239 966 2274 videtur
986 2240 1118 2274 asserere

233 2287 314 2322 illos
331 2288 373 2323 ad
384 2287 472 2323 Petri
493 2288 589 2323 simul
606 2300 645 2323 ac
658 2287 754 2322 Pauli
779 2289 984 2325 Vicariatum
1006 2289 1118 2324 conse·

234 2347 364 2379 σπεῖος,
388 2337 537 2383 adeoque
549 2348 653 2374 unum
675 2337 818 2379 abhoc,
843 2340 984 2374 alterum
1007 2339 1117 2374 conse-

234 2396 361 2421 cratum
382 2388 425 2422 ab
445 2387 509 2422 isto
526 2412 534 2421 .
563 2388 630 2422 Rei
653 2388 771 2423 veritas
794 2388 874 2422 latet
899 2413 906 2421 .
933 2390 967 2423 Si
988 2397 1118 2431 propter

236 2437 372 2473 Claudii
395 2436 547 2471 Edictum
567 2436 690 2472 fuerint
712 2437 912 2477 consecrati,
938 2437 1039 2472 ambo
1051 2439 1119 2472 fue·

235 2497 313 2522 runt
322 2485 657 2523 consecratiaPetro.
685 2487 788 2522 ‘runc
811 2488 902 2523 enim
912 2486 1032 2522 Paulus
1048 2499 1119 2523 nec-

237 2538 318 2572 dum
337 2538 442 2572 fuerat
464 2538 583 2572 Romae
599 2564 607 2571 .
635 2536 788 2573 Secundo
814 2536 1019 2582 Epiphanius
1038 2538 1119 2573 dicit

238 2584 546 2622 Clementemfuiffe
555 2588 574 2622 a
586 2586 683 2623 Petro
694 2589 920 2624 consecratum
933 2587 1002 2623 istis
1011 2587 1120 2624 adhuc

238 2635 441 2671 viventibus.
467 2637 571 2685 Qod
592 2638 708 2682 nempe
723 2639 968 2674 consecraretur
991 2638 1033 2674 ad
1053 2639 1119 2673 suc-

239 2685 416 2721 cessionem
439 2710 448 2719 .
479 2687 523 2721 Et
545 2686 701 2723 Clemens
719 2687 949 2724 conditionem
970 2688 1118 2724 admifit.

240 2735 287 2769 Et
298 2735 370 2779 post
382 2736 489 2771 Sansti
510 2735 600 2772 Petri
620 2737 822 2783 MartyrIum
834 2739 1009 2774 Romanus
1021 2748 1120 2782 popu-

242 2785 294 2821 lus
314 2787 416 2830 ipsum
440 2786 596 2822 instanter
612 2787 724 2832 petiit,
750 2790 785 2825 δι
799 2790 906 2824 voluit
921 2787 1121 2824 inthroniza-

241 2845 330 2872 tum.
358 2835 734 2883 Vernmillerefutavit,
760 2839 914 2876 &dixitt
940 2841 1052 2884 Exeo,
1076 2849 1118 2875 re·

678 3039 766 3187 ἓ

1167 173 1186 213 1.
1256 171 1297 209 S„
1372 157 1624 208 XXXII.
1882 175 1981 225 267

1170 242 1260 280 cedo,
1284 239 1505 282 instetpopulus
1518 243 1592 274 Dei.
1618 240 1664 274 Et
1686 239 1770 282 hoc,
1795 246 1971 291 quibusdam
1981 257 2046 281 con·

1167 290 1287 335 salens.
1316 289 1458 326 Videtur
1468 291 1607 335 populus
1618 290 1712 325 fuisic
1734 292 1873 329 divisus:
1901 298 1971 331 Alii
1987 287 2046 333 Li?

1172 352 1251 376 num
1273 341 1464 385 postulasse,
1487 342 1545 375 alii
1567 340 1794 376 Clementem.
1824 344 1868 377 Et
1893 346 2048 382 Clemens

1172 392 1263 426 Lino
1286 392 1400 434 ceffir,
1425 390 1495 426 imo
1513 391 1679 430 &Cletot
1707 393 1780 433 Nec
1803 403 1879 427 ante
1901 394 1985 437 ipsos
1995 397 2049 432 de.

1170 443 1299 477 fundios
1310 443 1417 476 voluit
1433 441 1513 487 poni
1532 442 1566 476 in
1589 438 1788 476 Cathedram
1806 467 1813 474 .
1841 442 1996 477 Attamen
2008 446 2049 479 de

1171 491 1285 527 harum
1298 492 1454 527 firmitate
1466 491 1671 536 Epiphanius
1693 491 1812 527 titubat
1826 517 1836 534 ,
1863 505 1924 527 nec
1938 496 2055 536 praesu-

1172 543 1234 576 mit
1253 540 1332 587 quid
1353 554 1478 579 certum
1500 542 1632 577 asserere
1645 568 1652 575 .
1678 543 1864 590 Qomodo
1875 542 1977 588 igitur
1990 555 2052 578 nos

1172 593 1374 627 afferamus?
1400 592 1577 641 Qidquid
1606 594 1668 633 fit,
1696 592 1885 628 certum-est
1900 593 2056 627 Clemen-

1173 652 1239 678 tem
1262 643 1355 678 fuiffe
1376 645 1601 678 consecratum
1623 644 1641 677 ὲ
1668 642 1786 678 Petro.
1817 643 1860 678 Et
1874 643 2057 688 quidemin

1174 693 1425 728 succeffionem.
1451 693 1582 729 Diserte
1605 693 1638 727 id
1662 693 1816 728 asseverat
1835 694 1944 728 noster
1955 694 2058 737 Septi·

1174 745 1259 778 mius
1285 768 1296 787 ,
1321 743 1413 789 cujus
1434 742 1618 780 authoritas
1643 754 1712 777 non
1736 744 1831 790 poffit
1854 743 1950 779 facile
1976 745 2059 779 refu-

1174 804 1253 828 tan.

1244 924 1312 974 Ad
1336 923 1432 977 hanc
1453 927 1579 992 itaque
1592 925 1771 991 formam
1800 942 1989 996 provoca,-

1463 998 1601 1046 buntur
1626 1031 1641 1057 ,
1677 1001 1769 1045 &a

1227 1145 1355 1180 Dostot
1369 1147 1509 1180 affirmat
1522 1145 1698 1181 Ecclesiam
1709 1157 1750 1180 ex
1761 1143 1886 1189 duplici
1894 1145 1999 1189 capite
2015 1144 2065 1180 di-

1176 1195 1257 1231 ciac
1271 1196 1334 1230 effe
1346 1194 1575 1239 Apostolicam
1590 1218 1598 1227 .
1625 1196 1678 1230 Ex
1690 1194 1886 1229 fundatione
1897 1220 1908 1235 ,
1934 1196 1968 1229 &
1980 1206 2068 1229 acce-

1178 1257 1236 1291 pto
1248 1257 1303 1290 per
1313 1245 1458 1290 aliquem
1471 1244 1670 1289 Apostolum
1688 1256 1743 1281 aut
1758 1244 1990 1288 Apostolicum
2005 1243 2070 1286 pri-

1178 1308 1234 1331 mo
1260 1296 1447 1340 Episcopo;
1473 1307 1512 1330 ac
1534 1307 1578 1330 ex
1597 1294 1886 1340 consanguinitate
1897 1294 2070 1328 dodirinae.

1178 1345 1289 1380 Prima
1310 1346 1403 1380 radix
1415 1345 1460 1379 est
1474 1344 1660 1390 digniffima
1671 1369 1684 1387 ,
1709 1355 1743 1378 at
1757 1355 1824 1378 non
1843 1343 1997 1378 omnium
2009 1344 2072 1378 Ec·

1177 1396 1344 1431 clesiarum
1356 1420 1364 1428 .
1391 1395 1507 1430 Paucae
1518 1396 1607 1429 enim
1621 1395 1769 1429 Ecclesiae
1781 1393 1823 1428 ab
1840 1393 1912 1437 ipsis
1929 1392 2073 1437 Aposto-

1178 1446 1217 1481 lis
1237 1455 1295 1481 aut
1314 1445 1461 1490 ipsorum
1483 1443 1686 1480 immediatis
1697 1443 1866 1487 discipulis
1876 1451 2072 1487 acceperunt

1179 1497 1320 1540 primum
1333 1496 1537 1539 Episcopum
1550 1519 1557 1527 .
1588 1495 1633 1528 Et
1643 1493 1729 1528 hanc
1741 1493 1939 1538 dignitatem
1950 1492 2071 1527 ambie-

1179 1556 1255 1580 runt
1270 1569 1280 1585 ‚
1292 1546 1324 1578 δε
1335 1544 1395 1578 fibi
1406 1545 1562 1588 affingere
1575 1551 1746 1577 tentarunt
1761 1543 1891 1585 antiqui
1903 1540 2045 1576 haeretici
2058 1564 2074 1582 ‚

1179 1593 1294 1629 verum
1303 1595 1390 1629 casso
1401 1603 1541 1628 eventu.
1573 1593 1664 1628 Nam
1678 1592 1836 1627 Glaucias
1853 1592 1887 1626 ὅ(
1910 1590 2075 1626 Theoda-

1178 1645 1234 1680 des
1251 1667 1262 1684 ,
1287 1644 1309 1678 si
1324 1643 1498 1679 Basilidem
1510 1644 1546 1677 δε
1558 1641 1777 1677 Valentinum
1796 1641 1968 1677 docuerint
1981 1665 1993 1683 ‚
2017 1641 2074 1675 de-

1180 1695 1339 1729 sciverant
1359 1702 1441 1728 tunc
1463 1693 1505 1728 ab
1519 1692 1710 1736 Apostolis‚
1733 1693 1768 1727 ὅ(
1781 1693 1822 1727 ad
1837 1703 1957 1727 vocum
1976 1690 2072 1726 novi-

1178 1753 1260 1779 tates
1270 1743 1515 1780 declinaverant
1526 1766 1534 1775 .
1566 1743 1679 1777 Altera
1691 1744 1784 1777 radix
1795 1743 1842 1777 est
1857 1742 2048 1777 universalis
2060 1765 2071 1773 .

1180 1793 1354 1837 Competit
1376 1794 1475 1827 etiam
1499 1792 1567 1826 istis
1591 1791 1745 1826 Ecclesiis
1766 1815 1778 1832 ,
1804 1803 1876 1835 quae
1898 1790 2071 1835 Apostolis

1181 1845 1255 1878 sunt
1267 1841 1374 1878 multo
1385 1841 1578 1885 posteriores
1588 1865 1599 1882 ,
1625 1842 1659 1875 &
1670 1853 1738 1884 quae
1753 1841 1971 1876 instituuntur
1991 1852 2073 1885 quo-

1180 1892 1280 1934 tidie,
1306 1893 1342 1927 <Sc
1355 1892 1456 1936 usque
1470 1891 1512 1926 ad
1525 1891 1631 1925 saeculi
1644 1892 1746 1925 finem
1767 1891 2000 1926 instituentur.
2026 1890 2074 1924 Si-

1181 1955 1223 1978 ne
1240 1943 1298 1976 ista
1311 1943 1468 1977 dostrinae
1481 1942 1771 1985 consanguinitate
1783 1964 1795 1980 ‚
1820 1941 1909 1975 nulla
1929 1941 2074 1975 Ecclesia

1182 1993 1277 2036 poffit
1287 1991 1349 2024 esse
1359 1990 1552 2034 Apostolica
1564 2013 1572 2022 .
1603 1991 1646 2024 Et
1659 1991 1759 2034 ipsam
1773 1990 1883 2024 laudat
1905 1990 2072 2024 Constan-

1182 2040 1442 2084 tinopolitanum
1454 2039 1652 2081 Symbolum
1666 2064 1677 2080 ‚
1702 2038 1783 2073 dum
1795 2051 1929 2074 omnem
1943 2038 2001 2073 sub
2009 2051 2074 2074 coe·

1180 2091 1216 2125 lo
1227 2090 1407 2125 Ecclesiam
1418 2089 1590 2134 profitetur
1599 2090 1661 2123 effe
1674 2100 1712 2124 ac
1725 2089 1789 2124 esse
1798 2089 1915 2124 debere
1929 2089 2073 2133 Aposto-

1181 2141 1280 2175 licam
1300 2165 1308 2172 .
1347 2140 1523 2184 Septimius
1544 2139 1683 2173 affirmat
1721 2150 1892 2185 utramque
1925 2139 2069 2175 radicem

1180 2191 1285 2224 deesse
1319 2188 1568 2224 Valentinianis
1586 2212 1598 2229 ,
1620 2190 1832 2225 Marcionitis
1852 2215 1862 2231 ,
1891 2191 1925 2224 &
1948 2190 2071 2224 cunctis

1180 2240 1363 2285 generatim
1374 2238 1534 2274 haereticis
1550 2263 1562 2280 ,
1592 2238 1733 2285 ideoque
1756 2241 1898 2284 ipsorum
1911 2241 2071 2275 Ecclesias

1182 2288 1370 2324 nullatenus
1390 2290 1455 2328 esse
1468 2288 1680 2334 Apostolicas
1698 2316 1706 2323 .
1732 2290 1836 2338 Qod
1858 2290 1918 2325 ista
1940 2292 2073 2326 consan-

1179 2339 1344 2383 guinitate
1362 2349 1491 2374 careant
1515 2353 1527 2372 .·
1553 2339 1676 2375 Probat
1695 2352 1739 2375 ex
1767 2343 1832 2374 hoc
1864 2340 2071 2375 charasteree

1181 2392 1248 2421 Nec
1259 2394 1441 2432 recipiuntur
1453 2395 1486 2422 in
1492 2397 1598 2430 pacem
1611 2391 1645 2424 (τ
1656 2395 1941 2424 communicationem
1956 2391 1995 2425 ab
2010 2393 2072 2424 Ec·

1180 2437 1269 2480 clefiis
1283 2450 1396 2481 quoquo
1408 2441 1511 2481 modo,
1540 2450 1596 2474 aut
1610 2451 1666 2483 per
1675 2440 1907 2478 fundationem
1921 2466 1931 2483 ,
1949 2451 2007 2476 aut
2016 2451 2071 2484 per

1181 2489 1283 2522 solam
1315 2489 1466 2524 doetrinae
1490 2490 1810 2534 consanguinitatem
1833 2515 1845 2532 ‚
1882 2491 2065 2533 Apostolzcis.

1181 2537 1269 2572 Cum
1280 2538 1345 2572 illis
1358 2550 1426 2573 non
1437 2538 1559 2574 habent
1568 2545 1855 2575 communicationem
1863 2542 2069 2583 pacis,appei-

1182 2589 1320 2622 lationem
1322 2587 1534 2630 fraternitatis
1547 2614 1558 2630 ,
1581 2591 1617 2624 ὁ·
1631 2591 1896 2633 contesserationem
1912 2590 2064 2634 hospitali-

1184 2643 1258 2672 tatis
1275 2662 1283 2672 .
1310 2640 1424 2673 Scilicet
1444 2639 1479 2672 ob
1500 2639 1705 2681 diversitatem
1727 2643 1913 2675 Sam-amenti
1930 2664 1942 2681 ‚
1969 2639 2066 2675 Chri-

1184 2688 1276 2723 stiani
1300 2689 1480 2734 Dogmatis
1495 2712 1506 2730 ‚
1533 2690 1610 2724 nullo
1630 2692 1713 2724 modo
1740 2691 1910 2733 apostalice.
1943 2690 2065 2732 Neque

1185 2749 1240 2783 per
1261 2737 1510 2779 fundationem,
1541 2750 1648 2783 neque
1670 2751 1727 2784 per
1755 2740 1907 2773 dossrinae
1931 2738 2070 2772 consan-

1185 2788 1382 2834 guinitatem
1391 2813 1400 2822 .
1426 2790 1510 2834 Qae
1519 2789 1634 2822 omnia
1648 2788 1761 2823 locum
1771 2786 1894 2824 habent
1903 2787 2003 2824 etiam
2023 2788 2062 2823 in

1185 2837 1382 2875 Lutheranis
1397 2839 1432 2874 ὃς
1453 2837 1645 2873 Calvinistis
1659 2859 1668 2870 .

1550 3039 1642 3187 ε

1840 3386 2021 3427 CAPUT
