2346 3724
660 139 1077 185 CAPIT

205 228 313 270 ficuum
338 227 373 259 ab
387 237 417 260 eo
426 225 504 268 quod
528 234 583 256 non
594 227 732 264 expedire
743 249 753 264 ,
774 223 832 267 sed
847 224 933 267 obeffe
946 218 1086 266 dignosci·

208 288 258 310 tur
281 303 288 310 .
318 277 420 311 Addit
445 274 603 307 Anastasn
628 274 880 308 Bibliothecarii
909 274 1087 316 marginale

208 325 368 362 Scholion
381 338 388 358 :
415 326 550 357 Secunda
562 326 676 366 eloquia
689 328 817 358 Parrum
830 327 924 365 dicim
950 330 1022 367 quia
1035 325 1086 356 Di·

210 385 287 413 vina
302 375 375 419 sunt
392 380 513 416 prima.

262 428 304 461 Et
318 425 398 459 hinc
420 426 459 458 ad
473 424 609 464 Africae,
635 424 774 466 Galliae,
799 436 897 468 atque
921 423 1089 467 Hispaniae

212 479 397 521 Episcopos
411 476 491 510 reste
513 475 629 519 scripfit
646 477 733 520 Papa
746 477 922 510 Zoaimus:
949 476 1025 523 Cimo
1037 474 1090 507 ad·

213 529 321 561 versus
347 529 469 559 statuta
486 529 613 559 Parrum
636 533 758 559 venitur
771 550 782 566 ,
809 537 867 559 non
890 527 1010 559 tantam
1031 524 1091 559 illo-

211 590 280 610 rum
300 579 469 618 prudenttae
489 586 578 618 atque
593 575 750 619 sententiae
764 600 775 615 ,
801 579 851 618 qai
878 581 909 608 in
930 583 1032 609 ²evum
1043 580 1089 607 vi-

211 629 298 660 llum
312 625 502 669 sanxerunt,
523 626 583 669 sed
604 624 659 667 ipfi
672 627 883 668 quodammodo
890 623 963 668 fidei
988 627 1097 659 &Car

212 678 327 711 tholicae
350 675 513 718 disciplinae
535 700 546 715 ,
573 682 722 719 irrogatur
746 679 876 717 injuria.
905 675 993 719 ,Quid
1010 680 1091 709 enim

211 738 279 761 tam
287 725 425 770 sant‘Ium
436 735 526 768 atque
539 726 711 760 venerabile
722 727 759 766 est
770 751 780 767 ‚
801 726 890 769 qudm
901 726 1023 768 penitus
1035 731 1091 756 non

213 778 382 812 exorbitare
403 777 443 810 ab
462 781 570 810 itinere
595 778 741 818 Masorum
764 799 775 815 ‚
799 787 919 819 quorum
942 779 1093 808 Canonicae

212 828 352 865 ,Instituta
372 828 466 861 veluti
488 827 628 869 quaedam
640 826 847 868 fundamenta
859 825 934 868 sum
954 825 1092 868 ferendis

210 878 378 922 fide—Uada
384 886 445 919 pon
451 877 561 909 ictibus
570 902 577 910 .
607 877 651 911 Et
660 876 700 911 ad
714 876 900 911 Orientales
911 875 938 909 E
943 875 1094 920 piscopos

214 928 432 970 Symmachus
443 927 597 960 Pontifex
610 939 617 959 t
644 927 778 970 ,Quando
790 929 992 960 paternarum
1014 933 1094 967 regu·

214 979 313 1011 larum
333 975 532 1021 despiciuntur
552 984 680 1011 inventa
703 1001 714 1017 ‚
741 987 790 1009 nec
813 987 909 1009 eorum
933 985 1000 1017 quae
1021 973 1094 1022 ‘bene'

215 1028 350 1068 instituta
359 1026 434 1070 sunt
442 1027 575 1068 firmitas
588 1029 779 1063 vindicatur,
804 1023 975 1066 hujusmodl
990 1027 1096 1064 impie-

66 680 153 718 Epist.
172 691 196 709 2.

63 731 126 760 cap.
151 732 174 751 1.

215 1085 294 1109 tates
318 1078 418 1119 necesse
444 1077 481 1115 est
493 1077 566 1116 fide}
581 1074 776 1116 supervenire
789 1098 797 1105 .
824 1077 911 1106 Nam
935 1073 985 1105 ubi
990 1072 1093 1114 facilis

215 1127 359 1168 diffolutto
380 1125 417 1164 est
442 1124 629 1157 rationabiln
643 1124 820 1163 Constituti,
847 1123 888 1156 ibi
911 1128 1006 1155 omnis
1026 1120 1095 1165 san-

216 1176 328 1209 Hiram
331 1175 436 1216 forma
448 1180 643 1216 corrumpitur
654 1198 664 1214 ‚
695 1172 827 1213 Christus
841 1179 994 1215 impetitur
1006 1198 1013 1205 .
1037 1172 1096 1206 La·
1110 1188 1115 1194 ·

216 1236 296 1259 xato
320 1227 496 1259 Canonurn
523 1224 741 1258 fundamento
767 1224 1000 1267 superpositum
1021 1219 1097 1257 fidei

218 1275 348 1318 pondus
361 1285 427 1308 non
442 1274 544 1318 potest
565 1285 631 1308 non
646 1285 756 1308 ruere.
782 1272 925 1308 Laxatio
939 1274 1026 1307 enim
1042 1272 1098 1307 ista

218 1326 306 1359 laxat
327 1326 360 1358 &
374 1324 583 1364 charitatem,
610 1336 664 1367 per
683 1335 782 1368 quam
804 1336 873 1358 non
898 1322 1003 1357 solum
1022 1332 1100 1366 ope·

218 1386 307 1409 ratur
331 1375 428 1414 fides,
458 1374 510 1408 sed
526 1385 596 1417 quae
618 1374 651 1407 ὅ(
664 1375 762 1408 fidem
776 1375 808 1407 in
824 1373 918 1409 nobis
930 1383 1079 1416 operatur
1094 1396 1101 1402 .

217 1426 263 1460 Et
276 1424 354 1458 hinc
368 1424 508 1467 protervi
529 1424 707 1458 canonum
730 1425 984 1468 praevaricatores
1000 1423 1100 1456 etiam

217 1476 260 1508 de
278 1486 370 1518 prava
387 1474 451 1507 fide
474 1475 596 1517 semper
611 1475 697 1507 fuere
712 1474 842 1519 suspeffii
855 1499 862 1506 .
891 1472 994 1507 Porro
1015 1472 1100 1516 apud

217 1525 399 1559 Gnosticos
420 1534 489 1557 non
512 1522 568 1557 hic
592 1534 646 1557 aut
660 1525 713 1563 ille
726 1523 902 1569 Episcopus
925 1534 981 1557 aut
1002 1522 1101 1556 Cleri—

217 1585 277 1608 cus
291 1599 302 1614 ,
329 1574 381 1607 sed
394 1576 504 1607 omnis
518 1575 657 1616 ipsorum
671 1575 768 1607 freno
784 1573 995 1616 Apostolicos
1006 1596 1015 1613 ,
1037 1571 1102 1606 hoc

219 1625 417 1667 &proximo
440 1624 549 1667 capite
573 1624 745 1663 laudatos,
772 1624 927 1659 Canones
954 1634 1022 1657 non
1034 1632 1102 1657 tan·

219 1673 293 1708 tum
316 1674 521 1716 praevaricata
543 1675 605 1707 suit
630 1698 642 1712 ,
677 1674 729 1707 scd
757 1675 791 1708 &
817 1673 1003 1708 exsufflavit
1025 1697 1036 1713 ,
1064 1683 1101 1705 ac

220 1735 283 1769 pro
294 1724 429 1758 Patrum
439 1723 612 1768 disciplina
625 1723 757 1757 induxit
770 1724 956 1767 acephalam
970 1722 1101 1756 vivendi

220 1775 411 1809 licentiam.
441 1774 545 1820 Quod.
569 1774 657 1807 enim
677 1774 775 1807 etiam
798 1773 1104 1814 Ecclesmsticajeju-

219 1824 301 1864 nia,
327 1824 375 1858 uti
397 1825 438 1857 ad
459 1826 571 1858 Deum
593 1823 679 1866 legis
697 1825 892 1866 speetantia,
918 1822 1104 1856 exsufflave-

221 1876 288 1915 rit,
314 1886 352 1909 ac
374 1873 544 1917 insigniter
565 1873 749 1913 epularetur
769 1894 781 1910 ,
807 1874 946 1905 affirmat
969 1873 1104 1905 sanetus

221 1923 445 1968 Epiphanius.
474 1922 576 1955 Reste
595 1920 697 1963 igitur
707 1919 883 1962 Septimius
907 1921 1104 1962 exipsorum

219 1973 471 2010 conversatione
498 1967 667 2011 praescribit
693 1968 795 2000 etiam
820 1969 920 2001 fidem
945 1970 1107 2000 aestiman-

221 2026 299 2058 dam
312 2046 323 2062 ‚
349 2023 382 2055 &
394 2019 600 2061 disciplinam
611 2016 674 2049 esse
687 2014 838 2050 doctrinm
850 2014 995 2050 indicem
1010 2040 1017 2047 .
1044 2015 1108 2049 Ve-

220 2084 257 2106 ra
279 2071 368 2105 enim
383 2067 525 2103 Ecclefia
539 2091 550 2107 ,
577 2065 625 2100 uti
648 2077 715 2098 non
739 2067 823 2100 circa
838 2066 936 2100 fidem
951 2090 962 2105 ‚
987 2066 1033 2099 ita
1048 2076 1108 2099 nec

221 2123 310 2157 circa
323 2129 431 2154 mores
452 2116 575 2161 possita
595 2125 748 2158 paterna,
776 2116 970 2159 Apostolica
988 2116 1110 2159 praeser·

220 2173 286 2207 tim
311 2195 322 2211 ‚
348 2168 526 2204 traditione
548 2165 676 2201 deviare
691 2189 699 2197 .
734 2165 847 2200 Etiam
868 2164 1049 2201 Lutherani
1074 2165 1108 2198 δε

222 2218 413 2256 Calvinistae
437 2216 659 2251 Ecclefiastica
686 2215 805 2259 jejunia
828 2241 839 2256 ‚
875 2217 980 2250 sacros
1002 2216 1108 2256 ritus,

223 2274 512 2306 Sacramentorum
538 2265 768 2305 caeremonias,
793 2265 896 2299 immo
916 2266 1106 2308 &quaedam

225 2324 435 2356 Sacramenta
449 2316 645 2356 exsufflant,
671 2316 779 2349 rident
802 2338 815 2356 ,
842 2315 1046 2360 proscribunt
1067 2316 1107 2350 ad

226 2372 413 2406 servitutem
436 2367 534 2413 legis.
563 2365 650 2412 Qia
674 2365 789 2410 nempe
810 2366 885 2400 sunt
906 2365 1107 2400 filiiGnosti·

225 2431 360 2457 corum.
869 2436 871 2438 ·

61 1956 141 1985 Har.
158 1955 209 1982 26.

61 2003 124 2031 cap.
137 2002 163 2030 5.

369 2572 543 2635 Negant
579 2572 705 2613 Deum
740 2565 943 2614 timendum
953 2603 967 2614 .

237 2740 249 2753 ι.
278 2717 487 2754 Marcionitae
497 2716 661 2759 duplicem
674 2716 746 2750 sunt
759 2715 895 2753 fabulati
906 2717 1015 2750 Deum
1024 2713 1109 2759 ,ple-

226 2769 272 2805 ne
286 2770 409 2804 bonum
422 2769 557 2802 alterum
572 2791 583 2807 ‚
606 2766 741 2800 alterum
755 2765 849 2808 plene
863 2765 985 2799 malum
999 2787 1010 2804 ,
1022 2764 1107 2799 ideo·

230 2832 295 2866 que
306 2819 403 2854 istum
415 2816 620 2862 diligendum
632 2816 866 2850 tantummodo
877 2840 888 2856 ,
914 2814 1003 2861 hunc
1014 2815 1106 2849 dum-

228 2882 319 2907 taxat
343 2868 526 2904 timendum
550 2891 557 2898 .
586 2867 689 2901 Hunc
710 2865 844 2906 veteris,
872 2865 968 2900 illum
991 2865 1107 2910 garrie-

228 2933 306 2958 runt
324 2921 387 2957 esse
398 2920 510 2953 Deum
533 2916 613 2950 novi
624 2915 833 2951 Testamenti
848 2940 856 2947 .
883 2914 1058 2962 Qidquid
1069 2914 1106 2948 ti-

227 2983 335 3007 metur
361 2994 372 3010 ,
398 2967 561 3003 credidere
587 2965 709 3001 malum
732 2992 738 2998 .
780 2965 871 2999 Novi
898 2964 1107 3000 Testamenti

227 3022 430 3068 garriverunt
441 3016 524 3052 adeo
535 3015 660 3051 bonum
672 3039 683 3055 ,
709 3015 855 3059 adeoque
866 3014 972 3054 nullas
983 3014 1024 3049 ab
1036 3015 1105 3058 ipso

228 3068 364 3117 irrogari
391 3077 502 3113 poenas
523 3091 535 3107 ‚
561 3075 597 3100 ut
622 3066 722 3102 etiam
745 3066 832 3101 Cain
859 3090 871 3105 ‚
897 3064 1107 3106 Sodomitas,

228 3121 433 3156 Pharaonem
454 3128 528 3152 cum
541 3117 604 3150 suis
618 3115 792 3161 AEgyptiis
803 3139 814 3155 ‚
840 3115 1014 3159 &quosvis
1024 3115 1107 3149 alios

230 3171 375 3205 {veteris
385 3166 594 3204 Testamenti
613 3167 690 3200 Deo
713 3166 887 3200 damnatos
911 3166 1029 3209 impios
1041 3164 1106 3199 bla-

230 3221 366 3254 teratint
386 3219 498 3253 abisso
519 3216 687 3252 absolutos
711 3216 894 3250 &salvatos
908 3240 915 3246 .
942 3216 993 3249 Ita
1013 3215 1106 3252 testa-

231 3280 286 3304 tur
307 3269 437 3304 sanctus
457 3269 615 3307 lrenaeus,
641 3264 763 3300 addens
787 3276 867 3305 nos,
895 3264 983 3309 quod
994 3263 1105 3298 Deum

230 3320 406 3355 timeamus
428 3341 440 3357 ,
464 3319 504 3351 ab
527 3318 592 3350 illis
612 3325 778 3359 tamquam
807 3315 926 3349 idiotas
946 3313 1101 3349 derideri.

123 3402 130 3410 ,
182 3405 185 3407 ,
230 3368 359 3405 Verum
371 3366 463 3401 enim
481 3365 558 3401 vero
567 3366 655 3400 aliud
675 3365 721 3400 est
743 3366 853 3400 Deum
876 3366 939 3400 effe
959 3364 1106 3406 malum,

97 3403 163 3435 ἰὼ·
185 3411 215 3432 ¹⁶
230 3417 321 3455 aliud
331 3414 540 3459 effejustum.
565 3415 639 3452 Nec
651 3416 755 3449 solum
767 3415 889 3449 malum
909 3423 965 3449 aut
989 3414 1107 3459 suppli-

95 3448 341 3510 ‘²¹’·²⁹·c;um,
368 3465 420 3500 sed
440 3465 598 3505 acinum,
624 3465 787 3508 quihujus
807 3464 980 3510 infligendi
1002 3464 1108 3511 legiti-

330 3515 434 3556 Chrz'st.
447 3518 526 3556 Lupi
537 3520 635 3556 Opera
655 3519 733 3548 Pom.
749 3517 807 3548 IX.

1147 154 1164 183 1
1234 151 1254 180 s
1369 140 1580 186 XLIII.
1870 155 1964 203 369

1147 233 1233 257 mam
1256 223 1450 266 potestatem
1473 214 1593 265 habet,
1619 224 1767 270 legitime
1788 240 1826 264 ac
1850 231 1967 265 merito
1992 230 2031 266 ti-

1148 280 1292 309 memus.
1322 272 1415 321 Qin
1437 274 1677 318 &supplicium
1692 300 1702 315 ,
1728 278 1935 320 dumjustum
1960 280 2029 320 est,

1148 334 1216 357 non
1239 326 1284 359 est
1298 323 1420 358 malum
1433 349 1441 358 .
1469 323 1590 369 Impius
1617 326 1706 359 enim
1721 328 1837 361 nullibi
1854 330 1898 362 est
1911 341 2029 365 conve-

1150 373 1317 415 nientius,
1344 375 1440 417 quam
1465 375 1498 408 in
1523 376 1649 418 poenis.
1677 376 1719 410 Et
1733 374 1812 410 hinc
1825 388 2027 423 nequaquam

1150 424 1216 459 sola
1228 423 1375 459 bonitate
1387 448 1398 464 ,
1426 425 1479 458 sed
1506 425 1766 469 insuperjustitia
1780 451 1790 466 ,
1811 427 1909 460 etiam
1924 429 2029 464 vindi.

1149 474 1254 522 cativa
1271 498 1283 515 ,
1310 475 1456 509 constare
1478 474 1574 510 debet
1598 486 1671 510 vera
1694 473 1861 510 Divinitas
1881 500 1888 507 .
1915 476 2029 522 Qalis

1149 524 1238 558 enim
1260 525 1356 565 Rex,
1382 523 1489 568 qualis
1500 526 1614 566 Deus,
1641 527 1698 569 qui
1723 527 1841 570 impios
1861 535 1929 560 non
1942 526 2032 560 casti-

1151 586 1205 619 get
1230 576 1243 608 ?
1271 572 1374 621 Qod
1396 575 1500 619 ipsum
1527 575 1666 610 inficiari
1692 577 1726 610 <Sc
1748 576 1807 620 ipsi
1829 585 1896 611 non
1921 586 2033 620 potue-

1152 633 1225 657 runt
1238 624 1414 673 Gnostici,
1440 624 1525 668 apud
1537 625 1705 660 laudatum
1719 627 1874 660 irenaeum
1897 628 2032 662 afferen-

1152 684 1200 708 tes
1221 673 1329 713 Abel,
1357 673 1498 715 Enoch,
1523 674 1669 719 aliosque
1684 676 1887 711 patriarchas
1907 677 1939 709 &
1953 677 2033 711 Pro-

1153 723 1284 767 phetas,
1311 723 1355 758 ob
1377 722 1546 759 adoratum
1558 725 1779 770 LegisDeum
1800 726 1841 760 ab
1856 727 2031 771 Evangelii

1155 773 1230 808 Deo
1252 773 1314 809 effe
1334 775 1507 809 damnatos
1527 799 1534 807 .
1562 775 1617 809 Isti
1643 775 1743 820 igitur
1765 776 1952 810 Fabulones
1973 775 2031 808 fibi

1155 825 1320 858 finxerunt
1343 822 1520 860 ridiculum
1543 824 1738 860 Divinitatis
1761 827 1935 869 spectrum:
1962 825 2034 859 Fa,—

1156 875 1233 908 dum
1249 873 1393 908 idolum.
1421 875 1626 923 Qaeomnia
1641 874 1745 910 valide
1771 875 1916 910 &solide
1929 876 2035 909 noster

1157 924 1330 967 Septimius
1339 924 1539 959 demonstrat
1562 922 1594 958 in
1608 926 1716 968 primo
1738 936 1775 960 ac
1791 927 1932 960 secundo
1951 924 2036 958 libro

1157 984 1269 1008 contra
1280 973 1488 1009 Marcionem
1502 1000 1508 1007 .
1524 974 1650 1009 Ibidem
1661 977 1845 1019 frequenter
1855 976 1936 1010 dicit
1949 975 2038 1008 Mar·
2054 990 2112 1020 Lib.
2145 1000 2170 1019 Β

1158 1023 1356 1059 cionitarurn
1380 1026 1489 1059 Deum
1517 1026 1581 1058 effe
1604 1026 1715 1059 Deum
1738 1025 1870 1069 Epicuri
1898 1051 1905 1057 .
1931 1023 2034 1070 Qod
2051 1038 2115 1068 cap.
2133 1037 2180 1062 ις.

1159 1074 1263 1117 ipsum
1284 1075 1374 1118 supra
1397 1074 1483 1109 dixit
1503 1075 1637 1109 Sandius
1662 1076 1798 1110 Irenaeus
1818 1100 1825 1108 .
1856 1075 2034 1109 Rationem
2055 1070 2112 1100 ἰὼ·
2143 1078 2171 1096 ²·

1159 1125 1215 1158 dat
1242 1125 1276 1158 in
1303 1124 1422 1166 quinto
1449 1124 1646 1158 Divinarum
1674 1124 1921 1159 lnstitutionum
1949 1124 2036 1158 libro
2051 1117 2171 1178 αξη·

1162 1175 1348 1208 Lactantius
1371 1173 1555 1207 Firmianus
1576 1186 1583 1205 :
1615 1178 1740 1216 Epicuri
1762 1173 1947 1216 Philosophia
1963 1173 2040 1207 nibil
2053 1153 2114 1224 ΞΡ
2131 1157 2174 1220 ¹2·-

1161 1226 1206 1257 aed
1216 1227 1293 1257 Deos
1303 1229 1455 1265 pertinere
1468 1221 1564 1265 censet
1577 1247 1586 1262 ,
1613 1234 1663 1257 nec
1669 1228 1775 1266 grana
1795 1235 1842 1256 eos
1855 1229 1938 1267 tangi
1951 1247 1962 1263 ,
1990 1232 2039 1257 nec
2058 1228 2117 1258 Lib.
2147 1235 2174 1262 5.

1162 1280 1207 1307 ira
1220 1278 1334 1307 moveri
1350 1300 1355 1305 .
1379 1274 1435 1307 Ob
1447 1273 1537 1307 nulla
1550 1272 1695 1308 facinora
1709 1283 1764 1308 aut
1776 1273 1919 1318 flagitia.
1946 1272 2039 1307 Hinc
2055 1276 2119 1305 cap.
2133 1277 2177 1302 ¹9·

1164 1336 1229 1359 non
1245 1322 1427 1357 timendos.
2056 1309 2130 1346 εἶφ’
2152 1316 2197 1336 ¹⁰'

1213 1373 1260 1407 At
1285 1374 1411 1416 inquies
1424 1373 1630 1414 Sodomitas,
1656 1373 1861 1408 Pharaonem
1883 1384 1960 1407 cum
1978 1372 2042 1407 suis

1165 1423 1361 1468 AEgyptiis,
1387 1424 1460 1457 Deo
1485 1423 1617 1458 rebelles
1635 1423 1669 1457 in
1696 1430 1806 1458 eremo
1831 1424 1979 1467 Judaeos,
2006 1433 2044 1456 ac

1166 1475 1309 1518 perditos
1335 1473 1368 1506 in
1381 1471 1507 1507 diluvio
1529 1474 1648 1517 impios
1672 1474 1764 1508 fuiffe
1775 1474 1945 1508 dumtaxat
1967 1483 2047 1507 tem-

1166 1522 1317 1567 poraliter
1329 1522 1501 1568 castigatos
1513 1549 1523 1564 ,
1535 1524 1569 1558 δε
1582 1524 1721 1557 servatos
1735 1525 1767 1557 in
1780 1525 1881 1557 vitam
1891 1533 2043 1558 aeternam

1164 1573 1261 1608 docet
1274 1574 1373 1607 etiam
1393 1572 1560 1608 Robertus
1573 1572 1758 1608 Cardinalis
1771 1573 1885 1608 Pullus
1896 1601 1904 1607 .
1933 1572 2045 1607 Etiam
2067 1573 2140 1601 Part.
2154 1574 2182 1600 6·

1167 1625 1200 1657 in
1229 1623 1293 1657 suis
1330 1623 1370 1656 ad
1399 1622 1535 1657 Nahum
1560 1622 1763 1667 Prophetam
1789 1622 2047 1658 Commentariis
2065 1618 2185 1650 ⁶³1³·53·

1167 1675 1300 1708 Sanetus
1321 1672 1547 1716 Hieronymus
1565 1699 1572 1705 .
1600 1673 1752 1716 Ejusdem
1777 1674 1942 1708 sententiae
1953 1674 2048 1708 fuisse

1167 1725 1319 1757 Sanctum
1334 1723 1557 1768 Augustinum
1579 1724 1718 1758 affirmat
1744 1724 1776 1757 in
1801 1725 1916 1758 litteris
1929 1722 1968 1757 ad
1981 1724 2051 1757 Ro·

1169 1774 1293 1807 bertum
1317 1773 1587 1807 Lincolniensem
1602 1773 1811 1815 »Episcopum
1830 1772 2052 1807 Theobaldus

1169 1822 1377 1865 Stampenfis.
1404 1821 1459 1854 De
1479 1831 1547 1863 quo
1572 1820 1734 1864 quidquid
1757 1821 1818 1863 fit,
1846 1821 2054 1867 Augustinus

1170 1873 1203 1905 in
1216 1871 1306 1904 libris
1316 1868 1466 1904 aduersus
1480 1868 1735 1904 Parmenianum
1743 1871 1884 1904 omnino
1897 1872 1942 1905 ita
1953 1872 2054 1906 docet
2074 1878 2132 1909 Lib·
2158 1888 2187 1915 3.

1168 1921 1210 1955 de
1235 1920 1368 1954 Anania
1391 1920 1424 1951 ἃ
1447 1917 1624 1961 Sapphira,
1651 1920 1800 1962 percuffis
1820 1919 1862 1954 ab
1879 1920 2053 1964 Apostolo
2070 1928 2130 1957 cap.
2147 1929 2170 1948 ¹-

1169 1971 1288 2001 Pet-co.
1316 1967 1425 2001 Etiam
1438 1967 1479 2000 de
1502 1967 1941 2011 malecommunicantibus,
1967 1981 2052 2015 quos

1170 2020 1203 2051 in
1226 2017 1331 2060 prima
1357 2014 1399 2050 ad
1421 2016 1618 2052 Corinthios
1638 2019 1773 2060 epistola
1801 2030 1894 2054 notat
1915 2022 2052 2056 sanstus

1170 2066 1315 2101 Paulus.-
1341 2068 1451 2100 Idcirco
1462 2074 1541 2102 mter
1563 2080 1615 2101 vos
1627 2070 1712 2101 muln
1731 2070 1886 2104 imbecilles
1900 2095 1911 2111 ,
1938 2073 2054 2105 &dor-
2068 2076 2148 2114 Cap·
2163 2083 2208 2105 11.

1170 2123 1268 2150 mium
1290 2118 1392 2150 multi.
1423 2117 1466 2151 Et
1482 2116 1590 2152 addit:
1619 2122 1643 2151 Α
1657 2121 1782 2153 Domino
1794 2127 1967 2164 corripimur
1979 2144 1989 2160 ,
2014 2130 2049 2156 uo

1172 2179 1229 2200 non
1238 2178 1302 2200 cum
1325 2166 1376 2201 hoc
1397 2170 1508 2201 mundo
1530 2170 1721 2202 damnemur.
1750 2171 1833 2205 Item
1853 2171 1894 2206 de
1915 2172 2048 2213 Felice,

1174 2217 1343 2260 Ruspenfis
1365 2217 1512 2252 Ecclesiae
1532 2218 1708 2253 ambitioso
1721 2220 1877 2256 Diacono
1889 2246 1900 2263 ‚
1925 2222 2051 2256 &San-

1171 2267 1212 2300 sti
1226 2267 1393 2312 Fulgentii
1408 2267 1561 2312 Episcopi
1572 2270 1619 2303 sui
1632 2270 1767 2312 pessimo
1778 2270 1872 2306 hoste
1885 2296 1896 2312 ,
1907 2271 2049 2316 ideoque

1172 2317 1256 2351 intra
1281 2328 1404 2351 annum
1416 2318 1589 2353 Divinitus
1609 2322 1753 2363 percusso
1765 2345 1776 2361 ‚
1802 2321 1913 2355 scribit
1931 2322 1966 2355 in
1979 2322 2046 2356 lau-

1172 2367 1238 2400 dati
1251 2366 1419 2401 Antistitis
1439 2368 1503 2402 vita
1517 2368 1695 2404 Ferrandus
1720 2371 1892 2405 Diaconus
1912 2369 2048 2406 Cartha-

1170 2417 1326 2461 ginensis:
1354 2419 1468 2459 Felix,
1495 2420 1529 2452 &³
1549 2418 1729 2463 consantiens
1751 2427 1777 2454 el
1800 2423 1973 2455 Procurator
1997 2423 2047 2456 de·
2066 2419 2143 2457 <3³1²-
2157 2426 2204 2452 ¹7·

1171 2468 1279 2499 derunt
1299 2476 1408 2509 poenas
1429 2470 1599 2510 temporalis
1623 2471 1755 2503 audaciae
1778 2495 1789 2511 ‚
1814 2472 1922 2514 quibus
1940 2480 2060 2514 potens*

1170 2515 1204 2556 est
1218 2519 1301 2550 Deus
1321 2525 1497 2560 praeparare
1509 2525 1541 2552 in
1553 2518 1660 2560 futuro
1665 2526 1801 2564 gratiam
1821 2521 1939 2561 coeleflis
1950 2523 2047 2555 indul-

1167 2572 1295 2610 gentiae.
1326 2568 1381 2600 An
1394 2567 1475 2614 ergo
1496 2570 1581 2603 tanti
1595 2570 1656 2604 viri
1676 2569 1854 2605 delirarunt
1866 2583 1942 2605 cum
1954 2571 2048 2607 Gno-

1171 2616 1280 2650 sticis?
1306 2617 1507 2660 Respondeo
1528 2620 1614 2653 inter
1644 2621 1729 2662 ipsos
1751 2620 1973 2655 &Gnosticos
1983 2620 2048 2657 ess'e

1172 2677 1326 2712 magnum
1339 2665 1447 2701 chaos.
1460 2668 1611 2712 Exponit
1627 2668 1708 2703 illud
1723 2671 1870 2712 praefatus
1880 2670 2047 2703 Theobal·

1169 2716 1227 2750 dus
1248 2729 1256 2748 ε
1286 2717 1462 2760 Augustinus
1484 2719 1557 2750 dicit
1582 2720 1661 2758 quod
1678 2720 1803 2758 quidam
1826 2729 1864 2751 ex
1885 2719 2047 2756 Sodomitis

1165 2765 1189 2809 s
1184 2767 1283 2799 alvan
1289 2764 1360 2808 sunt
1365 2774 1422 2808 per
1446 2765 1553 2799 bonam
1562 2766 1809 2807 compunc‘ltonem
1832 2769 1866 2801 (9
1875 2779 1977 2802 verum
1988 2780 2048 2802 cor-

1168 2817 1368 2859 dirgemitum
1382 2841 1389 2848 .
1417 2814 1568 2859 Gnostici
1590 2817 1722 2851 cunc'tos
1744 2816 1811 2851 fine
1832 2818 2045 2861 poenitentia,

1169 2866 1278 2900 Patres
1301 2876 1357 2909 per
1382 2865 1517 2899 finalem
1544 2865 1772 2909 poenitentiam
1799 2866 1971 2903 dumtaxat
1987 2869 2047 2903 ali-

1167 2926 1249 2959 quos
1261 2940 1271 2956 ,
1298 2927 1365 2950 non
1385 2915 1402 2948 a
1416 2915 1542 2954 diverso
1556 2940 1567 2956 ‚
1594 2916 1644 2949 sed
1656 2915 1697 2949 ab
1708 2917 1810 2950 unico
1822 2918 1900 2954 Deo
1912 2919 1988 2953 vivo
2011 2919 2046 2953 &

1169 2976 1243 2999 vero
1255 2965 1417 2999 affirmant
1434 2966 1573 3000 salvatos
1585 2988 1593 2997 .
1621 2966 1703 3012 Quae
1727 2966 1908 3003 misericors
1920 2969 2048 3003 senten·
2065 2984 2126 3016 Hb·
2156 2992 2187 3022 4·-

1167 3017 1210 3049 tia
1237 3026 1278 3048 an
1292 3027 1363 3049 vera
1385 3016 1444 3056 sit,
1471 3016 1580 3050 nolim
1600 3013 1655 3049 hic
1680 3014 1860 3059 disputare.
1878 3018 2048 3059 ‘Videatur
2064 3024 2127 3056 dist.
2148 3034 2193 3062 ις.

1167 3067 1286 3100 Petrus
1309 3063 1517 3107 Lombardus
1531 3091 1539 3098 .

1343 3218 1486 3264 LIbera
1500 3212 1596 3282 fimt
1627 3216 1702 3265 illis
1726 3221 1872 3266 omnia.

1218 3365 1316 3402 Recte
1327 3364 1367 3401 ad
1388 3364 1590 3400 Anastafium
1612 3365 1721 3401 scribit
1746 3367 1877 3401 Sancius
1889 3365 2052 3413 Augusti-

1171 3428 1252 3451 nus:
1279 3418 1334 3451 1lle
1342 3415 1580 3458 estiniquiffi'mus
1594 3441 1604 3456 ‚
1630 3429 1715 3458 quem
1725 3428 1776 3450 nec
1794 3426 1892 3459 poenae
1915 3427 2052 3460 corpora·
2070 3415 2122 3453 EP-
2134 3422 2200 3450 144·

1169 3468 1210 3501 les
1225 3468 1373 3502 deterrent
1383 3466 1422 3500 ab
1432 3468 1596 3501 immundis
1608 3466 1744 3551 opeiibius
1761 3466 1891 3511 fhrdtdae
1916 3469 2053 3553 vxfpm-

1146 1935 1160 3493 Ἥ
