2346 3724
710 198 750 242 C
821 210 849 239 A
920 208 941 237 P
1014 205 1030 234 1
1101 199 1126 231 'r

244 280 421 318 {ammodo
438 279 625 316 constanter
637 302 648 319 ‚
674 279 728 314 sed
741 277 839 313 etiam
860 273 1039 322 procaciter
1049 272 1138 305 San-v

241 336 339 368 etum*
353 332 489 367 Petrum
512 329 752 374 reprehenderit
767 355 775 362 .
802 327 858 362 Est
882 322 1025 359 scelerati
1048 320 1126 354 Por-

243 381 356 429 phyrii
381 382 567 421 calumnia,
594 391 663 415 non
686 380 856 414 dumtaxat
875 385 929 419 per
941 374 1127 417 Origenem

243 435 400 468 damnata
415 457 427 473 ,
454 432 509 466 sed
531 432 631 474 &per
649 432 755 473 ipsum
777 428 928 461 Sanctum
953 424 1127 463 Hierony-

242 493 357 519 mum.
384 483 550 517 Secundus
572 492 660 516 error
680 479 748 520 est,
773 476 862 521 quod
886 473 967 518 Jehu
992 470 1128 506 idolola-

245 532 343 566 triam
355 533 536 567 fimulando
558 542 625 566 non
639 529 820 575 peccaverit
832 552 840 559 .
869 525 911 559 Et
922 522 1011 567 quod
1027 522 1128 555 istius-

246 583 340 616 modi
354 584 517 617 simulatio
529 594 569 616 ex
587 580 810 616 caufisliceat.
838 576 876 610 Id
889 575 978 608 nulla
1003 584 1044 606 ex
1056 581 1126 606 cau-

244 634 280 666 sa
293 633 392 668 licere
413 634 457 667 est
473 634 563 676 supra
585 630 838 666 demonstratum
851 651 859 658 .
887 624 1023 660 Tertius
1040 632 1127 656 error

246 683 295 717 est
309 708 321 723 ,
347 683 436 728 quod
451 681 597 716 Christus
609 679 777 716 Dominus
792 675 940 711 habuerit
951 672 1127 728 simulatio-

241 745 326 767 nem
339 735 445 768 carnis
456 734 579 777 peccati
594 757 602 764 .
629 730 757 764 Habuit
767 731 856 762 enim
869 726 935 769 ejus
946 721 1128 757 similitudi-

247 794 347 823 nem,
362 782 547 818 nullatenus
557 780 800 816 simulationem
812 803 820 813 .
846 778 974 810 Omnes
994 772 1128 829 infirmi-

247 828 334 868 tates
356 846 394 868 ac
415 833 620 879 poenalitates
637 854 649 872 ,
672 830 719 863 ob
742 839 821 872 quas
846 826 914 870 ejus
939 824 1128 860 sanffiffima

230 883 340 927 ‘Caro
361 884 425 918 fuit
444 881 629 926 peccatricis
649 875 972 914 carnisfimilitudo,
997 874 1128 909 fuerunt

245 941 352 972 vem,
379 931 468 966 nulla
490 931 654 964 simulata.
683 929 831 975 Quartus
849 923 990 960 errorest
1004 947 1016 964 ,
1041 919 1128 966 quod

225 996 229 997 ⁷
247 983 339 1016 dicat
350 993 525 1025 utrumque
545 979 744 1025 Apostolum
767 978 800 1011 δι
814 975 911 1010 verbo
932 971 1130 1014 &exemplo

250 1031 352 1075 egisse
373 1030 569 1073 hypocrisim
591 1054 602 1069 ,
640 1028 780 1070 ideoque
799 1026 892 1059 fuiffe
917 1022 1129 1057 mendacem.

248 1080 455 1126 Quintus'est
467 1104 478 1119 ,
503 1078 591 1123 quod
616 1077 705 1111 dicat
715 1076 867 1110 Sanctum
879 1073 1019 1107 Paulum
1030 1072 1129 1107 etiam

247 1131 286 1164 in
298 1131 364 1174 suis
383 1128 566 1163 Canonicis
588 1127 704 1161 litteris
725 1123 956 1168 dispensatori&
980 1122 1129 1157 mentiri.

243 1178 345 1214 Dicit
358 1179 455 1214 enim
467 1177 587 1213 Paulu-
596 1176 731 1212 Petrum
754 1176 845 1209 fuiffe
866 1174 898 1209 ἀ
914 1173 1069 1208 veraciter
1087 1183 1130 1206 re-

245 1228 498 1272 prehenfibilem
519 1252 530 1268 ,
556 1229 589 1262 δε
611 1228 629 1261 a
652 1228 683 1261 se
707 1226 864 1260 veraciter
885 1221 1126 1268 reprehensum.

245 1281 386 1313 Sanetus
414 1278 642 1321 Hieronymus
664 1276 772 1310 censet
794 1284 969 1317 utrumque
994 1273 1130 1308 falsum.

241 1328 368 1363 ,Sextus
382 1339 470 1361 error
480 1327 540 1367 est,
551 1325 640 1369 quod
656 1326 744 1359 dicat
757 1324 995 1367 Apostolorum
1009 1323 1133 1356 Princi-

249 1388 308 1420 pes
328 1378 362 1411 in
388 1376 593 1421 Evangelico
612 1375 797 1410 ministerio
818 1374 918 1418 egisse
938 1372 1132 1407 histrionico

246 1438 364 1466 more,
390 1427 510 1460 &cum
521 1425 701 1459 forensibus
711 1423 848 1457 Rabulis
869 1423 1132 1457 circumstantem

246 1475 411 1519 populum
425 1496 436 1515 ‚
462 1473 532 1508 imo
549 1475 585 1509 &
598 1475 684 1517 ipsos
693 1474 767 1507 suos
779 1472 916 1506 clientes
931 1483 987 1515 per
1012 1473 1083 1506 fieta
1096 1471 1133 1505 li-

247 1526 332 1570 tigia
353 1524 512 1568 decepisse
531 1549 543 1564 ,
568 1523 601 1558 δε
620 1524 666 1558 ita
686 1523 720 1556 se
741 1522 887 1566 purgasse
909 1521 927 1555 a
951 1521 1132 1565 suspicione

246 1575 440 1610 collusionis
449 1584 505 1609 aut
515 1572 789 1617 praevaricationis
799 1597 807 1606 .

301 1625 442 1658 Istorum
463 1623 616 1658 omnium
635 1623 836 1665 Scriptorum
856 1647 868 1663 ‚
894 1632 937 1657 ex
962 1620 1081 1667 quibus
1103 1621 1134 1654 se

247 1674 369 1708 docere
397 1674 537 1708 affirmat
558 1672 671 1708 beatus
695 1673 947 1715 Hieronymus,
971 1672 1068 1707 Sensa
1080 1672 1133 1705 di-

245 1725 374 1758 scurere
386 1725 465 1757 esset
482 1724 623 1767 longum
637 1748 645 1755 .
670 1721 799 1757 Audire
818 1732 926 1756 tamen
938 1721 1028 1766 juvat
1038 1722 1133 1755 Sensa

245 1775 356 1808 Sansti
382 1773 517 1816 Joannis
538 1773 788 1815 Chrysostomi.
815 1772 869 1805 De
880 1770 942 1806 hac
955 1771 1134 1815 Apostolo-

244 1836 322 1858 rum
332 1822 570 1864 disceptatione
589 1822 778 1865 scripsitille
802 1821 994 1866 singularem
1016 1822 1134 1855 sermo-

242 1886 349 1917 nem;
371 1874 487 1915 inipso
498 1869 727 1915 exporu'tquid
737 1869 868 1905 Sanetus
891 1870 1019 1905 Paulus
1040 1871 1134 1904 intel-

216 1936 224 1944 ·
241 1924 330 1968 ligat
344 1934 399 1967 per
410 1923 565 1967 gentiliter
587 1924 716 1959 vivere,
745 1931 783 1954 ac
794 1919 918 1965 pergit:
945 1928 1023 1956 cum
1045 1925 1134 1965 igitm

242 1978 359 2009 Petrus
379 1979 427 2006 ita
446 1977 586 2012 viveret,
611 1970 821 2013 deffenderunt
845 1972 969 2012 quia'am
993 1971 1135 2014 aJacobo

239 2025 357 2068 Judaei
369 2046 381 2062 ‚
405 2021 459 2054 hoc
467 2021 529 2060 est,
554 2032 593 2053 ex
616 2018 831 2061 Hierosolyma,
859 2025 913 2061 qui
932 2021 1012 2061 quod
1031 2025 1062 2051 in
1072 2022 1133 2052 Me-

242 2075 353 2115 tropoli
361 2071 477 2115 semper
496 2068 615 2112 versati
625 2070 732 2113 effent,
759 2079 854 2111 neque
862 2080 1039 2111 quemquam
1051 2070 1134 2102 vide-

243 2133 321 2158 rant
331 2129 377 2159 ita
387 2127 561 2159 viventem,
590 2119 686 2152 adbuc
699 2124 902 2160 anticipatum
923 2121 1007 2152 illam
1032 2120 1134 2162 Judai·

243 2184 313 2208 cam
324 2177 489 2215 opinionem
498 2169 670 2204 retinebant
681 2194 691 2209 ‚
719 2167 885 2212 multasque
905 2180 943 2203 ex
955 2167 1132 2211 observatio—

1174 2123 1181 2231 l

1195 200 1210 231 Ι
1281 200 1299 229 s
1404 183 1599 227 XXIV.
1900 196 1992 242 225

1184 280 1235 302 ma
1248 269 1384 301 affirmat
1395 265 1618 309 reprehensum
1632 261 1778 306 Cepham
1793 275 1859 298 non
1881 268 2057 302 fuisseSan-

1183 321 1267 352 etum
1278 318 1410 351 Petrum
1421 342 1431 357 ,
1460 316 1512 350 sed
1528 316 1638 349 nescio
1649 325 1746 357 quem
1769 312 1786 345 ὲ
1799 315 1996 359 septuaginta
2009 318 2060 350 di-

1185 368 1312 412 scipulis
1323 392 1330 399 .
1358 367 1440 400 Earn
1455 378 1510 409 per
1519 366 1653 400 adducta
1667 367 1683 398 a
1697 364 1793 398 nobis
1813 364 1953 406 superius
1964 365 2061 401 verba.

1184 420 1322 458 refutat,
1348 418 1484 451 affirmat
1498 416 1589 450 fuisse
1601 413 1705 459 ipsum
1720 413 1954 457 Apostolorum
1969 414 2067 448 Prin·
2114 416 2116 419 '

1184 469 1311 512 cipem‚
1339 475 1437 508 atque
1459 466 1685 510 prosequitur.-
1711 465 1800 498 Rec'le
1822 467 1944 497 Petrum
1966 470 2062 504 repre-

1185 518 1332 552 hendebat
1348 518 1480 557 Paulus,
1507 519 1589 558 quid
1606 517 1815 549 ultramodum
1836 511 2063 556 condescenfione

1184 578 1312 603 uteretur
1324 593 1331 600 .
1358 572 1394 602 N
1397 579 1446 601 am
1466 578 1526 609 qua
1539 572 1652 599 ratione
1670 565 1731 608 ipse
1742 589 1753 604 ‚
1777 576 1841 601 cum
1853 564 1918 606 esset
1932 560 2064 604 Hieroso-

1184 620 1282 659 lymis,
1312 616 1555 665 condefiendebat
1561 621 1593 661 J
1597 618 1692 649 udaeis
1706 641 1715 656 ‚
1744 617 1847 649 eadem
1859 625 1967 656 quoque
1978 613 2066 645 illum

1185 673 1336 710 oportuit,
1361 678 1426 701 cum
1441 666 1623 700 Antiochiam
1636 667 1775 709 venisset,
1800 677 1859 698 non
1880 666 1924 696 ad
1926 667 1958 707 J
1961 664 2065 696 udaeos

1186 719 1326 761 respicere
1338 741 1349 758 ,
1362 717 1420 761 sed
1431 718 1474 750 ad
1482 729 1527 750 eos
1539 722 1589 760 qui
1599 718 1788 750 crediderant
1797 713 1980 757 exgentibus
1991 738 1998 745 .
2025 716 2067 745 Ut·

1187 774 1338 802 enimcum
1363 779 1461 802 omnes
1482 767 1710 811 erantJudaei‚
1736 773 1826 800 etiam
1839 764 1955 797 Paulus
1959 763 2068 803 judai,

1187 831 1258 853 zare
1278 820 1392 852 coaetus
1412 818 1450 857 est
1462 843 1472 858 ,
1499 824 1545 850 ita
1566 829 1630 850 cum
1650 819 1752 857 plures
1765 825 1894 853 erantex
1903 813 2066 857 gentibus,

1189 880 1238 902 nec
1249 870 1339 902 ullam
1359 874 1468 902 civitas
1490 866 1730 909 condescenfionis
1746 867 1930 906 necessitatem
1950 862 2069 904 adfere-

1192 919 1244 951 bat
1257 944 1268 959 ‚
1296 930 1353 952 non
1363 919 1515 960 oportebat
1523 925 1647 960 propter
1656 926 1765 959 paucos
1770 919 1803 961 J
1806 918 1903 948 udaeos
1922 912 2066 956 scandalo

1190 970 1290 1012 efferor
1297 969 1433 1013 gentibus
1446 994 1454 1002 .
1479 968 1558 1002 Huc
1571 969 1669 1011 usque
1683 966 1778 1001 bene.
1802 966 1935 999 Etenim
1948 965 1979 998 δε
1991 975 2068 1007 gen-

1191 1019 1257 1052 tilis
1278 1019 1311 1052 &
1325 1019 1462 1064 Judaica
1484 1019 1549 1052 vita
1570 1029 1661 1052 erant
1676 1028 1757 1051 tunc
1778 1016 1871 1050 licitae
1895 1014 2071 1049 acindiffe-

1192 1080 1297 1103 rentes
1318 1067 1471 1104 fidelibus
1493 1067 1629 1111 Judaeis‚
1655 1069 1688 1100 δε
1711 1068 1766 1109 ipsi
1790 1066 1890 1103 etiam
1913 1063 2071 1107 Apostoli

1192 1131 1231 1154 ex
1245 1119 1427 1153 rationibus
1441 1127 1592 1162 poterant
1613 1117 1660 1150 uti
1684 1127 1839 1159 utraque,
1864 1117 1895 1150 &
1910 1114 1955 1147 ob
1976 1114 2073 1147 ratio»

1193 1181 1250 1204 nes
1261 1170 1391 1203 fuerunt
1415 1170 1478 1201 ufi.
1508 1167 1634 1201 Verum
1656 1166 1742 1208 apud
1755 1164 1974 1199 Antiochiam
1996 1163 2074 1196 San-

1193 1222 1260 1255 aus
1278 1220 1392 1255 Petrus
1414 1220 1470 1252 suo
1484 1217 1546 1251 isio
1569 1215 1676 1250 subito
1689 1215 1729 1249 ab
1741 1215 1798 1248 ista
1813 1214 1853 1247 ad
1868 1212 1952 1247 hanc
1964 1213 2077 1247 tranfi-

1193 1282 1228 1305 tu
1241 1271 1333 1306 dedit
1345 1270 1571 1307 scandalosum
1582 1266 1833 1301 fundamentum
1844 1289 1855 1305 ‚
1882 1276 1923 1297 ex
1935 1274 2002 1307 quo
2021 1261 2077 1296 ad-

1193 1321 1311 1357 stantes
1331 1333 1373 1357 ex
1396 1321 1548 1367 gentibus
1569 1319 1681 1357 fideles
1691 1317 1856 1352 crederent
1877 1314 1970 1348 istam
1983 1311 2079 1347 liber-

1193 1381 1293 1407 tatem
1317 1383 1386 1406 non
1406 1373 1568 1406 advenisse
1593 1383 1647 1416 per
1671 1367 1842 1405 Christum
1866 1363 2077 1404 Dominum,

1194 1421 1246 1456 sed
1269 1423 1464 1465 perseverare
1485 1422 1607 1456 avitam
1630 1421 1802 1466 Legalium
1817 1416 2050 1453 servandorum
2064 1437 2077 1453 ‚

1193 1467 1340 1516 adeoque
1374 1473 1409 1507 ἀ
1428 1471 1624 1514 suscipiendi
1656 1469 1878 1513 Proselytismi
1913 1464 2078 1503 necessita*

1193 1531 1261 1555 tem
1275 1545 1282 1552 .
1309 1521 1358 1555 lta
1370 1522 1485 1556 Petrus
1507 1532 1575 1554 non
1588 1520 1688 1554 verbo
1711 1519 1883 1560 suadebat,
1904 1518 1959 1552 sed
1970 1525 2079 1550 exem-

1195 1570 1250 1614 plo
1263 1593 1274 1611 ,
1299 1572 1452 1615 atqueita
1463 1570 1600 1615 cogebat
1610 1570 1910 1614 gentesjudaizare.
1942 1567 1986 1600 Et
1999 1564 2081 1600 hinc·

1194 1622 1256 1655 fuit
1278 1619 1352 1655 vere
1372 1621 1405 1655 &
1427 1623 1567 1665 graviter
1586 1619 1867 1663 reprehenfibilis,
1894 1619 2082 1660 meritoque

1194 1671 1336 1705 aSansto
1349 1671 1453 1705 Paulo
1465 1670 1671 1714 reprehensus
1684 1696 1691 1704 .
1714 1670 1800 1704 lstud
1822 1670 1889 1712 ejus
1910 1676 2079 1712 peccatum

1195 1721 1336 1755 omnino
1357 1721 1452 1755 fuisse
1472 1721 1677 1755 mortiferum
1699 1721 1807 1754 scribit
1819 1721 1951 1754 Sansius
1963 1717 2080 1764 Augu·
2095 1719 2169 1758 Cap·
2183 1725 2246 1755 Joa.

1196 1772 1300 1805 stinus
1311 1771 1345 1804 in
1359 1770 1442 1805 libro
1453 1770 1495 1804 de
1506 1781 1614 1814 agone
1627 1770 1817 1804 Christiano
1829 1795 1836 1801 .

1246 1820 1293 1854 At
1306 1819 1372 1853 hoc
1384 1821 1501 1855 Sanno
1523 1819 1898 1863 JoanniChrysostomo
1923 1830 1989 1853 non
2014 1820 2084 1863 pla-

1195 1871 1284 1905 cuit.
1312 1869 1398 1903 Vult
1422 1881 1484 1905 nec
1504 1869 1639 1905 Petrum
1666 1869 1866 1909 simulando,
1893 1881 1956 1904 nec
1978 1882 2083 1914 repre-

1197 1918 1374 1955 hendendo
1395 1919 1535 1955 Paulum
1564 1920 1751 1962 deliquisse.
1780 1921 1871 1953 Hinc
1887 1920 2013 1964 pergit.-
2041 1922 2082 1953 1ae

1192 1972 1366 2012 potiffimi'em
1387 1977 1553 2014 quaert'mus
1575 1995 1586 2011 ,
1610 1980 1665 2012 quo
1682 1969 1771 2009 paHo
1795 1972 1829 2003 (9
1853 1969 1926 2002 bunc
1948 1970 2084 2003 &illum

1195 2020 1412 2062 reprehensione
1430 2021 1586 2055 liberemus
1612 2043 1619 2051 .
1662 2022 1803 2062 ,Quonam
1824 2025 1912 2061 igitur
1930 2019 2021 2061 pado
2044 2020 2081 2052 id

1192 2070 1243 2111 fiet
1258 2071 1275 2102 ,ἶ
1300 2072 1330 2102 st
1340 2083 1401 2113 qua
1414 2080 1509 2104 mente
1530 2082 1605 2103 unus
1629 2074 1830 2109 increpaverit
1844 2093 1855 2108 ‚
1882 2071 1914 2103 (5
1926 2071 2003 2102 alter
2007 2069 2079 2110 sue-

1194 2126 1235 2152 rit
1243 2125 1414 2162 increpatus
1424 2146 1434 2161 ‚
1457 2119 1606 2162 discamus
1616 2145 1626 2160 ,
1653 2117 1873 2162 &sententiam
1886 2120 1971 2153 illam
1981 2121 2080 2161 expli-

1195 2181 1291 2203 cemus
1304 2194 1311 2201 .
1339 2169 1492 2204 Affirmat
1505 2182 1542 2203 ac
1554 2169 1667 2204 multis
1689 2169 1889 2204 demonstrat
1902 2180 2077 2213 utrumque

243 2223 335 2258 nibus
355 2224 416 2255 illis
432 2220 531 2263 secum
551 2218 714 2253 trabebant
730 2243 737 2249 .
765 2223 827 2251 Hos
848 2231 915 2252 cum
938 2219 1053 2261 vidtffet
1075 2222 1132 2252 Pe·
1176 2235 1178 2252 ι
1196 2219 1382 2252 intellixisse
1406 2221 1563 2259 alterum,
1590 2221 1623 2254 δε
1642 2219 1801 2254 simulasse
1820 2245 1827 2253 .
1857 2219 1918 2255 Ait
1938 2221 2077 2255 Petrum

242 2283 332 2313 trus,
359 2278 411 2314 qui
432 2270 452 2302 ἃ
469 2272 499 2313 J
502 2269 584 2304 acobo
610 2271 645 2303 ts·
676 2266 870 2311 Hierosolyma
890 2267 1132 2311 descenderant,

243 2329 296 2366 qui
317 2322 414 2357 adhuc
436 2320 550 2362 infirmi
567 2328 675 2359 erant,
701 2320 877 2360 timeretque
900 2329 937 2351 ne
955 2318 1132 2361 scandalum

238 2374 316 2414 paffi
324 2371 465 2412 refiltrent
475 2371 495 2401 ἂ
502 2369 587 2411 fide,
613 2375 749 2400 mutatus
777 2366 815 2406 est
824 2368 960 2405 rursum,
988 2367 1131 2408 &omiffa

240 2422 365 2465 gentilis
386 2426 463 2454 vitae
477 2424 591 2452 ratione
612 2417 657 2449 ad
672 2423 804 2458 priorem
823 2418 913 2449 rediit
923 2414 1128 2458 condescenfio-

244 2483 312 2504 nem
323 2496 333 2511 ,
360 2471 394 2504 (tr
405 2469 532 2502 ciborum
545 2465 763 2510 obfirrvationes
774 2464 928 2506 custodivit
939 2490 946 2497 .
971 2468 1058 2498 Illum
1066 2477 1131 2509 ergo

240 2523 354 2564 Jualaei
371 2530 439 2552 cum
461 2518 601 2561 vidiffent
614 2541 625 2557 ,
650 2522 702 2559 qui
724 2516 886 2549 Antiochia:
910 2514 1131 2558 versabantur,

245 2572 282 2604 id
301 2578 436 2614 agentem
460 2593 471 2609 ‚
497 2578 588 2610 neque
613 2569 676 2607 ejus
696 2576 822 2599 mentem
840 2564 1024 2609 perspeHam
1046 2564 1130 2598 babe-

245 2630 336 2659 rent,
363 2620 470 2661 quaid
480 2617 608 2660 agebat,
635 2616 755 2650 abdalla·
773 2615 848 2659 sunt
874 2618 907 2650 (τ
923 2616 996 2658 ipſs,
1023 2617 1128 2657 &pro-

241 2680 316 2714 pter
327 2668 494 2712 magistrum
508 2667 671 2707 judaizare
689 2666 865 2710 cogebantur
879 2692 886 2698 .
916 2671 1010 2708 Atque
1034 2665 1085 2698 boc
1094 2664 1132 2705 est

247 2720 331 2763 quod
352 2721 464 2751 Paulus
475 2716 679 2759 reprehendit.
707 2716 779 2750 Nec
791 2717 850 2749 soli
862 2728 903 2750 ex
916 2714 1130 2750 Antiochena

245 2770 343 2814 plebe
366 2768 466 2811 Judaei
484 2790 495 2806 ‚
520 2766 575 2800 sed
597 2766 630 2800 &
653 2765 795 2808 ipsorum
819 2766 944 2799 Dostor
967 2764 1131 2799 Barnabas

245 2819 312 2853 fuit
327 2818 415 2851 Petri
426 2817 580 2860 exemplo
589 2818 623 2849 in
635 2815 729 2850 istam
741 2817 983 2850 simulationem
995 2815 1130 2850 circum-

245 2870 385 2911 scriptus
393 2893 400 2900 .
433 2868 482 2901 Ita
494 2866 543 2900 illi
554 2876 670 2900 omnes
680 2865 913 2900 Antiochenos
923 2877 964 2900 ex
976 2864 1129 2910 gentibus

248 2917 533 2962 fidelescogebant
544 2915 723 2958 judaizare.
750 2917 831 2949 Haec
852 2917 896 2949 est
910 2925 1064 2960 germana
1087 2916 1130 2949 fa-

252 2971 292 3003 sti
312 2969 432 3012 species
445 2992 452 2999 .
480 2966 537 3000 An
556 2975 634 2999 ante
655 2965 881 3009 Apostolicam
904 2965 944 2999 de
954 2964 1129 3010 Legalibus

253 3018 428 3062 Synodum
439 3015 615 3060 contigerit
625 3039 635 3055 ,
661 3015 796 3049 Sanitus
808 3015 1013 3059 Augustinus
1030 3015 1128 3049 dubi·-

251 3080 299 3103 tat
310 3093 317 3101 .
343 3069 481 3103 Certum
493 3066 536 3100 est
549 3063 624 3098 ante
634 3066 825 3110 contigisse.
854 3066 943 3098 Nam
956 3064 1026 3108 post
1037 3065 1126 3100 illam

249 3132 322 3155 non
335 3120 396 3153 soli
410 3115 617 3151 Antiocheni
629 3139 639 3155 ‚
666 3115 720 3148 sed
743 3116 842 3148 etiarn
854 3109 1128 3156 Hierosolym'ita-

250 3171 287 3204 ni
312 3153 417 3213 Judaei'
435 3165 530 3211 plene
555 3174 671 3199 norant
690 3165 895 3207 &gentilem
917 3159 1130 3207 &Iudaicam

251 3221 355 3253 vitam
375 3219 437 3252 esse
454 3218 553 3251 etiam
577 3214 633 3248 sibi
646 3214 884 3248 indifferentem
898 3239 909 3254 ,
935 3214 1077 3258 ideoque
1087 3216 1127 3250 ad

253 3266 314 3302 hos
336 3280 403 3307 non
426 3264 693 3301 scandalizandos
710 3263 825 3297 Petrus
848 3275 914 3297 non
935 3264 1092 3304 debuisset
1110 3265 1128 3299 ὲ

255 3319 375 3361 gentili
388 3318 452 3352 vita
464 3317 503 3351 ad
517 3316 684 3360 Judaicam
702 3314 900 3348 simulatorie
910 3315 1039 3349 transire
1052 3340 1059 3348 .

307 3367 472 3400 Laudatus
493 3367 632 3409 Joannes
653 3365 790 3398 affirmat
803 3367 864 3398 esse
874 3365 1043 3398 difficilem
1054 3365 1126 3399 fasti

254 3416 390 3459 speciem
405 3440 415 3455 ,
433 3417 554 3455 &circa
569 3416 668 3457 ipsam
680 3415 742 3448 esse
755 3415 832 3450 duas
845 3415 1035 3452 sententias.
1060 3416 1129 3449 Pri.

353 3464 460 3505 chrisi.
474 3469 549 3507 Lupi
561 3471 658 3508 opera
670 3468 703 3498 T.
717 3467 774 3498 IX.

1172 2464 1177 2499 l

1172 2501 1177 2662 l

1195 2269 1288 2302 fuisse
1309 2268 1422 2311 sponte
1443 2270 1625 2305 incusatum
1639 2294 1650 2311 ,
1676 2280 1713 2305 ut
1735 2269 1867 2305 haberet
1877 2281 2075 2315 campumac

1195 2318 1348 2351 fiduciam
1359 2321 1458 2352 etiarn
1477 2319 1603 2362 Judaeos
1621 2321 1810 2364 increpandi
1825 2347 1831 2353 .
1859 2321 1951 2356 Audi
1969 2331 2075 2356 exem·

1195 2367 1284 2408 plum
1298 2381 1309 2400 .·
1338 2371 1397 2400 Hoc
1418 2374 1507 2401 etiam
1527 2370 1563 2412 fit
1588 2376 1622 2402 'in
1643 2372 1837 2404 contrao‘libut
1861 2370 2072 2415 saecularibus.

1195 2421 1228 2448 N
1232 2428 1280 2448 am
1285 2415 1315 2457 fi
1322 2420 1443 2459 quando
1455 2421 1587 2452 nonnulli
1610 2422 1742 2453 civi'lium
1755 2422 1940 2455 Tributorum
1959 2423 2075 2466 reliqua

1192 2466 1362 2507 debebant,
1388 2480 1422 2500 ac
1444 2470 1551 2502 deinde
1571 2470 1637 2509 illi,
1663 2477 1714 2511 qui
1737 2472 1871 2504 exac‘iuri
1888 2473 1962 2515 sunt
1981 2497 1992 2512 ,
2016 2485 2073 2507 non

1191 2518 1341 2557 audeant,
1364 2516 1422 2559 sed
1442 2517 1612 2562 erubescant
1631 2520 1837 2554 vehementius
1863 2524 1928 2555 illos
1951 2535 2072 2566 urgere,

1191 2575 1222 2598 ut
1232 2568 1374 2608 majorem
1386 2576 1506 2609 captent
1527 2569 1694 2610 occasionem
1716 2582 1750 2603 ac
1756 2571 1938 2612 facultatem
1950 2575 2010 2606 illis
2023 2585 2073 2607 ve-

1191 2616 1352 2649 hementtus
1375 2618 1527 2657 instandi,
1550 2621 1570 2651 ἃ
1589 2621 1829 2654 commilitonibus
1847 2620 1973 2664 spoliari
1980 2623 2015 2666 se
2026 2635 2073 2656 cu-

1190 2675 1283 2706 rant,
1308 2668 1494 2701 &convitiis
1518 2670 1595 2711 affici
1608 2694 1619 2710 ‚
1645 2680 1734 2712 atque
1755 2673 1825 2704 aliis
1847 2678 2010 2705 innumeris
2023 2685 2070 2706 ve.

1191 2721 1259 2748 xari
1268 2718 1359 2750 malis
1373 2724 1406 2750 in
1430 2717 1581 2761 conspecqu
1603 2721 1717 2752 illorum
1730 2744 1741 2759 ‚
1767 2731 1801 2753 ut
1813 2722 1884 2752 dum
1906 2720 2044 2761 istafiunt
2054 2745 2067 2761 ‚

1191 2776 1378 2808 nequaquam
1399 2767 1479 2810 exse
1498 2766 1729 2809 autsuasponte
1741 2793 1752 2808 ‚
1773 2767 1832 2809 sed
1841 2769 2068 2810 impofitaacae-

1190 2822 1261 2849 ter-15
1274 2817 1434 2857 neceffltate
1458 2818 1622 2849 videantur
1643 2818 1709 2849 illos
1736 2828 1853 2860 urgere.
1882 2822 1929 2851 Et
1950 2821 2068 2853 illataa?

1190 2871 1303 2900 ceteris
1325 2867 1498 2899 contumelia
1509 2868 1592 2907 apud
1612 2867 1686 2899 alios
1709 2865 1774 2908 ipfis
1803 2868 1940 2901 obnoxios
1953 2870 2070 2913 excusa-

1190 2922 1278 2950 tionis
1301 2914 1409 2959 ansam
1423 2915 1617 2958 suppeditat.
1649 2915 1705 2949 Est
1728 2918 1915 2960 exemplum
1929 2908 1951 2953 i&
1964 2922 2068 2955 foren-

1190 2968 1268 3000 fium
1295 2966 1564 3012 Declamatorum
1600 2965 1751 3009 exemplo
1776 2990 1786 3006 ,
1813 2978 1880 3010 quo
1914 2971 1987 3004 usus
2008 2971 2072 3004 fuit

1190 3018 1320 3050 Sanstus
1343 3017 1572 3058 Hieronymus
1595 3040 1605 3055 ‚
1642 3028 1710 3050 non
1738 3016 1883 3052 absimile
1905 3044 1911 3051 .
1942 3020 2071 3055 Diserte

1191 3068 1333 3110 Ioannes
1345 3066 1454 3100 scribit
1476 3068 1508 3099 ὅ(
1524 3065 1609 3098 Petri
1624 3067 1773 3109 passivam
1795 3068 1828 3103 <Sc
1840 3068 1974 3103 activam
1988 3070 2071 3103 Pau-

1191 3119 1213 3150 li
1235 3116 1512 3161 reprehensionem
1536 3117 1628 3150 fujffe
1642 3115 1907 3160 dispensatoriam
1930 3131 1965 3153 ac
1977 3121 2070 3153 simu·

1193 3169 1307 3201 latam.
1337 3167 1375 3200 In
1398 3167 1501 3208 primo
1522 3168 1613 3209 super
1634 3165 1798 3201 decimum
1821 3168 1924 3202 Sanffi
1952 3171 2069 3204 Hiere-

1192 3219 1263 3251 miae
1275 3228 1372 3260 caput
1394 3218 1540 3250 sermone
1552 3216 1689 3250 affirmat
1712 3217 1805 3251 istam
1816 3220 2067 3254 controversiam

1192 3268 1379 3312 &pugnam
1399 3290 1409 3306 ‚
1435 3277 1504 3309 quae
1525 3266 1586 3299 esse
1613 3266 1782 3301 videbatur
1800 3291 1811 3306 ,
1838 3269 1930 3304 fuisse
1952 3270 2066 3312 quavis

1194 3329 1272 3362 pace
1283 3316 1463 3351 utiliorem.
1491 3314 1594 3362 Qod
1616 3316 1721 3359 ipsum
1733 3318 1830 3351 tradit
1854 3319 2067 3353 incommen-
2082 3342 2107 3370 T
2127 3348 2155 3373 m

1194 3368 1282 3401 tariis
1304 3366 1445 3410 epistolae
1467 3366 1506 3398 ad
1530 3366 1681 3401 Galatas.
1711 3368 1859 3401 Eandem
1871 3369 2065 3404 sententiam
2108 3351 2127 3374 Q
2160 3349 2202 3376 '3'

1190 3416 1246 3452 hic
1260 3417 1398 3461 sequitur
1408 3417 1582 3461 Septimius
1592 3441 1602 3459 ,
1629 3428 1726 3459 atque
1740 3419 1783 3452 ita
1797 3419 1964 3454 adversum
1978 3419 2065 3452 Mar-

1666 3467 1702 3504 V
1951 3469 2017 3503 cio-
