2346 3724
326 155 348 199 ἰ
366 156 423 210 ςό
817 150 853 195 3
914 164 944 194 C
1016 167 1046 196 H
1118 165 1149 193 Ο

251 235 532 278 veo-bap‹›sueruntv
553 232 605 270 'Et
617 233 735 270 iterum
752 246 759 266 :
788 238 827 269 Ut
841 237 937 269 Fides
949 236 1041 278 firma
1053 238 1145 269 dare-

250 296 302 321 em-
315 285 449 327 Ecclefiae
460 308 470 324 ‚
495 286 645 319 duodecim
661 284 780 327 Apostoli
789 284 862 327 sunt
875 288 894 319 ὰ
906 285 1021 327 christo
1036 286 1116 320 elem
1131 299 1145 328 ;

249 348 373 379 quorum
388 338 518 376 Petrus,
545 337 609 369 ciem
622 336 687 378 esset
697 347 794 370 eorum
811 341 932 377 primus
946 361 956 376 ‚
977 335 1058 380 solus
1087 349 1143 370 non

248 386 288 426 est
298 384 358 429 aus
354 399 387 419 us
397 395 563 428 componere
570 384 731 430 simbolum
746 411 756 425 ,
777 385 836 429 sed
855 389 874 418 ti
887 388 1067 422 duodenario
1091 401 1145 422 nu·

249 441 326 469 mero
334 436 532 479 Apostolorum
543 447 607 469 cum
617 448 727 480 magna
739 436 776 475 est
792 438 908 470 cautela
919 438 1063 472 colleeium
1075 464 1085 479 ‚
1111 441 1144 472 ἐ*

245 488 440 524 credentibus
462 487 635 530 afflgnatum
656 511 664 519 .
707 489 869 521 Duodecim
883 487 1011 529 fuerunt
1034 488 1144 528 Christ}

249 535 395 579 Difhtpuli
410 561 419 575 ‚
449 538 666 570 Praedtcatores
679 538 767 570 Fidei
794 539 828 571 <St
839 538 977 572 Doaores
986 547 1122 583 gentium
1135 564 1141 571 .

249 588 314 629 ,Qui
325 587 389 619 ciam
402 598 498 620 omnes
512 598 602 619 unum
622 587 707 629 essem
719 612 731 629 ,
759 598 849 620 unum
874 595 966 624 etiam
988 595 1142 622 communi-

248 644 294 670 ter
316 636 510 679 exposuerunt
518 635 696 679 symbolum:
727 638 906 684 ‚Qutfinguli
921 639 1035 683 singula
1049 641 1142 673 verba

248 687 393 723 dixerunt
404 693 493 720 unius
509 691 537 720 F
540 691 600 722 idei·
614 714 623 728 ,
634 693 762 722 invicem
772 691 980 724 concordantia
984 689 1039 732 fibi
1051 715 1060 730 ,
1073 702 1140 732 quae

248 738 369 771 tamum
381 739 531 772 duodecim
538 737 611 782 sunt
625 739 736 772 verba.
769 740 850 783 Eam
865 766 875 784 ,
888 753 956 784 quae
973 742 1004 773 in
1019 740 1139 784 Raptis

248 799 307 822 mo
320 786 476 830 traditur,
503 790 589 823 acin
603 788 712 823 Deum
730 789 859 824 Patrem
873 792 1138 834 omnipotentem
1155 821 1158 838 ,

248 849 287 872 ac
299 839 381 873 alios
391 839 553 874 solemnes
567 840 720 875 articulos
737 840 840 874 credit
853 866 864 881 ‚
890 841 1055 884 Regulam
1077 842 1157 876 effe!

248 887 290 922 ab
303 888 496 933 Apostolis,
526 891 641 934 utique
663 890 819 925 omnibus
846 892 1004 932 aessens,
1031 892 1139 926 scribit

248 939 349 975 etiam
361 940 495 975 Sanetus
507 941 642 974 lrenaeus
654 963 661 970 .
689 939 917 983 Apostolieum
948 941 1137 984 symbolum

246 989 293 1024 est
315 990 483 1033 Synodale
508 991 686 1025 Decretum
701 1015 708 1021 .
736 991 784 1024 At
809 989 884 1024 vero
907 991 967 1025 soli
983 991 1136 1035 Apostoli

246 1048 340 1074 erant
353 1041 500 1074 Ecclefiae
524 1039 678 1075 Restores
701 1051 738 1076 ac
761 1041 937 1088 Episcopi.-
963 1041 1056 1078 Hinc
1071 1043 1136 1089 illis

245 1090 322 1125 solis
337 1100 403 1124 erat
427 1089 476 1132 jus
491 1091 635 1135 suffragii
652 1115 659 1125 .

295 1140 443 1187 Qaestio
456 1151 567 1185 quarta
579 1141 623 1175 est
635 1165 643 1174 .
669 1142 763 1188 Qot
777 1143 837 1175 sint
851 1142 1003 1185 symbolo
1016 1144 1135 1178 attica:

121 923 181 954 Lib.
206 935 232 956 ι.

110 974 172 1006 cap·
185 976 211 999 ι.

244 1189 294 1224 li?
321 1191 521 1224 Communis
531 1190 631 1226 hodie
655 1193 761 1226 sensus
773 1193 926 1227 adscribit
938 1193 1131 1228 duodecim.
1162 1219 1164 1221 -

242 1239 442 1284 Respondeo
456 1251 521 1275 rem
534 1241 766 1277 effeincertam
782 1268 787 1275 .
818 1244 950 1278 Etenim
973 1245 1007 1278 in
1023 1255 1130 1288 quarta

242 1290 413 1325 Catechefi
425 1294 557 1325 Sanetus
572 1293 720 1335 Cyrillus
743 1294 986 1336 Hierosolyma
1002 1295 1132 1337 Episco-

241 1351 301 1384 pus
323 1340 474 1374 adscribit
494 1342 578 1378 solos
600 1340 730 1376 decem:
758 1345 803 1375 De
826 1347 910 1383 Deo,
937 1345 972 1377 de
995 1344 1108 1383 Christo
1122 1368 1132 1383 ,

239 1392 279 1423 de
292 1394 488 1423 Generatrone
499 1402 536 1423 ex
549 1395 668 1434 Virgine
683 1415 694 1429 ,
706 1428 708 1430 ,
721 1393 758 1423 de
766 1396 858 1424 cruce
869 1416 879 1431 ,
905 1393 943 1425 de
952 1392 1109 1433 Sepulchra
1122 1417 1132 1432 ‚

240 1442 277 1473 de
297 1439 516 1482 Resurrec‘lione
531 1464 540 1478 ,
567 1441 604 1473 de
628 1439 812 1483 Adscenfiorie
830 1465 840 1481 ‚
865 1441 904 1475 vde
918 1440 1023 1482 futuro
1035 1442 1134 1483 Judi-

238 1496 299 1531 cio,
327 1492 362 1525 de
377 1492 505 1532 :Spiritu
515 1489 624 1523 511ng
633 1515 643 1531 ,
673 1492 710 1524 do
733 1488 950 1532 Reficrredlione
963 1502 974 1524 .’
1002 1491 1133 1535 Utique

237 1541 347 1575 nostra
362 1541 393 1574 in
404 1550 552 1574 extremo
563 1539 616 1574 die
627 1566 634 1572 .
663 1541 803 1574 Omittit
825 1541 1058 1576 articulumde
1068 1543 1132 1576 De-

239 1592 352 1624 scensu
368 1591 408 1624 ad
423 1591 545 1624 inferos
558 1614 568 1631 ‚
581 1591 614 1624 ἀ
626 1589 666 1623 de
681 1590 762 1624 Vita
774 1600 910 1624 aeterna.
929 1590 1031 1636 Quod
1045 1592 1131 1625 hunc

239 1642 417 1675 articulum
442 1639 586 1675 omnino
613 1651 692 1676 tunc
718 1641 906 1683 expresserit
930 1666 940 1681 ‚
967 1642 1012 1675 est
1038 1643 1149 1684 supra¹

237 1691 405 1725 ostensum
429 1716 435 1723 .
463 1690 590 1725 Verum
615 1691 666 1725 uti
690 1691 865 1726 articulum
887 1691 928 1724 de
941 1690 1064 1726 Christi
1083 1692 1134 1726 de-

236 1742 349 1775 scensu
378 1741 437 1775 sub
451 1741 593 1777 articulo
611 1740 803 1783 sepulturae,
832 1742 876 1775 ira
889 1740 977 1776 hunc
990 1753 1132 1785 compre-

235 1789 357 1827 hendit
387 1791 445 1825 sub
456 1791 694 1825 resurreffionis
712 1791 874 1831 articulo,
901 1792 935 1826 &
949 1790 1063 1827 habuit
1074 1803 1132 1835 pro

236 1851 307 1876 uno
330 1864 339 1872 .
366 1839 415 1875 Ita
440 1842 560 1883 semper
578 1841 659 1875 fecit
682 1840 863 1875 Orientalis
885 1841 1030 1875 Ecclefia
1051 1866 1059 1874 .
1087 1842 1132 1876 Et

236 1892 338 1926 etiam
364 1890 453 1925 hunc
478 1888 602 1924 dudum
625 1899 694 1923 non
716 1890 881 1932 expreffit.
910 1891 1130 1937 Qodipsum

236 1942 387 1977 fecerunt
408 1940 444 1974 ἃ.
460 1939 612 1983 quaedam.
626 1938 823 1973 Latinorum
837 1940 989 1974 Ecclefiae
1002 1964 1009 1973 .
1036 1941 1134 1983 Supe-

237 1990 304 2024 rius
320 1990 449 2023 laudata
464 1989 640 2025 Vausenfis
662 1988 816 2032 Synodus
842 1991 885 2024 ita
898 1990 1033 2025 scribit.-
1060 1996 1133 2033 Apo·

232 2041 299 2083 stoli
308 2039 470 2082 symbolum
495 2039 697 2078 distinxerunt
706 2046 739 2072 m
758 2041 979 2082 quatuordecim
991 2043 1132 2074 articulos

237 2092 329 2128 Fidei
346 2114 357 2130 ,
382 2101 506 2131 quorum
517 2087 635 2130 septem
639 2087 713 2130 sunt
722 2092 968 2130 pertinenter·ad
976 2093 1131 2124 Divinita-

237 2150 319 2181 κω,
346 2142 399 2173 alii
407 2138 696 2183 septemadchristd
709 2143 936 2174 Humanitatem
948 2166 966 2175 ,Α
985 2141 1134 2175 Eandem

236 2191 439 2227 sententiam
466 2188 576 2223 laudat
600 2191 635 2223 in
665 2188 727 2222 suis
756 2188 957 2225 sermonibus
979 2190 1136 2224 Albertus

235 2241 446 2280 patavinus,
475 2239 982 2284 AEgidiiRomanidiscipulus,
1009 2240 1137 2284 quiflo-

239 2293 307 2328 ruit
325 2292 419 2327 ,circa
442 2300 590 2333 tempora
615 2289 709 2324 istius
731 2289 887 2332 Synodi:-
911 2293 971 2324 Per
984 2291 1137 2328 duodecim

240 2341 382 2384 cophinos
397 2334 549 2376 duodecim
560 2340 679 2383 regulas
692 2364 703 2379 ,
726 2339 781 2382 seu
791 2340 960 2382 sententias
971 2339 1134 2371 Catholtcae

219 2406 226 2419 s
234 2394 333 2428 Fide}
359 2392 582 2434 intelligtmus,
595 2395 661 2430 ,qui
672 2388 800 2430 cophini
807 2395 1006 2421 contexantur
1018 2399 1057 2421 ex
1067 2388 1135 2419 duo·

236 2444 335 2477 decim
359 2444 408 2477 vel
430 2441 653 2485 quatuordecim
673 2439 807 2475 articulis
829 2440 942 2478 Fidei,
967 2442 1031 2479 qui
1039 2441 1135 2478 cunm

242 2499 353 2527 nentur
378 2499 410 2525 in
429 2491 554 2535 symbolo
566 2488 782 2532 Apostolorum.
810 2488 881 2522 Alii
896 2462 970 2533 alio
977 2487 1078 2527 modo
1088 2486 1135 2523 di·

235 2542 429 2576 ssinxerunr
451 2541 631 2579 articulos,
656 2540 705 2576 &-
715 2536 980 2581 computamur.
1008 2536 1134 2571 Verum

236 2591 466 2626 duodenarius
491 2600 644 2623 numerus
667 2590 712 2623 est
735 2588 878 2622 omnino
900 2587 1085 2632 probandus
1098 2599 1135 2622 ac

235 2640 466 2677 retinendus.
487 2639 640 2676 Eundem
655 2638 700 2675 ibi
711 2638 906 2680 comprobat
920 2639 1055 2677 Sanetus
1068 2638 1136 2681 Cyss

233 2691 361 2727 tillus.
390 2690 623 2728 Praeterrnittit
631 2689 729 2727 enim
739 2688 900 2725 articulos
921 2687 970 2722 de
971 2687 1117 2727 Ecclesia
1130 2710 1141 2727 ‚

233 2753 286 2778 ac
299 2742 342 2778 de
356 2740 570 2775 Remiffioue
565 2749 799 2783 peccatorum.

236 2825 242 2829 ,
298 2791 448 2850 Qaestio
459 2791 573 2834 quinta
586 2790 653 2830 est,
679 2789 735 2822 An
747 2789 886 2832 quisque
900 2788 1082 2833 Apostolus
1094 2788 1141 2821 di·

237 2842 335 2877 xerit
361 2843 395 2876 δι
417 2839 601 2877 contulerit·
623 2841 717 2873 suum
739 2839 941 2878 articulum?
969 2840 1019 2873 Ita
1030 2838 1139 2873 statim

234 2892 349 2927 ‘nobis
362 2893 557 2926 asseruerunt
570 2890 689 2925 Beatus
700 2901 738 2923 ac
749 2887 903 2926 Etherius
915 2915 921 2921 .
934 2889 1025 2925 Istud
1037 2889 1046 2922 i
1049 2889 1140 2933 psum

238 2943 390 2976 -affirmat
412 2942 446 2974 in
471 2941 586 2975 litteris
609 2940 651 2974 ad
669 2940 911 2983 Imperatricem
934 2938 1140 2973 pulcheriam

115 2997 170 3036 Ep.
188 3006 239 3036 ¹3*
251 2991 400 3036 Magnus
425 2990 512 3033 Papa
538 2990 609 3026 Leo
628 3005 639 3024 .·
667 2989 814 3026 Catholici
838 2990 958 3029 symboli
981 2989 1086 3022 brevis
1108 2991 1143 3024 (9

249 3041 386 3086 perfedla
405 3039 532 3081 confeffio
555 3042 706 3074 duodecim
720 3040 912 3083 Apostolorum
932 3041 1057 3073 totidem
1066 3037 1142 3080 estsi-

248 3100 346 3138 gnata
367 3090 528 3135 sententiis
547 3115 555 3124 .
582 3092 635 3125 Ex
656 3102 723 3134 quo
747 3092 879 3133 insuper
902 3089 994 3133 vides
1013 3113 1025 3130 ‚
1041 3088 1141 3132 ‘quod

254 3144 411 3178 Romana
426 3140 568 3174 Ecclefia
589 3143 781 3177 etiamtunc
795 3140 983 3181 necdeqem
994 3150 1054 3181 nec
1066 3149 1141 3182 qua—

236 3191 437 3228 -tuordecitn
461 3200 642 3224 numeraret
665 3191 842 3232 articulos,
869 3189 922 3224 sed
945 3186 1138 3224 duodecim.

236 3242 298 3277 Et
309 3235 500 3275 authoritas
511 3239 602 3274 istius
613 3240 785 3276 Pontificis
805 3240 851 3274 est
875 3242 1000 3282 summa
1021 3239 1141 3272 acirre—
1177 3263 1181 3293 ἰ

254 3290 584 3337 fragabilis.Q1are
604 3302 672 3324 non
696 3293 798 3326 ausim
819 3292 859 3329 de
883 3289 939 3331 ista
961 3289 1142 3332 collatione

237 3340 423 3379 dubitare
450 3341 493 3376 Et
514 3341 710 3377 consentit
703 3354 737 3377 in
761 3340 950 3387 praefatione
958 3331 1141 3384 adExege-

1220 162 1331 193 L=1
1401 163 1434 194 Ο
1506 164 1537 193 N

1211 233 1269 269 firn
1291 233 1476 278 Apostolici
1497 231 1639 277 symboli
1660 233 1848 272 venantius
1869 238 2092 278 Fortunatus,

1213 284 1420 319 Piciavienfis
1433 285 1613 328 Episcopus
1623 310 1634 326 ,
1661 285 1802 330 Scriptot
1812 287 1966 332 antiquus
1977 300 2014 322 ac
2025 299 2094 322 eru-

1186 339 1189 342 ’
1209 334 1321 371 ditus:
1349 337 1468 368 Collata
1483 334 1620 376 apostolis
1638 334 1967 383 fisemis-linguarum,
1992 338 2091 372 adbuc

1209 390 1240 422 in
1252 397 1308 418 um
1326 385 1412 428 pofiti
1429 385 1608 429 symbolum,
1634 384 1831 431 unusquisque
1852 389 1930 432 quod
1945 387 2033 432 senfit
2046 390 2093 421 d}-

1210 438 1299 472 cendo
1310 461 1320 476 ,
1347 437 1542 470 condiderunt
1555 460 1562 468 .
1589 434 1688 470 Plura
1702 438 1884 472 sanctorum
1896 437 2030 473 Patrum
2042 447 2091 473 te-

1207 486 1358 522 stimonia
1373 487 1500 521 adduco
1517 487 1550 520 in
1563 486 1685 528 praeviis
1695 486 2019 525 differtationibusad
2028 491 2092 525 Ni-

1206 548 1331 570 caenum
1347 537 1536 571 Concilium
1554 537 1683 584 .Qem
1697 546 1806 571 tamen
1821 539 1993 575 articulum
2006 541 2091 582 quis-

1205 599 1268 630 que
1282 587 1461 628 Apostolus
1483 586 1680 627 contulerit,
1707 598 1777 620 non
1797 588 1943 623 constat.
1971 591 2090 626 Alium

1204 637 1395 670 collationis
1411 638 1546 671 modum
1567 638 1600 671 &
1613 637 1766 671 ordinem
1777 637 1916 681 Jacobus
1929 639 2091 675 Cardina-

1206 688 1243 723 lis
1263 688 1303 721 de
1326 686 1475 721 Vitriaco
1498 690 1530 722 in
1550 688 1780 722 Occidentalis
1803 688 1952 724 Ecclefiae
1971 690 2090 725 Histo-

1205 750 1249 771 ria
1263 762 1272 777 ‚
1301 737 1400 771 alium
1418 737 1512 773 habet
1539 738 1571 770 in
1586 739 1693 772 Sansti
1710 738 1890 782 Augustini
1908 741 2090 784 appendice

1206 790 1307 822 sermo
1320 786 1581 833 quadragesimus
1593 789 1752 823 secundus
1764 813 1771 820 .
1801 789 1870 836 Qii
1890 791 2092 833 quatuorde-

1204 840 1267 871 cirn
1283 839 1436 873 articulos
1461 849 1631 873 numerant
1642 863 1653 879 ‚
1681 838 1759 873 huic
1771 838 1971 883 Apostolicae
1983 841 2089 884 syno-

1201 887 1244 922 do
1257 890 1417 922 affirmant
1430 889 1564 923 adfuisse
1586 890 1688 923 etiam
1699 890 1853 924 sanctum
1866 890 2007 926 Paulum
2019 915 2031 932 ‚
2055 892 2089 926 &

1202 940 1354 973 Sanctum
1366 940 1565 974 Barnabam.
1595 940 1672 975 Sine
1683 939 1925 976 fundamento.

1251 990 1398 1035 Qaestio
1423 992 1510 1023 sexta
1535 990 1601 1030 est,
1630 991 1711 1039 Qio
1733 1002 1915 1034 tempore,
1942 1002 1998 1026 aut
2021 1003 2088 1035 quo

1202 1038 1324 1074 Christi
1339 1040 1481 1074 Domini
1503 1052 1594 1075 anno
1617 1042 1655 1075 fit
1674 1041 1849 1076 conditum
1869 1042 2086 1084 symbolum?

1201 1090 1372 1133 Presbyter
1385 1089 1540 1124 Ruffinus
1564 1090 1883 1134 scribit:D1'sceJJuri
1905 1092 2087 1125 abinvicem

1201 1139 1320 1183 Apostoli
1332 1152 1464 1172 normam
1481 1141 1568 1182 prius
1584 1141 1702 1183 fhrurae
1711 1143 1937 1182 praedtcationis
1961 1147 1993 1175 in
2014 1153 2090 1175 com-

1198 1202 1283 1224 mune
1293 1191 1484 1231 constituunt.
1514 1192 1667 1226 Affirmat
1696 1191 1740 1225 ita
1752 1193 1910 1226 traditum
1922 1192 1941 1225 ὲ
1955 1192 2090 1235 Maiori-

1200 1241 1272 1275 bus.
1300 1240 1405 1277 Perre>
1427 1241 1469 1274 de
1490 1242 1596 1275 saneto
1619 1243 1652 1276 δε
1673 1242 1814 1284 antiquo
1841 1241 1991 1276 Ecclefiae
2015 1243 2090 1276 scri-

1204 1301 1293 1332 ptore
1309 1290 1494 1332 Apollonio
1519 1291 1627 1325 scribit
1652 1291 1690 1324 in
1701 1291 1925 1326 Ecclefiastica
1938 1290 2089 1326 HistorIa.

1200 1339 1358 1373 Eusebius
1371 1339 1600 1373 Caesaraeenfis:
1630 1341 1802 1380 Apollonius
1822 1337 1905 1382 aitse
1926 1341 2090 1374 traditione
2107 1346 2166 1379 Lib.
2194 1362 2223 1388 5·

1198 1388 1331 1431 accepiffe
1344 1412 1353 1427 ,
1381 1390 1572 1421 servatorem
1595 1390 1776 1423 mandatum
1795 1389 1863 1432 suis
1881 1390 1992 1434 dediffe
2017 1395 2090 1433 Apo-
2107 1396 2169 1428 cap-
2181 1402 2226 1427 17.

1192 1438 1273 1478 stolis
1285 1462 1296 1479 ,
1325 1449 1359 1470 ne
1369 1447 1440 1470 ante
1455 1440 1605 1472 duodecim
1626 1450 1723 1473 annos
1737 1439 1939 1482 Hierosbhmc's
1967 1438 2091 1484 discede-

1196 1498 1279 1523 rent.
1312 1486 1454 1522 Proinde
1477 1491 1558 1523 intra
1584 1487 1645 1522 hos
1661 1500 1770 1523 annos
1792 1490 1837 1523 est
1856 1490 1999 1524 omnino
2011 1502 2091 1525 con-

1197 1539 1306 1572 ditum
1319 1537 1505 1580 symbolum
1519 1564 1526 1569 .
1557 1539 1599 1571 Et
1611 1538 1652 1573 ad
1665 1541 1820 1574 Santstum
1833 1539 1998 1583 Cyrillum
2013 1540 2092 1575 Ale-

1199 1588 1344 1623 xandriae
1359 1588 1581 1623 patriarcham
1605 1590 1732 1633 scripsit
1747 1589 1857 1624 sixtus
1879 1590 1992 1625 tertius
2004 1591 2090 1625 Pon·

1198 1639 1297 1673 tifex:
1327 1642 1502 1681 Congregati
1520 1648 1556 1672 tn
1578 1651 1671 1672 unum
1699 1639 1824 1682 Apostoll
1845 1642 1881 1673 de
1903 1643 1984 1674 Fide
2004 1639 2088 1684 saepe‘

1197 1688 1386 1722 trat‘larunt.
1416 1688 1531 1723 Exstat
1548 1689 1686 1732 epistola
1699 1690 1788 1724 inter
1806 1689 1958 1733 epistolas
1985 1690 2094 1725 lauda-

1198 1740 1223 1772 ti
1238 1738 1376 1781 Cyrilli.
1408 1739 1506 1784 Qot
1528 1739 1561 1774 &
1575 1740 1686 1783 quales
1698 1739 1854 1782 synodos
1867 1740 2021 1784 Apostoli
2049 1741 2093 1775 fe-

1197 1789 1304 1823 cerint
1316 1813 1327 1829 ‚
1355 1800 1425 1822 non
1438 1789 1482 1822 est
1497 1790 1659 1831 praesentis
1682 1790 1771 1824 loci.
1802 1790 1845 1825 Er
1857 1791 1891 1824 in
1911 1801 1974 1834 qua
1988 1791 2093 1834 Syno-

1198 1839 1243 1873 do
1257 1838 1471 1874 condiderint
1487 1839 1694 1880 symbolum,
1727 1841 1833 1874 fateor
1853 1852 1908 1875 me
1919 1841 2095 1887 ignorare.

1198 1889 1236 1924 ln
1259 1887 1345 1922 libro
1369 1887 1520 1927 adversus
1533 1887 1692 1922 Praxeam
1705 1888 1935 1926 Tertullianus
1956 1891 2011 1927 dat
2037 1890 2095 1926 ali-

1198 1938 1278 1981 quid
1304 1939 1461 1977 luminis‚
1487 1939 1653 1971 affirmans
1681 1934 1762 1969 hanc
1772 1940 1917 1981 Regulam
1940 1942 1980 1975 ab
2004 1945 2094 1974 initio

1198 1988 1364 2030 Evangelii
1385 1986 1575 2029 decucurrisse
1587 2009 1599 2026 ,
1624 1991 1720 2020 etiam
1739 1997 1810 2020 ante
1826 1991 1947 2029 priores
1962 1990 2094 2032 quosque
2110 1975 2183 2013 Cap.
2200 1985 2228 2003 ²'

1199 2036 1354 2071 baereticos
1370 2059 1380 2076 ,
1407 2038 1515 2069 nedum
1528 2045 1600 2069 ante
1611 2038 1766 2069 Pramum
1786 2036 1948 2076 hesternum
1958 2063 1965 2070 .
1996 2039 2094 2072 Affir-

1200 2097 1268 2120 mat
1279 2085 1469 2129 symbolum
1496 2087 1558 2120 effe
1580 2085 1666 2128 prius
1687 2086 1789 2119 etiam
1801 2086 1938 2121 Simone
1961 2087 2068 2132 Mago
2081 2112 2095 2130 ,

1201 2137 1307 2180 primo
1318 2135 1411 2177 fonte
1425 2136 1577 2170 omnium
1589 2135 1818 2170 haereticorum
1830 2161 1837 2167 .
1859 2134 1963 2171 Porro
1975 2138 2094 2172 Simon

1201 2187 1309 2230 primo
1331 2180 1402 2230 post
1423 2186 1548 2221 Christi
1576 2185 1721 2220 Domini
1741 2185 1926 2221 Paffionem
1946 2197 2037 2222 anuo
2059 2188 2095 2222 &

1202 2235 1384 2280 baptizatus
1396 2236 1440 2270 est
1451 2261 1462 2278 ,
1474 2236 1508 2270 &
1520 2247 1658 2271 conatus
1670 2236 1831 2281 Spiritum
1843 2238 1994 2272 Sanctum
2007 2249 2094 2273 eme-

1202 2297 1235 2320 re
1251 2311 1263 2327 ,
1287 2296 1383 2330 atque
1401 2286 1445 2320 ita
1466 2288 1566 2321 etiam
1593 2287 1700 2330 lapsus
1725 2286 1914 2325 inhaerefim
1928 2313 1935 2321 .
1962 2287 2036 2323 Nec
2046 2288 2098 2322 vi-

1201 2336 1296 2370 detur
1324 2337 1541 2370 dubitandum
1553 2361 1563 2376 ,
1590 2337 1674 2378 quin
1692 2336 1727 2370 in
1743 2338 1888 2372 nostrum
1905 2336 2096 2381 symbolum

1203 2385 1300 2418 fuerit
1313 2385 1511 2426 baptizatus.
1535 2386 1638 2430 Qod
1652 2386 1800 2420 Simonis
1812 2387 2001 2430 Baptizator
2016 2387 2097 2422 Phi-

1202 2434 1310 2477 lippus
1319 2433 1493 2468 Diaconus
1514 2434 1612 2468 etiam
1638 2433 1775 2478 Reginae
1798 2436 1960 2470 Candacis
1980 2437 2097 2471 Eunu·

1204 2483 1304 2520 chum
1326 2482 1536 2528 baptizaverit
1565 2485 1598 2518 in
1620 2484 1706 2517 istud
1735 2485 1924 2527 symbolum
1949 2509 1960 2526 ‚
1987 2485 2092 2521 immo

1202 2534 1292 2576 quod
1316 2534 1426 2570 cuncti
1449 2532 1603 2577 Apostoli
1620 2546 1659 2568 ac
1685 2534 1847 2578 Discipuli
1873 2536 2009 2571 cunstos
2028 2537 2092 2571 ase

1203 2584 1386 2627 baptizatos
1397 2583 1590 2628 baptizarint
1603 2585 1638 2618 in
1653 2585 1781 2628 ipsum,
1808 2586 1990 2621 affirmatin
2003 2587 2091 2621 libro

1202 2635 1242 2669 de
1267 2634 1348 2668 Fide
1380 2635 1414 2669 &
1436 2634 1590 2679 operibus
1615 2635 1749 2669 Sanctus
1777 2633 2016 2680 Augustinus.
2046 2637 2093 2672 Et

1202 2684 1288 2719 certe
1308 2693 1345 2719 ut
1369 2685 1403 2719 in
1426 2683 1553 2725 Patris,
1579 2684 1613 2720 ὅ(
1629 2685 1730 2727 Filii,
1758 2685 1793 2720 δε
1815 2687 1953 2730 Spiritus
1981 2687 2092 2722 Sancti
2107 2704 2154 2739 δέ

1198 2746 1326 2769 nomen
1341 2735 1568 2779 baptizarent,
1588 2734 1725 2769 diserte
1716 2738 1891 2780 imperavit
1903 2737 2090 2785 Dominus.

1204 2785 1338 2828 Utique
1362 2787 1396 2819 in
1410 2795 1529 2826 nomen
1543 2785 1622 2819 Filii
1644 2786 1713 2825 nati
1724 2786 1764 2820 de
1776 2787 1939 2832 Virgine,
1955 2788 2093 2823 crucifi-

1203 2837 1260 2874 xi,
1285 2837 1433 2875 mortui,
1453 2834 1593 2879 sepulti,
1619 2836 1815 2871 resuscitati.
1842 2835 2093 2878 Addiditenim

1203 2897 1240 2920 ut
1251 2886 1407 2921 docerent
1424 2897 1480 2920 eos
1504 2887 1625 2920 servare
1650 2887 1764 2920 omnia
1780 2912 1790 2927 ,
1818 2898 1890 2932 quae
1905 2886 2094 2932 praedicave-

1205 2946 1251 2968 rat
1266 2959 1274 2968 .
1301 2936 1411 2984 Qare
1422 2935 1576 2981 Apostoli
1601 2936 1758 2972 videntur
1783 2938 1819 2972 in
1841 2939 1913 2981 ipso
1933 2937 2094 2982 Penteco-

1205 2986 1266 3020 stes
1285 2986 1343 3021 die
1364 3012 1375 3028 ,
1412 2996 1588 3029 antequam
1614 2987 1812 3030 praedicaturi
1837 3000 1875 3023 ac
1899 2986 2092 3030 baptizaturi

1208 3037 1375 3080 prodirent
1393 3036 1623 3081 ,ffymbolum
1642 3037 1826 3072 condidisse
1839 3062 1846 3070 .
1857 3075 1861 3079 ,
1874 3036 1951 3078 Ejus
1967 3035 2091 3070 natales

1200 3087 1361 3127 Ruffinus
1379 3111 1390 3128 ,
1418 3099 1516 3132 quem
1539 3087 1765 3131 &Dominus
1789 3085 1972 3122 Cardiualis
1992 3085 2094 3120 Baro-

1207 3138 1281 3171 nius
1293 3138 1435 3182 sequitur
1448 3163 1460 3179 ,
1489 3137 1617 3172 videtur
1634 3148 1803 3183 perperam
1823 3135 1954 3171 differte
1969 3136 2005 3171 iu
2019 3136 2095 3171 arti·

1207 3188 1316 3233 culum
1328 3188 1530 3234 Apostolicae
1540 3188 1574 3223 di
1582 3189 1714 3224 visionis
1722 3212 1732 3220 .

1234 3255 1235 3258 ¹
1257 3239 1300 3272 Et
1326 3238 1384 3273 ista
1409 3239 1545 3284 quidem
1568 3238 1670 3273 dubia
1691 3238 1766 3281 sunt
1783 3235 2023 3276 fundamenta,
2047 3247 2091 3270 ex

1207 3287 1325 3331 quibus
1346 3289 1513 3323 Gerardus
1534 3289 1675 3333 Ioannes
1690 3285 1822 3320 Voffius
1844 3285 1999 3331 gloriose·
2012 3297 2093 3320 con-

2155 2715 2183 2746 Ρ
2198 2713 2228 2744 9·’

1178 3339 1179 3342 ’
1205 3338 1311 3374 cludit
1334 3339 1420 3375 istud
1440 3338 1630 3384 symbolum
1650 3347 1721 3373 non
1744 3336 1808 3373 effe
1832 3336 1874 3372 ab
1898 3335 2091 3382 Apostolis,

1988 3385 2042 3422 sed
