2346 3724
83 885 171 927 Epist.
190 896 237 925 73.

82 1004 170 1044 Epist.
190 1015 240 1045 73.

126 2530 193 2562 lib·
218 2541 246 2567 4.

124 2580 243 2611 cap.2t.

116 3062 175 3094 1³01-
183 3067 248 3100 764.

690 125 731 168 C
801 137 830 168 A

256 218 354 248 nem,
379 207 551 245 Marcum,
578 204 785 245 Baffianum,
811 202 1020 242 Cerdonem,
1047 200 1134 238 Mar-

254 258 387 292 cionem
407 281 418 297 ,
443 255 618 292 Lucanum
642 279 653 294 ‚
678 263 776 299 atque
799 253 977 298 Apellem,
1002 251 1037 286 &
1057 261 1134 285 con·

255 307 361 343 cludit
376 318 383 340 ς
409 304 468 340 sub
481 304 619 347 apostolis
631 312 731 351 itaque
746 305 873 346 fuerunt
883 302 931 336 hae.
947 298 1070 344 baerescs
1078 309 1134 342 per

255 358 407 391 ordinem.
436 356 478 390 Et
490 354 675 399 subjungit:
705 356 867 400 Catalogus
880 350 1049 396 hereseon,
1067 363 1133 393 quae

255 406 311 451 sub
333 405 469 449 Apostoli:
494 405 684 445 exstiterunt.
714 405 867 447 Ejusdem
892 401 1057 437 sententias
1070 401 1133 434 fuit

256 457 390 492 Sanetus
402 455 488 500 Papa
500 454 681 499 Stephanus
695 479 702 487 .
731 454 863 490 Etenim
874 452 1061 488 constanter
1072 450 1134 486 edi·

257 508 307 543 xit
319 506 449 551 quosvis
463 505 626 543 haeteticos
645 505 686 539 ab
697 504 865 548 Apostolis
889 513 1069 545 numquam
1082 511 1135 545 per

258 568 383 592 novum
396 556 560 599 Baptisma
570 580 581 596 ‚
609 557 661 590 sed
674 556 844 592 dumtaxat
866 564 920 596 per
933 552 1135 597 poenitentiae

258 617 394 643 manum
416 606 508 643 fuisse
526 606 679 642 admissos
701 606 735 639 in
757 604 935 641 Ecclesiam
959 627 969 643 ,
994 602 1136 646 ideoque

258 654 345 691 hanc
359 655 518 693 Romanae
529 656 679 693 Ecclesiae
698 652 972 692 consuetudinem
989 653 1051 687 effe
1064 663 1135 685 orn-

258 706 342 742 nine>
363 707 590 750 Apostolicam
610 732 617 739 .
654 704 809 741 Edistum
834 704 942 739 lucide
969 700 1133 749 supposuit

257 755 423 793 haereticos
435 758 527 792 fuisse
550 756 609 791 sub
622 755 810 802 Apostolis.
838 755 882 792 Et
894 754 997 797 ipsum
1017 759 1134 789 notant

257 805 328 843 haee
351 807 459 845 Sansti
472 806 631 854 Cypriani
652 805 748 842 verba
763 805 798 839 in
820 804 937 840 litteris
958 803 999 838 ad
1011 802 1135 847 Jubaja-

257 868 340 892 num
360 858 580 903 Episcopum:
607 861 673 892 Nec
684 853 839 899 quisquam
858 855 961 895 dicat,
989 854 1135 901 ,Quodne-

256 914 384 950 cepimus
394 907 435 940 ab
451 906 586 949 apostolis
597 929 608 946 ,
635 903 844 947 borsequimur
857 930 865 939 .
893 904 938 937 Et
954 905 986 937 in
999 901 1136 946 epistola

257 958 298 991 ad
310 955 505 1001 Pompejum
517 954 736 990 sabratensem
749 955 948 997 Episcopum
970 952 1056 988 idem
1070 952 1136 994 Cy·

259 1008 394 1052 prianus
413 1005 578 1050 reposuit:
603 1006 691 1039 Talia
712 1005 749 1039 de
770 1003 917 1041 baereticis
935 1000 1137 1044 scripserunt,

258 1069 324 1093 cum
347 1058 476 1091 nondum
495 1055 640 1091 baereticae
656 1053 753 1095 pestes
774 1058 899 1086 acriores
916 1052 1112 1096 prorupissent
1126 1075 1137 1091 ,

257 1106 390 1141 nondum
419 1115 530 1146 quoque
542 1104 677 1139 Marcion
693 1103 731 1138 de
742 1104 836 1138 Ponto
854 1101 1001 1145 emerfiffet
1012 1126 1024 1142 ‚
1050 1104 1135 1143 cujus

258 1155 399 1200 Magister
420 1155 539 1190 cerdon
555 1152 613 1196 sub
632 1156 739 1196 Hygino
759 1162 829 1188 tunc
845 1150 991 1197 Episcopo
1012 1155 1137 1186 Romam

257 1213 346 1241 venit
359 1230 366 1237 .
394 1207 527 1241 Fatetur
537 1202 595 1241 sub
608 1203 778 1246 Apostolis
796 1202 891 1241 fuisse
902 1201 1033 1251 haereses
1045 1226 1056 1242 ‚
1082 1201 1136 1237 sed

258 1268 329 1291 non
342 1256 480 1290 acriores
491 1279 499 1287 .
526 1254 570 1287 Et
582 1254 781 1291 nominatim
803 1252 946 1288 necdum
958 1252 1051 1286 fuiffe
1063 1251 1138 1286 Cer-

258 1306 383 1341 donem
406 1315 462 1341 aut
485 1304 712 1340 Marcionem.
741 1302 790 1338 At
810 1302 886 1337 veto
908 1302 943 1336 in
963 1302 1085 1336 famosa
1096 1300 1138 1336 ad

257 1356 415 1391 Sanctum
436 1354 641 1398 Cyprianum
662 1352 799 1397 epistola
820 1353 952 1390 Sanetus
979 1352 1140 1386 Firmilia-

258 1417 322 1440 nus
335 1404 539 1440 Caesareenlis
551 1404 728 1447 Episcopus
739 1403 906 1449 respondit
916 1402 1016 1447 longe
1026 1401 1120 1437 aliter
1129 1415 1140 1435 .-

257 1458 307 1489 Et
319 1457 440 1496 quidem
462 1454 608 1497 quantum
618 1454 662 1485 aed
683 1453 719 1485 id
733 1459 867 1494 pertinet
883 1453 964 1494 quod
972 1452 1140 1495 Stephanus

258 1506 365 1544 dixit,
396 1500 481 1546 quasi
499 1503 622 1545 Apostoli
643 1513 706 1543 eos,
733 1507 788 1544 qui
806 1501 845 1534 ab
869 1500 974 1544 baerefi
992 1507 1140 1542 veniunt,

257 1554 413 1597 baptizari
418 1552 620 1596 prohibuerint
631 1576 643 1592 ,
668 1554 704 1587 (η’
717 1550 932 1591 custodiendum
946 1549 1068 1593 posteris
1079 1559 1141 1583 rra-

258 1606 414 1643 diderint,
435 1604 590 1646 pleniffimc‘
611 1614 666 1637 vos
677 1599 863 1645 respondistis
876 1625 888 1642 ,
913 1606 1061 1638 neminem
1079 1611 1142 1635 tam

257 1655 380 1696 stultum
400 1654 451 1696 effe
462 1658 514 1695 qui
527 1652 579 1686 hoc
589 1653 692 1687 credat
705 1651 847 1696 Apostolos
855 1651 1007 1694 tradidiffe
1020 1676 1032 1694 a
1049 1663 1141 1694 quan-

260 1705 299 1737 do
317 1709 410 1737 etiam
431 1701 514 1745 ipsas
536 1701 664 1745 haereses
685 1701 793 1741 constat
814 1701 995 1737 execrabiles
1018 1713 1053 1735 ac
1063 1703 1142 1735 dete-

254 1752 488 1795 standaspostea
510 1752 662 1795 exstitisse.
688 1752 842 1786 Affirmat
864 1750 976 1788 nullos
985 1751 1042 1787 sub
1055 1751 1144 1794 Apo·

258 1802 353 1837 stolis
374 1802 467 1836 fuisse
489 1801 683 1841 haereticos,
710 1801 851 1846 ideoque
875 1801 1058 1838 istiusmodi
1080 1801 1142 1835 Ca-

257 1863 385 1888 nonem
404 1850 529 1894 abipfis
551 1862 619 1886 non
639 1852 818 1885 emanafle.
846 1849 987 1884 Videtur
999 1851 1142 1885 omnino

257 1903 355 1948 loqui
377 1901 419 1937 de
437 1901 559 1937 cunetis
583 1902 764 1945 generatim
792 1899 950 1936 haereticis
972 1924 980 1932 .
1006 1899 1140 1937 Etenim

257 1951 445 1989 Marcionis
456 1976 471 1993 ,
493 1949 656 1986 Cerdonis
668 1974 679 1990 ‚
704 1962 742 1984 ac
755 1949 885 1993 Apellis
895 1951 1034 1993 exponit
1047 1962 1140 1986 exor-

257 2003 337 2042 dia,
361 2014 458 2045 atque
480 1999 706 2044 prosequitur:
731 2000 790 2032 sed
812 2000 1010 2034 &Valentini
1033 2001 1140 2035 &Ba-

254 2052 353 2094 filidis
374 2057 489 2091 tempus
501 2047 687 2089 manifestum
706 2047 766 2088 est,
790 2048 873 2090 quod
891 2046 991 2090 &ipsi
993 2046 1055 2090 post
1068 2053 1130 2091 Apo

252 2102 340 2142 stolas
352 2122 364 2138 ,
389 2101 425 2135 (γ
439 2097 503 2141 post
522 2098 640 2141 longam
662 2105 781 2131 aetatem
806 2098 958 2131 adversas
982 2097 1140 2139 Ecclesiam

258 2157 320 2186 Dei
336 2148 489 2193 sceleratis
512 2148 675 2181 mendae-ils
694 2146 761 2190 suis
783 2146 1017 2182 rebellaverint.
1044 2152 1139 2182 Caete-

257 2213 309 2236 ros
331 2210 442 2244 quoque
462 2198 613 2233 haereticos
635 2196 743 2237 constat
761 2205 882 2240 pravas
896 2195 970 2241 suas
985 2197 1083 2233 sec‘r'as
1105 2200 1140 2232 (ν

258 2248 449 2287 inventioner
467 2246 629 2291 perversas
641 2271 654 2288 ,
673 2255 764 2289 prout
783 2246 905 2291 quisque
928 2259 1023 2282 errore
1033 2247 1137 2282 danus

258 2302 298 2341 est
322 2326 333 2341 ,
365 2299 462 2343 postea
478 2298 622 2341 induxiffe
645 2322 653 2329 .
681 2295 837 2340 Ejusdem
863 2298 1031 2332 sententiae
1052 2297 1137 2341 apud

259 2350 441 2387 Eusebium
474 2347 707 2382 Caesareensem
741 2346 867 2382 videtur
888 2348 982 2382 fuisse
1004 2349 1139 2382 Sanctus

258 2402 460 2444 &antiquus
472 2396 622 2431 Ecclefiae
641 2396 788 2438 Scriptor
810 2397 1034 2440 Hegesippus.
1059 2398 1138 2430 San·

258 2451 302 2485 di
321 2448 435 2493 Jacobi
449 2445 603 2491 Apostoli
623 2456 661 2480 ac
675 2445 975 2489 Hierosolymitani
1000 2445 1138 2489 Episco-

258 2501 292 2545 pi
303 2498 504 2542 Martyrium
516 2496 654 2539 exponit
665 2518 677 2535 ,
703 2504 802 2538 atque
819 2494 987 2540 adjungit:
1014 2499 1061 2529 Et
1071 2508 1137 2539 quo-

259 2556 346 2586 m‘am
358 2546 486 2590 Ecclesia
498 2547 620 2581 necdum
641 2554 707 2579 erat
723 2543 810 2588 falsa
816 2544 970 2588 perversae
991 2545 1138 2580 baeretico·

259 2612 327 2636 rum
351 2598 494 2632 dot‘lrinae
514 2601 665 2630 inanitate
686 2603 843 2638 corrupta,
869 2596 975 2630 idcirce
990 2602 1074 2641 virgo
1083 2605 1138 2638 ap-

257 2651 377 2695 pellata
394 2646 459 2690 fuit
484 2671 491 2678 .
528 2650 565 2679 At
587 2644 729 2680 Thebulis
750 2669 762 2687 ,
783 2654 937 2689 propterea
956 2648 1034 2688 quod
1048 2652 1139 2688 petiti

261 2697 467 2743 Episcopatus
477 2695 626 2739 repulsam
648 2697 757 2731 tulerat
769 2722 780 2739 ,
804 2708 868 2731 eam
887 2702 995 2731 erroris
1019 2696 1087 2730 labe
1099 2708 1137 2731 ex

261 2751 371 2785 occulto
380 2748 498 2791 inficere
505 2745 543 2787 est
554 2753 673 2794 conatus
685 2772 693 2779 .
720 2746 882 2782 Eusebius
893 2747 925 2779 in
940 2745 1114 2781 Chronico
1126 2771 1137 2787 ‚

261 2812 301 2837 ac
315 2801 349 2834 in
362 2792 699 2841 illustrium‚;g›>irorum
721 2795 886 2841 catalogo
906 2795 1042 2830 Sanetus
1059 2796 1139 2831 Hie·

262 2858 424 2894 ronymus
451 2845 534 2883 istud
557 2845 759 2890 Martyrium
784 2845 973 2881 adscribunt
999 2846 1137 2890 septimo

263 2896 452 2936 Neroniani
472 2897 602 2939 Imperii
622 2908 731 2939 anno,
760 2898 819 2941 qui
840 2896 906 2930 fuit
926 2895 1048 2931 Christi
1067 2898 1137 2932 Do-

262 2951 349 2986 mini
361 2947 574 2993 sexagesimus
585 2946 715 2981 tertius.
737 2946 851 2996 Qare
862 2947 963 2989 usque
975 2956 1055 2981 tunc
1070 2949 1137 2982 nul·

262 3001 316 3035 lus
335 2999 462 3033 videtur
484 2997 519 3030 in
543 2996 685 3031 Ecclesia
703 2998 797 3031 fuisse
817 2996 981 3031 haereticus
1010 3021 1018 3029 .
1043 2996 1085 3030 Et
1102 2998 1136 3032 in

263 3050 404 3095 septimo
418 3049 619 3084 stromatum
645 3045 728 3082 libro
745 3048 878 3082 Sanetus
891 3047 1045 3081 Clemens
1055 3047 1137 3083 Ale-

1081 133 1105 164 Τ

900 135 922 168 1·
993 136 1010 168 1

1175 2832 1183 3101 J

1264 133 1282 161 s
1387 120 1623 165 XXXII.

1177 133 1193 165 1
1913 144 1936 172 2
1947 142 1964 184 5
1975 148 2006 179 μ

1195 200 1364 235 dormirent
1376 198 1507 233 homines
1518 224 1529 240 ,
1556 207 1639 234 venit
1648 207 1783 237 inimicus
1806 205 1888 240 bomo
1901 232 1912 248 ‚
1939 206 2076 251 &super-

1192 248 1360 294 seminavit
1380 254 1506 287 zizania
1529 273 1540 290 ‚
1568 251 1602 283 in
1629 250 1838 294 Evangelicis
1860 259 1964 292 Sandti
1987 259 2079 293 Mat.
2090 247 2152 285 (ἰὼ
2171 256 2215 276 ¹¹·

1197 296 1268 334 thaei
1282 298 1515 342 quaestionibus
1537 309 1781 336 commentatur
1796 316 1806 335 .·
1832 310 1909 337 Cum
1929 310 2076 343 dormitio-

1197 361 1262 384 nem
1283 355 1388 383 mortis
1410 352 1581 395 accepiffent
1591 352 1714 392 Apostoli
1726 375 1737 390 ,
1763 358 1849 384 venit
1859 356 2014 398 diabolus,
2040 360 2075 392 (tr

1192 397 1443 443 superseminavit
1467 414 1515 434 eos
1529 425 1540 441 ‚
1566 414 1636 445 quos
1655 403 1748 435 malos
1765 401 1844 443 filios
1870 406 2013 441 Dominus
2030 411 2077 443 in-

1196 457 1378 492 terpretatur
1389 475 1396 485 .
1428 451 1478 487 Hi
1492 453 1565 485 sunt
1580 452 1719 488 haeretici
1730 476 1737 483 ·

1246 500 1446 543 Respondeo
1456 513 1565 539 tamen
1579 506 1607 537 A
1614 502 1780 547 postolicis
1800 503 1999 547 temporibus
2009 515 2077 540 om·

1197 550 1280 586 uino
1302 551 1395 585 fuisse
1419 552 1493 586 suos
1525 550 1711 588 haer'eticos.
1741 552 1783 585 Et
1804 554 1939 596 quidem
1952 555 2078 597 plures.

1199 600 1254 634 Est
1270 612 1317 634 res
1329 611 1414 637 certa
1434 613 1472 635 ac
1495 601 1629 639 evidens
1646 629 1652 636 .
1679 603 1814 638 Etenim
1825 604 1994 640 Simonem
2008 605 2080 640 Ma-

1198 662 1277 695 gum
1291 652 1362 695 quis
1374 651 1539 690 inficietur
1562 654 1655 688 fuisse
1667 652 1879 692 haereticum?
1905 654 1981 691 Fuit
1993 654 2080 691 Tro-

1198 700 1290 744 janus
1300 713 1401 745 equus
1419 702 1572 738 omnium
1594 701 1817 741 haereticorum
1829 729 1836 736 .
1865 702 1917 737 Ex
1931 706 2000 748 ipso
2012 716 2082 741 om·

1200 761 1255 784 nes
1266 751 1465 791 Gnosticos,
1492 753 1538 791 uti
1554 753 1665 789 eterra
1688 757 1810 798 fungos
1824 779 1836 795 ,
1859 753 2020 793 ebulliisse
2037 765 2082 789 te-

1199 801 1298 835 statur
1312 803 1444 839 Sanetus
1467 803 1618 839 Irenaeus.
1646 804 1690 843 Et
1704 805 1889 839 haereticum
1908 804 2082 841 homiuem

1201 852 1298 888 semel
1309 863 1362 887 aut
1375 852 1423 887 bis
1431 853 1674 898 corripiendum
1688 879 1699 898 ,
1725 866 1764 888 ac
1774 865 1855 889 tunc
1866 854 2082 889 devitandum

1199 901 1232 937 &
1242 901 1470 942 detestandum
1481 904 1615 939 mandat
1628 907 1761 941 Sanetus
1775 904 1896 941 Paulus
1916 906 1950 938 in
1968 906 2083 949 episto-

1201 952 1231 984 la
1254 951 1295 985 ad
1306 951 1445 991 Titum.
1473 954 1519 992 Et
1543 955 1598 998 qui
1623 956 1814 999 Galatarum
1837 954 2008 992 turbarunt
2023 954 2084 989 Ec-

1201 1001 1328 1037 clesiam
1341 1028 1352 1043 ,
1377 1004 1549 1048 quisdicat
1563 1017 1630 1040 non
1649 1007 1742 1042 fuisse
1754 1004 1944 1044 haereticos?
1971 1006 2084 1041 Etiam

1201 1052 1423 1095 Hymenaeum
1438 1078 1449 1094 ‚
1478 1056 1706 1093 Alexandrum
1731 1080 1743 1097 ,
1766 1055 1935 1095 Phileturn
1958 1080 1970 1097 ,
1995 1055 2084 1099 Phy-

1201 1102 1344 1146 gellum,
1370 1115 1411 1139 ac
1423 1104 1670 1151 Hermogenem
1692 1107 1779 1141 idem
1792 1107 1971 1150 Apostolus
1990 1116 2085 1145 notat

1201 1152 1242 1187 de
1254 1151 1375 1186 haerefi.
1403 1152 1501 1190 Plura
1521 1166 1562 1189 ex
1576 1155 1646 1198 ipso
1669 1154 1800 1191 dicendi
1818 1157 2020 1193 occasionem
2033 1167 2086 1194 ac-

1202 1202 1363 1245 cipiemus
1373 1203 1456 1237 infra
1470 1205 1486 1236 ὲ
1499 1205 1660 1248 Septimio
1673 1230 1680 1237 .
1710 1207 1755 1240 Et
1771 1206 1921 1240 laudatus
1932 1206 2089 1250 Hegefip2

1204 1263 1260 1295 pus
1285 1253 1425 1289 affirmat
1453 1252 1645 1290 Thebulem
1667 1254 1823 1290 emersisse
1847 1256 1888 1289 ad
1911 1257 2086 1298 septimum

1204 1302 1352 1338 Neronis
1376 1314 1501 1340 annum
1516 1330 1526 1345 ,
1552 1306 1681 1349 aliquot¹
1697 1305 1792 1344 annis
1802 1316 1878 1340 ante
1892 1306 2087 1348 martyrium

1204 1352 1396 1396 Principum
1445 1354 1685 1397 Apostolorum
1712 1380 1720 1391 .
1753 1355 1799 1393 Et
1833 1356 1922 1399 quod
1952 1356 2088 1391 Sanffils

1206 1402 1449 1448 Joaunessuum
1459 1404 1678 1448 Evangelium
1703 1417 1743 1442 ae
1756 1406 1892 1450 primam
1916 1405 2090 1448 epistolam

1206 1452 1365 1497 scripserit
1385 1453 1536 1488 adversus
1550 1454 1704 1489 Cerinthi
1727 1466 1765 1490 ac
1780 1455 1921 1489 Ebionis
1944 1466 2065 1493 errores
2077 1480 2090 1500 ‚3

1206 1503 1343 1539 affirmat
1369 1503 1404 1539 iu
1432 1505 1576 1540 virorum
1612 1505 1786 1539 illustrium
1821 1505 1989 1549 Catalogo
2013 1505 2090 1539 San-

1207 1553 1275 1585 ssus
1287 1551 1515 1595 Hieronymus
1526 1577 1538 1593 ,
1563 1564 1601 1587 ac
1613 1554 1724 1593 lucide
1735 1554 1936 1589 demonstrat
1956 1555 2089 1588 Sanctus

1207 1601 1363 1635 lrenaeus.
1391 1602 1493 1649 Qud
1505 1603 1657 1641 adversus
1676 1603 1829 1643 Cerinthi
1847 1605 1985 1643 haeresim
2000 1606 2093 1647 Apo-

1208 1651 1320 1685 stolica
1342 1651 1383 1687 de
1396 1651 1574 1697 Legalibus
1585 1655 1739 1699 Synodus
1753 1658 1967 1695 convenerit,
1993 1655 2091 1689 diser-

1207 1700 1240 1735 te
1261 1700 1374 1736 scribit
1395 1703 1530 1737 Sanetus
1553 1704 1778 1749 Epiphanius.
1805 1707 1849 1740 Et
1869 1707 1912 1741 de
1932 1705 2091 1745 omnibus.

1208 1750 1397 1786 Catholicis
1418 1753 1564 1796 epistolis
1586 1756 1700 1790 scribit
1721 1756 1758 1790 in
1779 1755 1864 1790 libro
1886 1757 1928 1790 de
1949 1755 2031 1790 Fide
2052 1765 2092 1787 ac

1208 1801 1359 1844 operibus
1379 1802 1513 1836 Sanetus
1527 1804 1754 1849 Augustinus:
1782 1808 1936 1850 ,Quoniam
1957 1804 2020 1838 baec
2030 1810 2093 1846 opi.-

1207 1856 1275 1892 nio‚
1302 1862 1372 1894 quae
1382 1849 1553 1891 hominem
1575 1864 1629 1897 per
1651 1854 1752 1890 solam
1776 1856 1842 1891 sine
1866 1856 1961 1891 bonis
1986 1856 2094 1898 operi-

1208 1900 1267 1938 bus
1277 1901 1376 1939 fidem
1400 1901 1565 1945 justificari
1579 1916 1617 1940 ac
1629 1906 1742 1941 salvati
1751 1908 1853 1950 garrit
1867 1932 1878 1948 ,
1906 1906 2093 1947 tum-fuerat

1206 1961 1310 1984 exorta
1332 1976 1342 1992 ,
1377 1953 1543 1994 quliolicae
1569 1955 1709 1996 Epistolae
1733 1980 1743 1995 ‚
1783 1959 1867 1992 Petri·
1888 1982 1897 1997 ‚
1925 1961 2092 2002 joannis,
2110 1975 2152 2008 Ca
2201 1988 2213 2009 ι

1199 2001 1335 2045 Jacobi,
1353 2004 1386 2047 J
1389 2002 1457 2035 udae
1477 2026 1489 2041 ,
1514 2013 1617 2036 contra
1636 2017 1702 2038 eam
1726 2009 1859 2041 maxime
1883 2004 2018 2050 dirigunt
2036 2011 2090 2043 in·-
2154 1984 2183 2017 μ
2219 1990 2246 2015 4⁰

1205 2055 1389 2091 tentionem,
1416 2059 1449 2084 ut
1460 2052 1645 2087 vehementer
1657 2055 1814 2094 adstruant
1831 2057 1924 2098 fidem
1939 2056 2002 2098 fine
2022 2066 2088 2100 ope-

1204 2098 1286 2133 ribus
1308 2100 1386 2135 nibil
1405 2103 1535 2145 prodcffe
1558 2129 1565 2136 .
1604 2104 1652 2141 At
1676 2105 1754 2141 vero
1776 2106 1831 2140 illa
1854 2107 1917 2142 fuit
1939 2109 2082 2142 Simonis

1205 2150 1298 2205 Magi
1311 2162 1349 2186 ac
1362 2151 1431 2193 ejus
1441 2152 1675 2198 discipulorum
1688 2156 1839 2193 scelerata
1859 2156 2000 2199 haeresis,
2027 2170 2082 2202 per

1203 2201 1289 2242 ipsos
1321 2199 1462 2237 traducta
1488 2202 1530 2239 ad
1556 2204 1731 2242 Basilidem
1779 2207 1814 2245 ὃς
1842 2207 2075 2243 Valentinum.

1203 2248 1297 2286 Alias
1307 2250 1544 2287 Gnosticorum
1567 2252 1729 2290 haereticas
1745 2256 1961 2301 blasphemias
1985 2271 2022 2294 ac
2035 2261 2082 2293 fa-

1203 2299 1294 2334 bulas
1313 2302 1412 2335 etiam
1430 2301 1587 2339 invadunt
1615 2305 1679 2340 istae
1701 2307 1845 2350 epistolae
1870 2334 1877 2341 .
1917 2310 1988 2356 Qi
2013 2309 2079 2343 sine

1202 2349 1298 2390 plena
1323 2349 1454 2384 istarum
1467 2353 1650 2390 fabularum
1672 2358 1791 2393 notitia
1814 2359 1895 2400 ipsas
1916 2359 2080 2404 intellige-

1201 2399 1369 2456 resperar,
1397 2401 1575 2443 plurimum
1586 2405 1765 2450 decipitur.
1793 2408 1886 2443 Hinc
1896 2410 2054 2452 quosdam
2068 2435 2079 2451 ‚

1199 2457 1297 2484 etiarn
1315 2450 1484 2492 eruditos,
1510 2454 1698 2497 interpretes
1720 2456 1865 2493 videmus
1887 2459 1972 2495 circa
1999 2461 2079 2506 ipsa-

1198 2510 1267 2533 rum
1282 2499 1422 2535 litteram
1433 2501 1608 2539 infeliciter
1627 2505 1820 2546 hallucinari
1832 2534 1839 2543 .

1245 2548 1293 2609 Et
1315 2546 1383 2585 haec
1410 2553 1525 2588 omnia
1547 2556 1702 2600 oppositis
1726 2557 1860 2595 Parrum
1882 2560 2080 2595 testimoniis

1198 2608 1295 2640 quam
1316 2599 1443 2644 optime
1462 2600 1626 2641 cohaerent
1643 2631 1651 2638 .
1684 2606 1745 2642 lsta
1765 2609 1920 2643 conciliat
1952 2611 1987 2644 in
2010 2611 2079 2644 alio

1198 2647 1327 2706 Eusebii
1348 2650 1426 2684 ioco
1449 2651 1599 2689 laudatus
1620 2655 1826 2702 Hegefippus
1839 2683 1847 2692 .
1868 2660 1974 2695 Sancti
1987 2662 2078 2705 Jaco-

1198 2698 1229 2733 br
1244 2699 1397 2741 Apostoli
1409 2701 1607 2746 Martyrium
1621 2704 1733 2742 denuo
1758 2710 1875 2747 refert,
1901 2720 1939 2742 ac
1951 2710 2075 2752 pergit:

1198 2750 1247 2781 Ad
1264 2749 1317 2781 illa
1337 2748 1425 2792 usque
1448 2761 1599 2793 tempora,
1626 2758 1867 2797 quandoquidem
1883 2757 1970 2799 siqui
1989 2768 2076 2792 erant
2093 2775 2153 2806 Lib,

1197 2805 1246 2841 qui
1264 2797 1417 2840 salubrem
1451 2804 1485 2834 (5
1501 2801 1644 2844 finceram
1664 2802 1813 2845 salutaris
1847 2809 2074 2846 praedicatronts
2091 2786 2208 2854 cap.2.36.

1200 2849 1330 2892 regulam
1350 2850 1519 2891 depravare
1541 2852 1764 2895 &corrumpere
1780 2854 1959 2898 studebant,
1985 2864 2018 2891 in
2028 2858 2077 2891 ob·

1196 2898 1288 2942 J'curis
1312 2899 1500 2933 tenebrarum
1520 2901 1645 2935 latebris
1669 2905 1842 2938 delituerint
1855 2929 1866 2946 ‚
1894 2907 2021 2949 Ecclesia
2029 2914 2075 2941 in-

1199 2959 1280 2992 tegra
1292 2949 1507 2991 &incorrupta
1516 2951 1723 2997 permanserat
1736 2980 1742 2985 .
1764 2957 1913 2990 Caeterum
1920 2957 2074 3002 postquam

1193 2998 1276 3042 sacer
1299 2998 1490 3041 Apostolorum
1511 3000 1612 3036 chorus
1638 3009 1760 3037 varium
1783 3012 1862 3040 vitae
1874 3012 1989 3041 exitum
2002 3033 2013 3048 ,
2039 3010 2074 3042 ὦ·

1198 3047 1318 3091 diversa
1345 3055 1448 3083 morti‘s
1464 3061 1574 3094 genera
1606 3054 1773 3094 pertulerat
1797 3079 1809 3096 ,
1836 3058 2075 3099 &praeterierat

261 3100 445 3137 xandrinus
465 3096 580 3132 diserte
615 3095 724 3131 scribit
750 3096 879 3132 haereses
912 3109 980 3131 non
1013 3098 1072 3132 nisi
1096 3099 1136 3134 ad
1176 3101 1312 3132 lillorutn
1336 3109 1432 3140 ceras,
1459 3101 1566 3143 quibus
1592 3103 1612 3133 ἃ
1636 3102 1749 3144 Christo
1764 3107 1906 3140 donatum
1927 3117 2015 3148 erat,
2041 3116 2075 3141 ut

263 3150 405 3187 Adriani
424 3148 599 3191 Imperium
622 3146 750 3189 coepiffe
772 3173 780 3180 .
807 3146 884 3181 Post
911 3158 1050 3181 mortem
1071 3159 1139 3184 om-

1199 3149 1320 3182 auribus
1334 3153 1481 3183 Divinam
1497 3151 1581 3193 ipsius
1588 3151 1770 3195 sapientiam
1778 3160 1875 3191 coram
1885 3163 2050 3199 acciperent
2062 3181 2075 3197 ‚

263 3203 356 3236 nium
369 3198 623 3244 Apostolorum.
651 3196 803 3238 Ejusdem
826 3198 992 3231 sententiae
1013 3198 1139 3234 videtur
1198 3208 1268 3234 tunc
1279 3198 1447 3242 certefalsa
1469 3202 1694 3236 &veteratoria
1714 3211 1920 3249 impnerrom
1931 3206 2075 3251 conspira-

264 3251 357 3286 fuisse
378 3251 511 3285 Sanctus
535 3247 740 3292 Augustinus
760 3272 768 3281 .
812 3247 943 3280 Etenim
970 3247 1036 3282 haec
1057 3249 1138 3284 circa
1199 3257 1240 3283 tio
1262 3251 1414 3284 exordium
1435 3257 1523 3293 caepit
1548 3276 1559 3291 ,
1584 3253 1673 3295 idque
1698 3256 1810 3288 illorum
1825 3256 1941 3297 fraude
1962 3257 2079 3297 &astu-

262 3299 478 3337 Dominicam
488 3299 701 3346 zizaniorum
714 3296 899 3343 parabolam
924 3296 1039 3341 verba,
1064 3303 1140 3333 Cum
1203 3306 1269 3342 tia,
1295 3301 1517 3344 quidollrinam
1539 3305 1559 3336 ᾶ
1572 3309 1699 3340 veritate
1716 3307 1838 3348 penna,-
1859 3307 1987 3341 alienam
1998 3308 2078 3349 ΛΠ,-

1914 3362 2030 3392 minare
