2346 3724
95 745 168 774 Can.
186 750 232 777 70·

124 978 177 1008 [ὦ
206 990 234 1013 4·

117 1028 178 1057 cap.
190 1029 235 1057 37.

128 1247 187 1280 Lib.
210 1258 237 1282 4.

118 1297 181 1327 cap.
194 1298 204 1318 1
213 1293 240 1318 6.

130 1443 192 1475 Ub-
214 1447 244 1474 6.

118 1491 168 1522 ειη
179 1492 240 1519 ,1.3.

135 2396 236 2429 01η

145 2754 206 2786 Εἰ).
228 2763 252 2789 3.

141 2804 205 2833 caP·
226 2804 250 2832 3*

755 157 1074 199 CA1‘1

248 242 448 271 memoratos
472 233 665 269 Faustinum
686 245 723 270 ac
736 233 966 269 Marcellinum
978 257 986 265 .

276 284 332 318 Est
343 295 450 318 tamen
460 283 549 318 locus
557 283 789 327 dispensationi
801 296 837 318 ac
847 280 1133 327 epichejeEtenim

250 333 287 369 in
300 332 584 379 Regionibus‚ubi
596 334 641 368 est
655 333 875 369 haereticorum
890 343 944 367 aut
957 331 1134 365 schismati·

250 396 366 420 corum
387 395 462 418 cum
481 384 665 419 Catholicis
687 385 855 419 numerosa
877 394 914 416 ac
940 380 1134 416 inevitabilis

250 434 515 481 permixtio,quis
525 435 650 469 nullam
659 435 757 469 etiam
765 431 1133 476 inDivinisquibusdam

252 484 422 529 indulgeat
433 485 723 519 communionem?
734 483 945 519 Moriendum
958 481 1066 526 potius
1075 481 1135 521 est,

251 538 348 583 quam
362 536 464 571 ullum
476 536 516 569 ab
528 536 598 582 ipsis
618 535 844 577 accipiendum
868 534 1112 567 Sacramentum
1123 555 1131 563 .

252 589 343 623 Nam
356 587 388 621 ἀ
401 588 563 631 Baptisma
572 585 613 621 ab
624 585 696 631 ipsis
707 584 823 630 suscipi
837 582 967 618 nonnisi
987 583 1022 616 in
1032 592 1133 617 extre·

252 651 306 674 ma
317 639 499 674 necestitate
509 635 666 681 permittit
677 636 811 678 antiqua
834 633 984 668 Ecclefiae
996 631 1132 675 discipli-

252 702 296 734 na
308 713 316 722 .
344 689 501 724 Attamen
512 687 619 723 sanxit
630 696 744 728 quarta
755 683 1018 728 carthaginensis
1030 684 1132 726 Syno-

251 741 314 775 dus
335 753 343 774 :
369 741 501 774 Clericus
520 737 720 771 baerencorum
737 737 777 772 (5
794 732 1043 780 schismaticorum
1067 741 1132 766 tam

251 795 394 826 convivia
403 815 415 831 ,
442 800 533 831 quam
550 785 728 829 sodalitates
749 791 843 822 evitet
867 786 1022 828 aqualiter
1042 807 1050 814 .
1076 780 1132 816 Ob

250 840 391 876 nimiam
411 837 656 875 Donatistarum
667 835 914 873 multitudinem
924 835 1000 869 solis
1010 833 1044 868 id
1060 831 1133 874 Cle-

251 890 328 926 ricis
339 914 350 931 ‚
379 901 448 926 non
468 889 560 924 laicis
580 886 746 922 interdicit
755 910 762 917 .
790 886 833 920 Et
856 883 935 919 hinc
956 884 997 918 de
1021 882 1132 918 iisdem

254 939 440 975 Donatistis
450 938 592 981 queritur
604 937 638 970 in
651 935 742 969 libris
754 935 906 970 adversus
919 932 1133 967 Cresconium

254 990 389 1025 Sanctus
399 988 606 1033 Augustinus
617 998 624 1020 :
650 989 814 1031 Contingat
823 986 911 1018 alicui
935 982 1062 1022 vestrum
1072 993 1136 1013 ara-

254 1052 286 1075 re
308 1046 341 1073 in
363 1046 442 1074 navi
461 1036 606 1080 nobilium
616 1060 627 1077 ,
645 1038 718 1075 jam
735 1035 864 1076 pollutus
878 1055 889 1072 ,
905 1034 978 1072 jam
995 1032 1137 1067 Traditor

254 1091 423 1134 appellatur
432 1114 439 1122 .
469 1084 762 1128 Carthaginensem
775 1107 787 1123 ‚
812 1082 868 1126 qui
881 1093 957 1116 cum
983 1080 1138 1115 haereticis

254 1148 345 1171 orare
364 1146 452 1170 vetat
472 1136 508 1171 &
528 1135 662 1178 psallere
672 1158 684 1175 ‚
710 1133 885 1169 Canonem
911 1131 981 1166 vult
1001 1131 1043 1166 ad
1056 1131 1139 1167 solas

255 1187 413 1222 Ecclefias
427 1187 460 1221 ὅ(
473 1185 545 1221 loca
556 1183 668 1223 libera,
681 1195 747 1217 non
759 1182 800 1218 ad
811 1192 908 1217 naves
917 1181 1052 1216 extendi
1067 1191 1140 1220 ,aut

256 1237 372 1272 similes
385 1236 597 1270 neceffitates.
629 1235 679 1268 Ex
693 1233 788 1267 simili
805 1231 899 1267 causa
912 1232 1046 1266 Sanslus
1059 1230 1142 1265 Basi-

258 1287 321 1322 lius
342 1285 430 1330 apud
457 1285 718 1320 Ecclefiasticam
738 1280 947 1319 Theodoreti
974 1280 1141 1317 historiam

257 1338 399 1372 creditur
421 1336 598 1372 Valentem
617 1333 805 1379 Augustum
815 1357 825 1372 ‚
852 1330 1021 1367 hominem
1049 1331 1143 1366 Aria·

258 1398 338 1422 num
350 1411 361 1427 ,
387 1387 487 1423 etiam
499 1386 582 1419 intra
594 1385 679 1420 sacra
691 1384 760 1418 vela
772 1407 783 1424 ‚
807 1381 913 1419 immo
925 1382 958 1416 ὅς
975 1382 1016 1416 ad
1035 1379 1144 1415 altaris

259 1437 466 1471 oblationem
491 1435 651 1470 admififfe
661 1460 669 1467 .
697 1434 805 1469 Fuisse
823 1433 872 1468 illi
889 1457 899 1471 ,
925 1443 988 1476 qua
1010 1432 1144 1468 Sandtus

258 1486 379 1521 Paulus
387 1485 611 1521 Timotheum
621 1482 849 1523 circumcidit,
876 1481 1010 1515 ssmilem
1022 1481 1145 1524 dispen-

258 1537 419 1571 sationem
431 1536 569 1571 affirmat
581 1535 614 1569 in
628 1535 681 1568 sua
695 1533 829 1568 historia
842 1532 1007 1576 Georgius
1021 1529 1144 1573 Pachy-

258 1597 359 1622 meres
370 1611 377 1619 .
406 1584 592 1621 Istiusmodi
605 1583 882 1627 dispensationem
892 1591 1082 1624 extorquere
1093 1591 1146 1624 pet

259 1646 422 1670 tormenta
433 1647 470 1671 ac
479 1634 717 1679 persecutiones
725 1632 847 1667 studuit
858 1631 958 1666 etiam
970 1631 1148 1674 Imperator

260 1686 475 1721 Constantius
487 1683 669 1719 terribiliter
677 1683 809 1720 edicens
819 1695 825 1715 z
829 1686 860 1728 J
863 1682 933 1715 uheo
942 1681 992 1725 effe
997 1689 1104 1723 pacem
1114 1686 1147 1713 in

260 1743 320 1769 toto
340 1740 482 1778 Imperio.
511 1734 645 1778 Utique
667 1733 914 1770 communionis
928 1743 1040 1775 pacem
1062 1732 1145 1771 inter

261 1786 406 1819 Arianos
417 1786 450 1819 ὅ(
463 1782 689 1821 Orthodoxos.
720 1783 778 1820 Ast
794 1782 888 1818 fuisse
902 1781 1100 1821 frustratum,
1113 1781 1147 1814 &

261 1833 478 1870 orthodoxos
489 1834 597 1877 potius
607 1835 674 1878 pati
683 1832 834 1879 quaelibet
847 1853 860 1872 ,
882 1829 987 1866 immo
996 1831 1031 1868 ὅ(
1042 1829 1149 1864 occidi

258 1885 409 1921 maluisse
417 1883 617 1921 demonstrat
624 1882 658 1918 &
665 1880 861 1924 comprobat
871 1881 906 1913 in
916 1880 1067 1924 singulari
1076 1890 1150 1922 con·

261 1946 311 1971 tra
324 1935 416 1970 istam
425 1933 703 1970 communionem
728 1929 814 1965 libro
825 1929 957 1966 Lucifer
969 1929 1151 1972 Episcopus

262 1987 484 2022 Calaritanus.
511 1984 624 2028 Qare
635 1981 664 2013 S.
677 1978 785 2013 Basilii
796 1979 916 2012 factum
929 1977 975 2011 est
988 1978 1152 2018 admiran-

262 2036 343 2068 dum
354 2034 473 2077 Ροιίὰς,
484 2032 581 2075 quarn
593 2027 800 2063 imitandum.
814 2024 920 2061 Unde
931 2025 1021 2069 quod
1034 2025 1068 2061 in
1083 2025 1151 2069 qui-

262 2083 398 2119 busdam
413 2080 596 2116 Germania:
610 2079 692 2114 locis
704 2075 885 2113 Lutherani
897 2074 1066 2112 Canonici
1075 2085 1152 2111 cum

264 2131 448 2168 Catholicis
457 2130 549 2164 simul
559 2129 692 2173 psallant
706 2128 739 2162 in
752 2126 868 2162 eodem
878 2124 1006 2166 Choro,
1020 2127 1052 2160 &
1063 2125 1151 2168 quod

266 2187 300 2220 in
310 2183 422 2218 eadem
434 2181 574 2215 Ecclesia
581 2178 670 2214 aliud
679 2178 778 2213 altare
790 2174 926 2217 hi,aliud
936 2175 987 2209 isti
997 2175 1153 2217 habeant,

265 2234 360 2270 nullo
371 2231 472 2266 modo
480 2229 525 2266 est
535 2229 748 2272 probandum.
762 2226 897 2262 Interim
910 2227 944 2261 in
957 2227 1150 2271 quibusdam

264 2286 364 2319 etiam
372 2278 595 2317 Orientalibus
605 2278 745 2314 Basilicis
752 2275 906 2311 dicuntur
914 2276 948 2310 &
958 2275 1152 2312 schismatici

266 2335 370 2369 Graeci
391 2334 423 2367 δε
443 2329 638 2366 Orthodoxi
661 2327 773 2363 Latini
792 2325 910 2361 habere
924 2327 1017 2361 suum
1032 2327 1132 2362 altare
1142 2326 1163 2366 ,'

266 2383 372 2420 immo
383 2383 416 2417 δε
427 2382 461 2416 in
471 2381 590 2415 eodem
601 2378 769 2414 successive
783 2376 945 2411 celebrare
956 2401 964 2409 .
992 2377 1092 2411 Recte
1104 2385 1152 2411 vta·

266 2447 343 2470 men
364 2431 513 2468 laudatus
533 2429 669 2464 Basilius
681 2428 717 2463 in
734 2425 934 2462 brevioribus
953 2427 1072 2471 regulis
1086 2437 1152 2470 per-

266 2486 373 2520 mittit
384 2482 514 2518 salutari
525 2479 693 2514 haereticos
706 2502 717 2519 ,
741 2477 775 2511 δε
788 2487 876 2511 vetat
886 2487 963 2511 cum
975 2477 1050 2520 ipsis
1062 2488 1154 2512 man·

265 2535 379 2570 ducati
391 2558 398 2565 .
424 2530 563 2578 Qin&
573 2529 618 2565 ita
628 2529 764 2563 affirmat
776 2526 892 2561 sanciri
902 2525 944 2560 ab
963 2525 1132 2570 Apostolis
1142 2550 1154 2567 ,

267 2595 366 2628 atque
384 2582 427 2616 ab
451 2581 522 2624 ipso
542 2579 717 2614 Domino.
745 2576 872 2612 Verum
894 2576 1065 2619 quomodo
1076 2578 1153 2612 San-

267 2638 354 2670 stum
375 2633 536 2676 Ioannem
562 2628 763 2672 Apostolum
785 2627 852 2661 illis
873 2625 924 2660 vel
935 2627 1009 2660 Ave
1025 2625 1091 2661 dici
1103 2638 1153 2661 ve-

269 2694 396 2718 tantem
420 2680 478 2714 sibi
506 2679 662 2713 conciliet
684 2703 696 2718 ‚
722 2689 791 2712 non
814 2676 912 2711 video
934 2701 942 2709 .
970 2676 1017 2710 Et
1038 2688 1153 2712 omnes

273 2731 452 2778 Apostolos
463 2741 539 2764 cum
552 2729 670 2762 Sancto
684 2728 809 2770 Ioanne
831 2725 954 2760 sensisse
963 2736 1060 2770 atque
1074 2727 1153 2772 egis-

273 2788 304 2818 se
318 2809 329 2824 ,
353 2781 468 2816 diserte
479 2780 616 2814 affirmat
638 2776 932 2812 Sanuuslrenaeus.
959 2776 1152 2811 Interimita

272 2831 463 2869 servandum
480 2829 514 2864 in
526 2830 580 2863 sua
594 2826 734 2863 Dioecefi
755 2825 890 2860 Basilius
901 2824 1018 2860 nullibi
1029 2826 1135 2862 sanxit
1145 2852 1152 2860 .

273 2886 376 2919 Suum
400 2882 442 2916 de
463 2879 662 2923 Apostolico
683 2878 824 2913 Canone
846 2876 974 2910 sensum
984 2874 1153 2913 dumtaxat

241 2948 245 2951 ·
272 2933 378 2971 edixit
388 2956 396 2964 .
422 2930 597 2973 Plerosque
606 2928 697 2965 enim
708 2926 868 2962 Ponticos
876 2936 955 2960 tunc
967 2936 1044 2960 cum
1061 2925 1154 2963 Aria·

123 3141 174 3174 Ep.
195 3140 257 3172 265.

274 2987 325 3021 nis
343 2983 442 3017 etiam
460 2979 637 3015 comedisse
650 3001 660 3018 ,
686 2978 816 3012 videtur
837 2987 905 3010 non
915 2973 1133 3012 duditandum
1145 3003 1152 3009 .

277 3038 333 3072 Ut
357 3027 688 3069 nonacunstisillis,
713 3026 790 3061 licet
809 3025 1045 3069 pertinacibus,
1071 3027 1154 3069 seda

275 3087 352 3122 solis
374 3081 450 3117 belli
471 3080 564 3115 istius
585 3075 778 3112 authoribus
789 3076 884 3110 fimus
909 3076 1006 3109 aversi
1025 3076 1154 3119 penitus

275 3150 314 3172 ac
337 3133 457 3172 alieni,
483 3130 594 3164 suadet
615 3130 648 3163 in
673 3127 787 3162 litteris
813 3127 855 3161 ad
877 3127 1030 3160 sanctum
1059 3126 1154 3162 Eure.

276 3187 390 3225 bium,
417 3184 451 3217 in
476 3178 683 3224 Euphratesia
704 3175 877 3211 Provincia
890 3175 1086 3219 Episcopum
1102 3177 1154 3212 Sa-

280 3234 492 3271 mosatensem
511 3256 518 3263 .
544 3229 637 3277 Qin
669 3229 742 3264 suos
764 3227 921 3270 firmiores
952 3225 1063 3261 fideles
1078 3251 1092 3267 ‚,
1118 3238 1154 3262 ut

279 3296 358 3319 cum
376 3281 543 3318 Anomaeis
563 3279 738 3314 familiares
747 3277 845 3311 essent
858 3299 869 3315 ,
895 3286 991 3320 atque
1013 3277 1098 3319 ipsos
1110 3277 1154 3311 ira

279 3335 468 3370 reducerent
487 3356 498 3374 ,
525 3330 615 3366 suasit
637 3329 770 3364 Sanetus
793 3326 933 3370 Joannes
954 3324 1155 3371 Chrysosto·

1241 165 1256 196 1
1324 166 1344 196 s
1450 152 1590 202 XLI.
1914 174 2008 216 339

1196 244 1267 267 mus
1291 256 1300 264 .
1328 232 1370 266 Et
1391 232 1424 266 in
1443 234 1601 276 epistola,
1628 245 1693 276 qua
1714 236 1974 283 Cruce-signatos
1994 250 2072 272 cum

1195 283 1497 317 Excommunicatis
1506 282 1645 317 Venetis
1655 286 1811 326 permittit
1820 290 1932 321 eadem
1945 289 2020 322 navi
2030 284 2078 325 ad‘

1194 342 1309 367 terram
1333 334 1471 367 san-stam
1494 330 1587 373 vehi,
1615 333 1705 366 addit
1717 333 1927 370 Innocentius
1938 338 2071 371 tertius:

1193 383 1246 423 Est
1256 392 1375 417 tautum
1386 386 1493 424 injure
1503 407 1513 422 ‚
1540 382 1651 425 quodsi
1657 382 1808 426 quispiam
1814 393 1869 425 per
1879 392 1992 419 terram
2011 387 2074 421 ha-

1191 440 1344 467 retlcorum
1364 432 1509 474 transterit
1520 457 1531 474 ,
1560 434 1715 475 necessaria
1733 444 1831 467 emere
1851 441 1940 475 atque
1951 442 2074 477 recipere

1188 489 1297 526 poterit
1317 482 1356 516 ab
1377 482 1486 526 eisdem
1498 507 1506 515 .
1536 482 1650 517 Exstat
1672 483 1808 527 epistola
1834 484 1868 517 in
1893 483 1962 526 ejus
1984 485 2047 519 vita
2061 510 2073 525 ‚

1193 534 1353 578 publicata
1367 544 1419 576 per
1429 533 1637 567 Franciscum
1651 533 1851 577 Bosquetum
1865 558 1873 566 .
1901 534 1955 575 De
1968 543 2032 577 qua
2041 546 2075 569 re

1193 585 1265 619 vide
1285 584 1319 620 δι
1329 584 1379 628 ius
1392 583 1600 620 noviffimum
1612 583 1776 619 Francisci
1793 583 1906 628 Zypaei
1916 607 1928 616 .

1260 718 1367 762 Dum
1391 712 1445 762 ad
1481 717 1585 760 unius
1610 718 1789 763 *veritatis
1811 729 2009 782 ,expugna-

1483 788 1616 831 tionem
1643 821 1658 847 ,
1693 789 1784 834 &a

1245 932 1295 967 Ita
1314 932 1358 968 de
1381 933 1571 969 MeletianIS
1594 945 1634 968 ac
1647 934 1803 974 Arianis,
1830 933 1973 968 invicem
1995 934 2082 967 sem-

1165 976 1168 982 ’
1197 983 1513 1025 pei-inimicissimis,
1540 985 1650 1020 scribit
1674 986 1706 1018 in
1721 985 1824 1029 prima
1848 983 1998 1018 adversus
2022 981 2083 1017 hos

1197 1034 1348 1068 oratione
1361 1036 1494 1069 sanstus
1507 1034 1727 1071 Athanasius.-
1756 1036 1831 1069 ciam
1852 1037 1943 1068 anteri
1965 1031 2085 1076 interse

1197 1083 1366 1125 contentiosi
1371 1085 1459 1126 essent
1467 1108 1478 1124 ‚
1503 1095 1582 1117 nunc
1594 1087 1731 1121 Herodes
1758 1087 1792 1118 ἐν
1817 1088 1941 1118 Pontius
1963 1085 2085 1117 Pilatus

1200 1138 1232 1163 in
1271 1131 1470 1176 blasphemias
1508 1136 1661 1168 adversas
1699 1133 1848 1175 christum
1886 1133 2085 1174 constituunt.

1202 1180 1387 1227 Qiomodo
1408 1184 1450 1217 ad
1469 1183 1683 1226 reparandum
1698 1183 1818 1217 Arium
1842 1185 1876 1216 δε
1899 1185 2089 1217 subverten-

1187 1232 1283 1264 idum
1306 1231 1525 1276 Athanasium,
1545 1232 1704 1267 Eusebius
1727 1232 1989 1267 Nicomedienfis
2013 1232 2091 1274 Epi-

1206 1283 1321 1325 scopus
1345 1306 1355 1322 ,
1382 1283 1585 1317 Arianorum
1605 1282 1745 1327 Signifer
1765 1306 1777 1323 ,
1800 1294 1876 1317 curn
1900 1282 2091 1325 Meletianis

1207 1331 1304 1366 Pasta
1329 1333 1363 1367 &
1383 1332 1629 1375 conjurationes
1651 1334 1783 1366 iniverit
1796 1356 1807 1372 ,
1832 1332 1867 1365 in
1882 1332 2021 1367 secunda
2035 1332 2094 1377 sua

1209 1381 1379 1428 Apologia
1392 1382 1542 1417 laudatus
1557 1380 1758 1425 Athanasius
1775 1383 1917 1425 exponit
1928 1407 1935 1414 .
1963 1380 2094 1422 Coniu*

1210 1433 1293 1465 ratio
1305 1430 1367 1466 fuit
1380 1442 1470 1468 tanta
1481 1457 1493 1473 ,
1521 1442 1556 1466 ut
1569 1432 1610 1466 de
1622 1431 1988 1477 GeorgioAlexandriae
2000 1430 2096 1465 Pseu·

1210 1481 1442 1525 do-Episcopo
1465 1482 1583 1517 scribat
1595 1482 1728 1516 Sanetus
1752 1481 1975 1525 Epiphanius:
2004 1485 2098 1514 Aria·-
2115 1493 2274 1529 Hmeffis.

1212 1542 1312 1564 norum
1318 1537 1436 1574 pariter
1453 1542 1489 1564 ac
1504 1531 1803 1574 Meleeianorumfuit
1817 1530 1981 1575 Episcopus
1992 1555 2000 1565 .
2029 1531 2100 1567 Ve-
2116 1545 2180 1574 cap.
2203 1545 2236 1566 ,ι.

1212 1581 1282 1617 rum
1296 1581 1470 1626 colligatio
1482 1594 1550 1616 non
1562 1582 1728 1629 fuit'firma
1742 1602 1751 1615 a
1777 1583 1880 1630 Qod
1896 1582 1985 1616 enim
1997 1582 2101 1617 ambo

1212 1630 1265 1665 isti
1278 1629 1417 1667 haeretici
1436 1633 1494 1667 suo
1505 1643 1653 1676 tempore
1685 1633 1846 1676 separatos
1867 1643 2002 1677 agerent
2022 1644 2101 1666 con·

1214 1691 1349 1722 ventus,
1374 1682 1411 1715 in
1435 1691 1551 1726 quarto
1564 1681 1785 1718 haereticarum
1807 1676 1988 1716 fabularum
2015 1682 2103 1717 libro

1214 1732 1353 1766 affirmat
1372 1730 1608 1768 Theodoretus
1633 1757 1640 1764 .

1214 1780 1363 1816 fattionis
1376 1779 1716 1824 Philippopolitanutn
1738 1781 2009 1816 conventiculum
2035 1792 2106 1815 teu-

1216 1829 1330 1866 taverit
1339 1828 1396 1865 sibi
1407 1829 1562 1865 adversus
1575 1826 1811 1866 Orthodoxam
1821 1831 1919 1866 fidem
1931 1831 2024 1865 unire
2034 1832 2108 1867 Do-

1217 1879 1370 1922 nfflstas,
1396 1878 1493 1914 docet
1504 1879 1680 1923 Synodalis
1700 1891 1814 1916 eorum
1836 1881 1971 1924 epistola
1988 1906 1999 1921 ,
2025 1882 2108 1916 &ia

1216 1928 1314 1970 libris.
1339 1927 1494 1964 adversus
1517 1929 1736 1964 cresconium
1762 1931 1936 1965 confirmat
1971 1931 2107 1967 sancus

1217 1976 1444 2022 Augustinus.
1473 1978 1516 2011 Et
1531 1978 1572 2012 ad
1585 1977 1755 2013 Comitem
1769 1980 1982 2016 Bonifacium
1996 1980 2109 2016 scribit

1678 1732 1783 1780 Qod
1810 1734 1889 1766 item
1916 1731 2106 1766 Eusebianae
2123 1730 2196 1766 Gap·
2211 1735 2242 1762 ⁷·

1217 2027 1257 2069 de
1269 2025 1473 2062 Donatistis:
1501 2029 1696 2062 Nonnulltex
1710 2029 1873 2070 Donatistis
1895 2032 2031 2066 volentes
2048 2031 2107 2074 fibi
2126 2039 2176 2077 Ep.
2195 2049 2242 2076 50.

1218 2076 1327 2112 Gothos
1337 2078 1511 2118 conciliare,
1535 2079 1657 2122 quando
1675 2089 1721 2114 tos
1746 2079 1854 2114 vident
1879 2082 1999 2125 aliquid
2002 2083 2079 2125 posse
2092 2107 2106 2125 ,

1217 2129 1321 2169 dicunt
1331 2126 1422 2172 horse
1432 2128 1546 2164 credere
1555 2130 1635 2173 quod
1653 2130 1698 2163 illi
1707 2131 1850 2165 credunt.
1884 2131 1926 2170 Et
1948 2131 1989 2167 de
2012 2132 2106 2168 Urli-

1217 2181 1296 2213 cino
1320 2178 1482 2214 Romana:
1510 2179 1684 2216 Cathedrae
1712 2180 1918 2218 schismatico
1953 2181 2105 2218 invasore

1218 2229 1329 2264 scribit
1352 2230 1393 2265 ad
1405 2231 1638 2274 Imperatorem
1651 2232 1846 2269 Gratianum
1864 2234 1999 2271 sanctus
2022 2233 2105 2270 Am-

1219 2279 1340 2315 brosius
1352 2294 1363 2316 :
1388 2278 1529 2322 Urficinus
1535 2282 1708 2325 plerumque
1728 2294 1794 2317 cum
1807 2288 1928 2318 Arianis
1951 2287 2104 2328 copulatus

1217 2339 1307 2372 atque
1326 2331 1499 2370 conjunc'Jus
1522 2342 1588 2365 erat
1610 2344 1642 2366 eo
1651 2342 1779 2376 tempere
1794 2359 1805 2374 ,
1829 2347 1885 2377 quo
1895 2335 2017 2370 turbare
2041 2340 2105 2369 Me-

1218 2379 1415 2423 diolanensem
1436 2381 1592 2424 Ecclesiam
1619 2392 1695 2417 coetu
1718 2384 1882 2425 detestabili
1905 2385 2103 2431 moliebatur,

1219 2441 1297 2463 nunc
1307 2440 1380 2465 ante
1402 2434 1558 2477 synagogae
1575 2432 1685 2475 fores,
1714 2445 1792 2468 nunc
1813 2440 1847 2468 in
1863 2441 2040 2470 arianorum
2051 2438 2102 2470 do-

1218 2480 1316 2514 mibus
1337 2480 1461 2524 mifi‘ens
1481 2484 1588 2517 occulta
1609 2483 1746 2525 confiliae,
1766 2487 1801 2519 (5
1820 2483 1879 2528 sua
1890 2491 1932 2519 eis
1949 2490 2082 2530 Jungens
2094 2512 2102 2520 .

1220 2529 1328 2564 Etiam
1342 2531 1506 2574 Julianum
1532 2544 1571 2567 ac
1580 2533 1663 2568 alios
1674 2533 1928 2579 pelagianorum
1951 2536 2104 2582 degrada·

1217 2591 1268 2614 tos
1281 2580 1461 2625 Episcopos
1472 2581 1513 2616 ad
1523 2585 1652 2619 causam
1663 2585 1752 2618 suam
1765 2585 1974 2628 reparandam
1998 2587 2106 2621 iniisse

1216 2641 1292 2665 cum
1302 2629 1523 2666 Haeresiarcha
1543 2632 1700 2668 Nestorio
1722 2634 1819 2668 Pacta
1834 2660 1844 2675 ,
1872 2634 2049 2679 ambosque
2068 2636 2106 2669 fi-

1216 2680 1286 2714 mul
1307 2678 1532 2723 &Theodosio
1554 2680 1708 2727 Augusto
1721 2684 1885 2718 extorsisse
1901 2684 2109 2727 *Ephefinam

1217 2730 1389 2772 Synodum
1400 2757 1411 2772 ,
1437 2732 1525 2765 lucet
1534 2742 1577 2765 ex
1589 2732 1679 2765 Actis
1690 2732 1911 2774 Synodalibus
1920 2757 1930 2773 ‚
1958 2743 2019 2767 nec
2030 2745 2103 2768 non

1216 2790 1256 2814 ex
1269 2779 1333 2813 illis
1344 2780 1547 2814 exstantibus
1556 2779 1700 2823 epistolis
1710 2780 1819 2815 Sancti
1833 2781 2007 2818 Pontificis
2031 2783 2102 2817 Cae-

1218 2829 1324 2863 lestini
1348 2854 1355 2863 .
1393 2830 1502 2864 Etiam
1525 2828 1624 2863 hodie
1646 2828 1825 2865 Lutherani
1858 2831 1892 2866 &
1915 2833 2102 2867 Calvinissae

1217 2878 1368 2915 diffident
1382 2879 1606 2921 hostilissime;
1636 2880 1747 2915 verum
1761 2881 1818 2915 ubi
1828 2892 1942 2916 contra
1954 2882 2101 2926 Papistas

1217 2929 1296 2973 quid
1309 2931 1501 2965 tentandum
1512 2929 1557 2964 est
1570 2955 1581 2970 ,
1607 2928 1716 2964 statim
1728 2930 1812 2966 fiunt
1823 2932 1962 2967 fraterne
1979 2934 2100 2969 amici.

1224 2980 1364 3014 Praesens
1376 2980 1523 3024 Septimii
1537 2980 1628 3015 locus
1639 2979 1736 3013 docet
1754 2981 1851 3016 istum
1861 2983 1926 3018 esse
1945 2983 2101 3025 antiquis-

1219 3031 1332 3069 fimum
1359 3041 1396 3066 ac
1408 3040 1599 3075 perpetuum
1620 3030 1766 3075 spiritum
1786 3029 2006 3078 quorumlibet
2026 3033 2101 3068 Hae-

1219 3090 1394 3117 reticorum
1413 3106 1421 3115 .

1626 3228 1658 3245 ³2

1626 3291 1653 3308 6·

1661 3231 1695 3329 mss

1706 3230 1741 3329 seam

1744 3232 1777 3329 ὗίῆὃὸ

1542 3228 1576 3327 teitan

1578 3230 1611 3326 tem

1943 3390 2052 3421 omn&

2122 2309 2143 2339 Ε

2146 2305 2208 2346 Pist-
2227 2318 2258 2345 4·
