<?xml version="1.0" encoding="UTF-8"?>
<!DOCTYPE html PUBLIC "-//W3C//DTD XHTML 1.0 Transitional//EN"
    "http://www.w3.org/TR/xhtml1/DTD/xhtml1-transitional.dtd">
<html xmlns="http://www.w3.org/1999/xhtml" xml:lang="en" lang="en">
 <head>
  <title>
</title>
<meta http-equiv="Content-Type" content="text/html;charset=utf-8" />
  <meta name='ocr-system' content='tesseract 3.04.00' />
  <meta name='ocr-capabilities' content='ocr_page ocr_carea ocr_par ocr_line ocrx_word'/>
</head>
<body>
  <div class='ocr_page' id='page_1' title='image "./operaomniastudio09lupuuoft/operaomniastudio09lupuuoft_0241.png"; bbox 0 0 2346 3724; ppageno 0'>
   <div class='ocr_carea' id='block_1_1' title="bbox 66 793 192 874">
    <p class='ocr_par' dir='ltr' id='par_1_1' title="bbox 66 793 192 874">
     <span class='ocr_line' id='line_1_1' title="bbox 69 793 192 830; baseline -0.016 -5"><span class='ocrx_word' id='word_1_1' title='bbox 69 793 135 825; x_wconf 77' lang='lat' dir='ltr'>Lib.</span> <span class='ocrx_word' id='word_1_2' title='bbox 162 802 176 830; x_wconf 84' lang='lat'><em>5</em></span> <span class='ocrx_word' id='word_1_3' title='bbox 185 815 192 823; x_wconf 90' lang='lat'><em>.</em></span> 
     </span>
     <span class='ocr_line' id='line_1_2' title="bbox 66 842 191 874; baseline -0.008 -9"><span class='ocrx_word' id='word_1_4' title='bbox 66 842 133 874; x_wconf 82' lang='lat' dir='ltr'>cap.</span> <span class='ocrx_word' id='word_1_5' title='bbox 146 843 191 869; x_wconf 79' lang='lat'>²7·</span> 
     </span>
    </p>
   </div>
   <div class='ocr_carea' id='block_1_2' title="bbox 658 103 1075 151">
    <p class='ocr_par' dir='ltr' id='par_1_2' title="bbox 658 103 1075 151">
     <span class='ocr_line' id='line_1_3' title="bbox 658 103 1075 151; baseline -0.012 0"><span class='ocrx_word' id='word_1_6' title='bbox 658 103 1075 151; x_wconf 64' lang='lat' dir='ltr'>Cavit</span> 
     </span>
    </p>
   </div>
   <div class='ocr_carea' id='block_1_3' title="bbox 203 184 1091 1774">
    <p class='ocr_par' dir='ltr' id='par_1_3' title="bbox 207 184 1079 424">
     <span class='ocr_line' id='line_1_4' title="bbox 207 184 1079 236; baseline -0.005 -12"><span class='ocrx_word' id='word_1_7' title='bbox 207 185 410 236; x_wconf 73' lang='lat' dir='ltr'>primitivam</span> <span class='ocrx_word' id='word_1_8' title='bbox 421 184 659 233; x_wconf 81' lang='lat' dir='ltr'>Apostolorum</span> <span class='ocrx_word' id='word_1_9' title='bbox 673 188 934 234; x_wconf 80' lang='lat' dir='ltr'>praedicationem</span> <span class='ocrx_word' id='word_1_10' title='bbox 951 195 1007 222; x_wconf 89' lang='lat' dir='ltr'>aut</span> <span class='ocrx_word' id='word_1_11' title='bbox 1017 185 1079 221; x_wconf 90' lang='lat' dir='ltr'>Ec·</span> 
     </span>
     <span class='ocr_line' id='line_1_5' title="bbox 207 236 1078 284; baseline -0.005 -10"><span class='ocrx_word' id='word_1_12' title='bbox 207 237 378 284; x_wconf 74' lang='lat' dir='ltr'>clefiarum</span> <span class='ocrx_word' id='word_1_13' title='bbox 388 238 488 274; x_wconf 87' lang='lat' dir='ltr'>fidem</span> <span class='ocrx_word' id='word_1_14' title='bbox 497 238 751 283; x_wconf 86' lang='lat' dir='ltr'>improbaverit,</span> <span class='ocrx_word' id='word_1_15' title='bbox 777 239 832 275; x_wconf 85' lang='lat' dir='ltr'>sed</span> <span class='ocrx_word' id='word_1_16' title='bbox 840 239 1012 275; x_wconf 72' lang='lat' dir='ltr'>dumtaxat</span> <span class='ocrx_word' id='word_1_17' title='bbox 1030 236 1078 270; x_wconf 84' lang='lat' dir='ltr'>di-</span> 
     </span>
     <span class='ocr_line' id='line_1_6' title="bbox 210 286 1079 333; baseline -0.005 -9"><span class='ocrx_word' id='word_1_18' title='bbox 210 290 277 324; x_wconf 84' lang='lat' dir='ltr'>xeri</span> <span class='ocrx_word' id='word_1_19' title='bbox 320 286 496 333; x_wconf 70' lang='lat' dir='ltr'>postmodo</span> <span class='ocrx_word' id='word_1_20' title='bbox 529 288 742 324; x_wconf 83' lang='lat' dir='ltr'>adulteratam</span> <span class='ocrx_word' id='word_1_21' title='bbox 774 301 815 325; x_wconf 84' lang='lat' dir='ltr'>ae</span> <span class='ocrx_word' id='word_1_22' title='bbox 847 286 1054 323; x_wconf 84' lang='lat' dir='ltr'>interversam</span> <span class='ocrx_word' id='word_1_23' title='bbox 1066 309 1079 328; x_wconf 89' lang='lat'><strong>,</strong></span> 
     </span>
     <span class='ocr_line' id='line_1_7' title="bbox 207 299 1079 424; baseline -0.001 -52"><span class='ocrx_word' id='word_1_24' title='bbox 207 299 354 424; x_wconf 42' lang='lat' dir='ltr'>{adfigque</span> <span class='ocrx_word' id='word_1_25' title='bbox 364 337 544 382; x_wconf 74' lang='lat' dir='ltr'>oportuiffe</span> <span class='ocrx_word' id='word_1_26' title='bbox 554 340 689 375; x_wconf 86' lang='lat' dir='ltr'>recurari</span> <span class='ocrx_word' id='word_1_27' title='bbox 701 365 710 374; x_wconf 85' lang='lat'>.</span> <span class='ocrx_word' id='word_1_28' title='bbox 735 337 909 386; x_wconf 77' lang='lat' dir='ltr'>Quidquid</span> <span class='ocrx_word' id='word_1_29' title='bbox 928 337 970 372; x_wconf 86' lang='lat' dir='ltr'>de</span> <span class='ocrx_word' id='word_1_30' title='bbox 989 337 1079 371; x_wconf 87' lang='lat' dir='ltr'>Mat-</span> 
     </span>
    </p>

    <p class='ocr_par' dir='ltr' id='par_1_4' title="bbox 203 387 1091 1774">
     <span class='ocr_line' id='line_1_8' title="bbox 232 387 1075 428; baseline -0.004 -5"><span class='ocrx_word' id='word_1_31' title='bbox 232 388 308 423; x_wconf 83' lang='lat' dir='ltr'>‘one</span> <span class='ocrx_word' id='word_1_32' title='bbox 317 387 379 428; x_wconf 86' lang='lat' dir='ltr'>sit,</span> <span class='ocrx_word' id='word_1_33' title='bbox 405 388 454 423; x_wconf 86' lang='lat' dir='ltr'>ita</span> <span class='ocrx_word' id='word_1_34' title='bbox 474 387 519 424; x_wconf 79' lang='lat' dir='ltr'>de</span> <span class='ocrx_word' id='word_1_35' title='bbox 536 389 569 425; x_wconf 86' lang='lat' dir='ltr'>se</span> <span class='ocrx_word' id='word_1_36' title='bbox 579 390 705 425; x_wconf 83' lang='lat' dir='ltr'>censuit</span> <span class='ocrx_word' id='word_1_37' title='bbox 717 388 926 426; x_wconf 86' lang='lat' dir='ltr'>Novatianus</span> <span class='ocrx_word' id='word_1_38' title='bbox 938 412 946 420; x_wconf 91' lang='lat'><strong>.</strong></span> <span class='ocrx_word' id='word_1_39' title='bbox 971 388 1075 422; x_wconf 85' lang='lat' dir='ltr'>Suum</span> 
     </span>
     <span class='ocr_line' id='line_1_9' title="bbox 209 436 1078 486; baseline -0.005 -12"><span class='ocrx_word' id='word_1_40' title='bbox 209 438 255 474; x_wconf 73' lang='lat' dir='ltr'>de</span> <span class='ocrx_word' id='word_1_41' title='bbox 264 437 371 482; x_wconf 77' lang='lat' dir='ltr'>Lapfis</span> <span class='ocrx_word' id='word_1_42' title='bbox 379 447 450 473; x_wconf 83' lang='lat' dir='ltr'>non</span> <span class='ocrx_word' id='word_1_43' title='bbox 461 437 571 474; x_wconf 84' lang='lat' dir='ltr'>danda</span> <span class='ocrx_word' id='word_1_44' title='bbox 587 438 672 475; x_wconf 79' lang='lat' dir='ltr'>Pace</span> <span class='ocrx_word' id='word_1_45' title='bbox 682 439 804 486; x_wconf 82' lang='lat' dir='ltr'>dogma</span> <span class='ocrx_word' id='word_1_46' title='bbox 814 438 899 474; x_wconf 84' lang='lat' dir='ltr'>dixit</span> <span class='ocrx_word' id='word_1_47' title='bbox 911 436 1078 482; x_wconf 73' lang='lat' dir='ltr'>Apostoli-</span> 
     </span>
     <span class='ocr_line' id='line_1_10' title="bbox 208 487 1079 534; baseline -0.003 -10"><span class='ocrx_word' id='word_1_48' title='bbox 208 498 286 524; x_wconf 78' lang='lat' dir='ltr'>cum</span> <span class='ocrx_word' id='word_1_49' title='bbox 298 507 311 530; x_wconf 77' lang='lat'><strong>,</strong></span> <span class='ocrx_word' id='word_1_50' title='bbox 335 487 461 533; x_wconf 77' lang='lat' dir='ltr'>semper</span> <span class='ocrx_word' id='word_1_51' title='bbox 470 488 605 534; x_wconf 72' lang='lat' dir='ltr'>viguisse</span> <span class='ocrx_word' id='word_1_52' title='bbox 616 489 652 524; x_wconf 81' lang='lat' dir='ltr'>in</span> <span class='ocrx_word' id='word_1_53' title='bbox 663 489 833 530; x_wconf 84' lang='lat' dir='ltr'>Ecclesiis,</span> <span class='ocrx_word' id='word_1_54' title='bbox 858 488 946 533; x_wconf 76' lang='lat' dir='ltr'>prius</span> <span class='ocrx_word' id='word_1_55' title='bbox 967 487 986 521; x_wconf 74' lang='lat' dir='ltr'>a</span> <span class='ocrx_word' id='word_1_56' title='bbox 1000 487 1079 521; x_wconf 88' lang='lat' dir='ltr'>Cor-</span> 
     </span>
     <span class='ocr_line' id='line_1_11' title="bbox 208 536 1079 584; baseline -0.002 -11"><span class='ocrx_word' id='word_1_57' title='bbox 208 536 300 573; x_wconf 80' lang='lat' dir='ltr'>nelio</span> <span class='ocrx_word' id='word_1_58' title='bbox 321 536 410 583; x_wconf 84' lang='lat' dir='ltr'>Papa</span> <span class='ocrx_word' id='word_1_59' title='bbox 435 537 670 579; x_wconf 86' lang='lat' dir='ltr'>adulteratum,</span> <span class='ocrx_word' id='word_1_60' title='bbox 698 539 838 584; x_wconf 89' lang='lat' dir='ltr'>ideoque</span> <span class='ocrx_word' id='word_1_61' title='bbox 860 539 894 574; x_wconf 81' lang='lat' dir='ltr'>se</span> <span class='ocrx_word' id='word_1_62' title='bbox 912 537 1006 573; x_wconf 81' lang='lat' dir='ltr'>suiffe</span> <span class='ocrx_word' id='word_1_63' title='bbox 1017 537 1079 571; x_wconf 87' lang='lat' dir='ltr'>ad·-</span> 
     </span>
     <span class='ocr_line' id='line_1_12' title="bbox 208 586 1081 625; baseline -0.002 -2"><span class='ocrx_word' id='word_1_64' title='bbox 208 588 353 623; x_wconf 71' lang='lat' dir='ltr'>sttistum</span> <span class='ocrx_word' id='word_1_65' title='bbox 372 586 415 622; x_wconf 86' lang='lat' dir='ltr'>ad</span> <span class='ocrx_word' id='word_1_66' title='bbox 436 587 520 623; x_wconf 80' lang='lat' dir='ltr'>istud</span> <span class='ocrx_word' id='word_1_67' title='bbox 542 588 774 625; x_wconf 83' lang='lat' dir='ltr'>recurandum.</span> <span class='ocrx_word' id='word_1_68' title='bbox 801 588 947 623; x_wconf 85' lang='lat' dir='ltr'>Garrivit</span> <span class='ocrx_word' id='word_1_69' title='bbox 959 587 1081 622; x_wconf 85' lang='lat' dir='ltr'>devias·</span> 
     </span>
     <span class='ocr_line' id='line_1_13' title="bbox 208 636 1081 683; baseline 0 -11"><span class='ocrx_word' id='word_1_70' title='bbox 208 637 390 672; x_wconf 76' lang='lat' dir='ltr'>seomnem</span> <span class='ocrx_word' id='word_1_71' title='bbox 404 636 579 675; x_wconf 83' lang='lat' dir='ltr'>Ecclefiam</span> <span class='ocrx_word' id='word_1_72' title='bbox 591 664 604 681; x_wconf 92' lang='lat'>‚</span> <span class='ocrx_word' id='word_1_73' title='bbox 628 638 770 683; x_wconf 90' lang='lat' dir='ltr'>ideoque</span> <span class='ocrx_word' id='word_1_74' title='bbox 796 639 832 673; x_wconf 77' lang='grc' dir='ltr'>ἀ</span> <span class='ocrx_word' id='word_1_75' title='bbox 842 638 861 672; x_wconf 71' lang='lat' dir='ltr'>a</span> <span class='ocrx_word' id='word_1_76' title='bbox 874 640 906 673; x_wconf 90' lang='lat' dir='ltr'>se</span> <span class='ocrx_word' id='word_1_77' title='bbox 925 638 1019 673; x_wconf 75' lang='lat' dir='ltr'>fuisse</span> <span class='ocrx_word' id='word_1_78' title='bbox 1034 649 1081 673; x_wconf 91' lang='lat' dir='ltr'>re-</span> 
     </span>
     <span class='ocr_line' id='line_1_14' title="bbox 208 684 1081 728; baseline 0.002 -8"><span class='ocrx_word' id='word_1_79' title='bbox 208 684 340 722; x_wconf 69' lang='lat' dir='ltr'>dustam</span> <span class='ocrx_word' id='word_1_80' title='bbox 353 712 360 720; x_wconf 91' lang='lat'><strong>.</strong></span> <span class='ocrx_word' id='word_1_81' title='bbox 388 686 513 724; x_wconf 86' lang='lat' dir='ltr'>Eadem</span> <span class='ocrx_word' id='word_1_82' title='bbox 539 689 632 724; x_wconf 87' lang='lat' dir='ltr'>sensit</span> <span class='ocrx_word' id='word_1_83' title='bbox 650 686 871 724; x_wconf 82' lang='lat' dir='ltr'>Haeresiarcha</span> <span class='ocrx_word' id='word_1_84' title='bbox 891 687 1081 728; x_wconf 85' lang='lat' dir='ltr'>Artemon,</span> 
     </span>
     <span class='ocr_line' id='line_1_15' title="bbox 207 735 1081 781; baseline 0.001 -11"><span class='ocrx_word' id='word_1_85' title='bbox 207 735 252 770; x_wconf 88' lang='lat' dir='ltr'>de</span> <span class='ocrx_word' id='word_1_86' title='bbox 265 748 334 781; x_wconf 86' lang='lat' dir='ltr'>quo</span> <span class='ocrx_word' id='word_1_87' title='bbox 351 736 462 773; x_wconf 84' lang='lat' dir='ltr'>scribit</span> <span class='ocrx_word' id='word_1_88' title='bbox 474 739 508 773; x_wconf 89' lang='lat' dir='ltr'>in</span> <span class='ocrx_word' id='word_1_89' title='bbox 520 738 744 775; x_wconf 82' lang='lat' dir='ltr'>Ecclesiastica</span> <span class='ocrx_word' id='word_1_90' title='bbox 763 736 899 773; x_wconf 87' lang='lat' dir='ltr'>historia</span> <span class='ocrx_word' id='word_1_91' title='bbox 923 739 1081 773; x_wconf 87' lang='lat' dir='ltr'>Eusebius</span> 
     </span>
     <span class='ocr_line' id='line_1_16' title="bbox 210 786 1082 832; baseline 0.001 -11"><span class='ocrx_word' id='word_1_92' title='bbox 210 786 435 822; x_wconf 81' lang='lat' dir='ltr'>Caesareenfis:</span> <span class='ocrx_word' id='word_1_93' title='bbox 463 791 556 831; x_wconf 73' lang='lat' dir='ltr'>Ajunt</span> <span class='ocrx_word' id='word_1_94' title='bbox 576 787 622 830; x_wconf 77' lang='lat' dir='ltr'>isti</span> <span class='ocrx_word' id='word_1_95' title='bbox 633 801 733 824; x_wconf 86' lang='lat' dir='ltr'>omnes</span> <span class='ocrx_word' id='word_1_96' title='bbox 751 787 861 832; x_wconf 75' lang='lat' dir='ltr'>nostros</span> <span class='ocrx_word' id='word_1_97' title='bbox 872 790 1021 830; x_wconf 71' lang='lat' dir='ltr'>Maiores,</span> <span class='ocrx_word' id='word_1_98' title='bbox 1047 789 1082 822; x_wconf 68' lang='grc'>6·</span> 
     </span>
     <span class='ocr_line' id='line_1_17' title="bbox 209 837 1081 882; baseline 0.001 -13"><span class='ocrx_word' id='word_1_99' title='bbox 209 847 310 870; x_wconf 87' lang='lat' dir='ltr'>omnes</span> <span class='ocrx_word' id='word_1_100' title='bbox 334 837 501 880; x_wconf 81' lang='lat' dir='ltr'>Apostolos,</span> <span class='ocrx_word' id='word_1_101' title='bbox 521 850 557 874; x_wconf 81' lang='lat' dir='ltr'>ea</span> <span class='ocrx_word' id='word_1_102' title='bbox 575 851 646 882; x_wconf 85' lang='lat' dir='ltr'>quae</span> <span class='ocrx_word' id='word_1_103' title='bbox 665 838 722 880; x_wconf 77' lang='lat' dir='ltr'>ipsi</span> <span class='ocrx_word' id='word_1_104' title='bbox 732 839 804 879; x_wconf 77' lang='lat' dir='ltr'>jam</span> <span class='ocrx_word' id='word_1_105' title='bbox 824 837 996 879; x_wconf 79' lang='lat' dir='ltr'>affirmant,</span> <span class='ocrx_word' id='word_1_106' title='bbox 1023 848 1081 871; x_wconf 86' lang='lat' dir='ltr'>non</span> 
     </span>
     <span class='ocr_line' id='line_1_18' title="bbox 208 887 1081 931; baseline 0.001 -12"><span class='ocrx_word' id='word_1_107' title='bbox 208 887 296 920; x_wconf 71' lang='lat' dir='ltr'>modo</span> <span class='ocrx_word' id='word_1_108' title='bbox 305 889 327 919; x_wconf 76' lang='grc' dir='ltr'><em>ἃ</em></span> <span class='ocrx_word' id='word_1_109' title='bbox 339 889 466 922; x_wconf 84' lang='lat' dir='ltr'>Domino</span> <span class='ocrx_word' id='word_1_110' title='bbox 483 889 616 931; x_wconf 75' lang='lat' dir='ltr'>acceprffe</span> <span class='ocrx_word' id='word_1_111' title='bbox 629 911 641 928; x_wconf 87' lang='lat'>‚</span> <span class='ocrx_word' id='word_1_112' title='bbox 667 888 772 922; x_wconf 71' lang='lat' dir='ltr'>vorum</span> <span class='ocrx_word' id='word_1_113' title='bbox 780 891 871 921; x_wconf 83' lang='lat' dir='ltr'>etiam</span> <span class='ocrx_word' id='word_1_114' title='bbox 888 888 963 921; x_wconf 86' lang='lat' dir='ltr'>alios</span> <span class='ocrx_word' id='word_1_115' title='bbox 978 887 1081 921; x_wconf 82' lang='lat' dir='ltr'>eadem</span> 
     </span>
     <span class='ocr_line' id='line_1_19' title="bbox 209 935 1083 980; baseline 0 -10"><span class='ocrx_word' id='word_1_116' title='bbox 209 936 329 979; x_wconf 77' lang='lat' dir='ltr'>docuiffe</span> <span class='ocrx_word' id='word_1_117' title='bbox 338 961 350 977; x_wconf 92' lang='lat'>,</span> <span class='ocrx_word' id='word_1_118' title='bbox 376 939 412 971; x_wconf 66' lang='grc' dir='ltr'><strong><em>Θ</em></strong></span> <span class='ocrx_word' id='word_1_119' title='bbox 421 948 528 972; x_wconf 78' lang='lat' dir='ltr'>veram</span> <span class='ocrx_word' id='word_1_120' title='bbox 534 938 768 980; x_wconf 68' lang='lat' dir='ltr'>predicationi:</span> <span class='ocrx_word' id='word_1_121' title='bbox 776 942 923 973; x_wconf 80' lang='lat' dir='ltr'>rationem</span> <span class='ocrx_word' id='word_1_122' title='bbox 933 935 1026 980; x_wconf 84' lang='lat' dir='ltr'>usque</span> <span class='ocrx_word' id='word_1_123' title='bbox 1036 937 1083 970; x_wconf 80' lang='lat' dir='ltr'>ad</span> 
     </span>
     <span class='ocr_line' id='line_1_20' title="bbox 208 985 1082 1030; baseline -0.005 -9"><span class='ocrx_word' id='word_1_124' title='bbox 208 985 337 1021; x_wconf 54' lang='lat' dir='ltr'>Victoris</span> <span class='ocrx_word' id='word_1_125' title='bbox 359 995 513 1029; x_wconf 68' lang='lat' dir='ltr'>tempora,</span> <span class='ocrx_word' id='word_1_126' title='bbox 539 991 594 1030; x_wconf 86' lang='lat' dir='ltr'>qui</span> <span class='ocrx_word' id='word_1_127' title='bbox 611 988 740 1020; x_wconf 84' lang='lat' dir='ltr'>decimus</span> <span class='ocrx_word' id='word_1_128' title='bbox 757 988 897 1021; x_wconf 56' lang='lat' dir='ltr'>tertius&amp;</span> <span class='ocrx_word' id='word_1_129' title='bbox 913 989 1003 1020; x_wconf 85' lang='lat' dir='ltr'>Petro</span> <span class='ocrx_word' id='word_1_130' title='bbox 1014 985 1082 1027; x_wconf 83' lang='lat' dir='ltr'>fuit</span> 
     </span>
     <span class='ocr_line' id='line_1_21' title="bbox 209 1034 1083 1080; baseline 0.001 -12"><span class='ocrx_word' id='word_1_131' title='bbox 209 1038 316 1069; x_wconf 80' lang='lat' dir='ltr'>Romae</span> <span class='ocrx_word' id='word_1_132' title='bbox 327 1035 495 1080; x_wconf 79' lang='lat' dir='ltr'>Episcopus</span> <span class='ocrx_word' id='word_1_133' title='bbox 507 1061 520 1078; x_wconf 86' lang='lat'><em>,</em></span> <span class='ocrx_word' id='word_1_134' title='bbox 547 1038 659 1080; x_wconf 64' lang='lat' dir='ltr'>integr?</span> <span class='ocrx_word' id='word_1_135' title='bbox 665 1034 823 1078; x_wconf 86' lang='lat' dir='ltr'>servatam</span> <span class='ocrx_word' id='word_1_136' title='bbox 845 1036 930 1069; x_wconf 86' lang='lat' dir='ltr'>illam</span> <span class='ocrx_word' id='word_1_137' title='bbox 940 1036 1061 1078; x_wconf 82' lang='lat' dir='ltr'>quidem</span> <span class='ocrx_word' id='word_1_138' title='bbox 1072 1057 1083 1074; x_wconf 90' lang='lat'>‚</span> 
     </span>
     <span class='ocr_line' id='line_1_22' title="bbox 205 1083 1082 1128; baseline 0.001 -11"><span class='ocrx_word' id='word_1_139' title='bbox 205 1083 266 1128; x_wconf 75' lang='lat' dir='ltr'>sed</span> <span class='ocrx_word' id='word_1_140' title='bbox 277 1088 298 1117; x_wconf 76' lang='grc' dir='ltr'><em>ἃ</em></span> <span class='ocrx_word' id='word_1_141' title='bbox 308 1085 478 1126; x_wconf 72' lang='lat' dir='ltr'>zephyrino</span> <span class='ocrx_word' id='word_1_142' title='bbox 500 1086 585 1118; x_wconf 81' lang='lat' dir='ltr'>illius</span> <span class='ocrx_word' id='word_1_143' title='bbox 603 1086 751 1127; x_wconf 74' lang='lat' dir='ltr'>Succeffore</span> <span class='ocrx_word' id='word_1_144' title='bbox 766 1089 892 1126; x_wconf 75' lang='lat' dir='ltr'>penitus</span> <span class='ocrx_word' id='word_1_145' title='bbox 915 1093 1082 1128; x_wconf 81' lang='lat' dir='ltr'>corruptam</span> 
     </span>
     <span class='ocr_line' id='line_1_23' title="bbox 203 1133 1082 1178; baseline 0.001 -10"><span class='ocrx_word' id='word_1_146' title='bbox 203 1133 291 1178; x_wconf 80' lang='lat' dir='ltr'>fuiffe</span> <span class='ocrx_word' id='word_1_147' title='bbox 315 1145 351 1168; x_wconf 83' lang='lat' dir='ltr'>ac</span> <span class='ocrx_word' id='word_1_148' title='bbox 370 1135 590 1177; x_wconf 80' lang='lat' dir='ltr'>depravatam.</span> <span class='ocrx_word' id='word_1_149' title='bbox 619 1133 712 1169; x_wconf 89' lang='lat' dir='ltr'>Idem</span> <span class='ocrx_word' id='word_1_150' title='bbox 736 1134 918 1169; x_wconf 87' lang='lat' dir='ltr'>docuerunt</span> <span class='ocrx_word' id='word_1_151' title='bbox 940 1135 1082 1170; x_wconf 87' lang='lat' dir='ltr'>Donati—</span> 
     </span>
     <span class='ocr_line' id='line_1_24' title="bbox 207 1183 1083 1220; baseline -0.001 -1"><span class='ocrx_word' id='word_1_152' title='bbox 207 1183 262 1219; x_wconf 77' lang='lat' dir='ltr'>ssae</span> <span class='ocrx_word' id='word_1_153' title='bbox 287 1209 297 1216; x_wconf 90' lang='lat'>.</span> <span class='ocrx_word' id='word_1_154' title='bbox 318 1184 487 1219; x_wconf 89' lang='lat' dir='ltr'>Dixerunt</span> <span class='ocrx_word' id='word_1_155' title='bbox 512 1194 649 1219; x_wconf 88' lang='lat' dir='ltr'>omnem</span> <span class='ocrx_word' id='word_1_156' title='bbox 677 1184 853 1219; x_wconf 85' lang='lat' dir='ltr'>Ecclesiam</span> <span class='ocrx_word' id='word_1_157' title='bbox 877 1185 942 1219; x_wconf 81' lang='lat' dir='ltr'>esse</span> <span class='ocrx_word' id='word_1_158' title='bbox 966 1186 1083 1220; x_wconf 73' lang='lat' dir='ltr'>fastam</span> 
     </span>
     <span class='ocr_line' id='line_1_25' title="bbox 206 1234 1083 1278; baseline -0.001 -8"><span class='ocrx_word' id='word_1_159' title='bbox 206 1234 414 1273; x_wconf 83' lang='lat' dir='ltr'>meretricem</span> <span class='ocrx_word' id='word_1_160' title='bbox 435 1257 448 1274; x_wconf 92' lang='lat'><strong>,</strong></span> <span class='ocrx_word' id='word_1_161' title='bbox 472 1234 507 1268; x_wconf 73' lang='grc' dir='ltr'>δε</span> <span class='ocrx_word' id='word_1_162' title='bbox 530 1234 702 1269; x_wconf 85' lang='lat' dir='ltr'>obscuram</span> <span class='ocrx_word' id='word_1_163' title='bbox 729 1235 783 1269; x_wconf 89' lang='lat' dir='ltr'>seu</span> <span class='ocrx_word' id='word_1_164' title='bbox 808 1234 993 1278; x_wconf 86' lang='lat' dir='ltr'>eclipsatam</span> <span class='ocrx_word' id='word_1_165' title='bbox 1019 1235 1083 1269; x_wconf 91' lang='lat' dir='ltr'>Lu·</span> 
     </span>
     <span class='ocr_line' id='line_1_26' title="bbox 205 1283 1085 1329; baseline 0.001 -11"><span class='ocrx_word' id='word_1_166' title='bbox 205 1294 311 1325; x_wconf 76' lang='lat' dir='ltr'>nam,</span> <span class='ocrx_word' id='word_1_167' title='bbox 337 1283 479 1328; x_wconf 83' lang='lat' dir='ltr'>ideoque</span> <span class='ocrx_word' id='word_1_168' title='bbox 490 1284 678 1319; x_wconf 86' lang='lat' dir='ltr'>Dominum</span> <span class='ocrx_word' id='word_1_169' title='bbox 700 1283 837 1323; x_wconf 76' lang='lat' dir='ltr'>dixisse,</span> <span class='ocrx_word' id='word_1_170' title='bbox 861 1284 952 1329; x_wconf 71' lang='lat' dir='ltr'>quod</span> <span class='ocrx_word' id='word_1_171' title='bbox 973 1284 1014 1320; x_wconf 87' lang='lat' dir='ltr'>ad</span> <span class='ocrx_word' id='word_1_172' title='bbox 1034 1286 1085 1319; x_wconf 84' lang='lat' dir='ltr'>sae·</span> 
     </span>
     <span class='ocr_line' id='line_1_27' title="bbox 207 1332 1085 1382; baseline -0.001 -13"><span class='ocrx_word' id='word_1_173' title='bbox 207 1333 277 1369; x_wconf 86' lang='lat' dir='ltr'>culi</span> <span class='ocrx_word' id='word_1_174' title='bbox 297 1333 399 1368; x_wconf 87' lang='lat' dir='ltr'>finem</span> <span class='ocrx_word' id='word_1_175' title='bbox 420 1332 500 1367; x_wconf 85' lang='lat' dir='ltr'>fides</span> <span class='ocrx_word' id='word_1_176' title='bbox 511 1333 570 1367; x_wconf 79' lang='lat' dir='ltr'>vix</span> <span class='ocrx_word' id='word_1_177' title='bbox 591 1334 669 1368; x_wconf 78' lang='lat' dir='ltr'>effer</span> <span class='ocrx_word' id='word_1_178' title='bbox 682 1332 875 1369; x_wconf 86' lang='lat' dir='ltr'>invenienda</span> <span class='ocrx_word' id='word_1_179' title='bbox 890 1358 898 1367; x_wconf 88' lang='lat'>.</span> <span class='ocrx_word' id='word_1_180' title='bbox 923 1333 1085 1382; x_wconf 72' lang='lat' dir='ltr'>Qodin·</span> 
     </span>
     <span class='ocr_line' id='line_1_28' title="bbox 208 1381 1087 1429; baseline 0 -11"><span class='ocrx_word' id='word_1_181' title='bbox 208 1383 376 1418; x_wconf 79' lang='lat' dir='ltr'>venienda</span> <span class='ocrx_word' id='word_1_182' title='bbox 388 1385 466 1418; x_wconf 70' lang='lat' dir='ltr'>esset</span> <span class='ocrx_word' id='word_1_183' title='bbox 483 1381 570 1425; x_wconf 85' lang='lat' dir='ltr'>apud</span> <span class='ocrx_word' id='word_1_184' title='bbox 591 1383 680 1418; x_wconf 89' lang='lat' dir='ltr'>solos</span> <span class='ocrx_word' id='word_1_185' title='bbox 693 1383 902 1417; x_wconf 84' lang='lat' dir='ltr'>Donatistas.</span> <span class='ocrx_word' id='word_1_186' title='bbox 930 1382 1020 1419; x_wconf 84' lang='lat' dir='ltr'>Istud</span> <span class='ocrx_word' id='word_1_187' title='bbox 1040 1384 1087 1429; x_wconf 75' lang='lat' dir='ltr'>ip·</span> 
     </span>
     <span class='ocr_line' id='line_1_29' title="bbox 205 1431 1086 1477; baseline 0.002 -10"><span class='ocrx_word' id='word_1_188' title='bbox 205 1433 282 1468; x_wconf 86' lang='lat' dir='ltr'>:sum</span> <span class='ocrx_word' id='word_1_189' title='bbox 292 1432 431 1477; x_wconf 86' lang='lat' dir='ltr'>garrivit</span> <span class='ocrx_word' id='word_1_190' title='bbox 449 1431 491 1466; x_wconf 90' lang='lat' dir='ltr'>ad</span> <span class='ocrx_word' id='word_1_191' title='bbox 501 1432 707 1466; x_wconf 87' lang='lat' dir='ltr'>Montanum</span> <span class='ocrx_word' id='word_1_192' title='bbox 727 1431 877 1476; x_wconf 81' lang='lat' dir='ltr'>delapsus</span> <span class='ocrx_word' id='word_1_193' title='bbox 903 1433 1012 1468; x_wconf 82' lang='lat' dir='ltr'>noster</span> <span class='ocrx_word' id='word_1_194' title='bbox 1033 1433 1086 1469; x_wconf 64' lang='lat' dir='ltr'>Se</span> 
     </span>
     <span class='ocr_line' id='line_1_30' title="bbox 205 1480 1087 1528; baseline 0.002 -13"><span class='ocrx_word' id='word_1_195' title='bbox 205 1482 369 1526; x_wconf 63' lang='lat' dir='ltr'>ptimius2</span> <span class='ocrx_word' id='word_1_196' title='bbox 391 1480 489 1528; x_wconf 85' lang='lat' dir='ltr'>Qin</span> <span class='ocrx_word' id='word_1_197' title='bbox 516 1481 669 1524; x_wconf 87' lang='lat' dir='ltr'>&amp;lapsus</span> <span class='ocrx_word' id='word_1_198' title='bbox 680 1481 815 1515; x_wconf 88' lang='lat' dir='ltr'>Lucifer</span> <span class='ocrx_word' id='word_1_199' title='bbox 829 1505 842 1522; x_wconf 92' lang='lat'>,</span> <span class='ocrx_word' id='word_1_200' title='bbox 867 1493 1008 1527; x_wconf 87' lang='lat' dir='ltr'>maguus</span> <span class='ocrx_word' id='word_1_201' title='bbox 1029 1483 1087 1518; x_wconf 89' lang='lat' dir='ltr'>ille</span> 
     </span>
     <span class='ocr_line' id='line_1_31' title="bbox 204 1529 1088 1576; baseline -0.003 -9"><span class='ocrx_word' id='word_1_202' title='bbox 204 1531 337 1567; x_wconf 64' lang='lat' dir='ltr'>Dosior</span> <span class='ocrx_word' id='word_1_203' title='bbox 363 1539 464 1575; x_wconf 91' lang='lat' dir='ltr'>atque</span> <span class='ocrx_word' id='word_1_204' title='bbox 477 1529 657 1574; x_wconf 84' lang='lat' dir='ltr'>Episcopus</span> <span class='ocrx_word' id='word_1_205' title='bbox 668 1553 681 1571; x_wconf 90' lang='lat'>,</span> <span class='ocrx_word' id='word_1_206' title='bbox 705 1530 839 1576; x_wconf 85' lang='lat' dir='ltr'>garrivit</span> <span class='ocrx_word' id='word_1_207' title='bbox 853 1531 1032 1566; x_wconf 74' lang='lat' dir='ltr'>Ecclesiam</span> <span class='ocrx_word' id='word_1_208' title='bbox 1045 1532 1088 1565; x_wconf 90' lang='lat' dir='ltr'>es·</span> 
     </span>
     <span class='ocr_line' id='line_1_32' title="bbox 205 1579 1087 1617; baseline 0 -1"><span class='ocrx_word' id='word_1_209' title='bbox 205 1582 242 1616; x_wconf 78' lang='lat' dir='ltr'>se</span> <span class='ocrx_word' id='word_1_210' title='bbox 266 1581 468 1617; x_wconf 72' lang='lat' dir='ltr'>contractam</span> <span class='ocrx_word' id='word_1_211' title='bbox 496 1579 538 1615; x_wconf 92' lang='lat' dir='ltr'>ad</span> <span class='ocrx_word' id='word_1_212' title='bbox 550 1580 653 1615; x_wconf 90' lang='lat' dir='ltr'>solam</span> <span class='ocrx_word' id='word_1_213' title='bbox 664 1580 866 1615; x_wconf 84' lang='lat' dir='ltr'>Mastrucam</span> <span class='ocrx_word' id='word_1_214' title='bbox 888 1580 1087 1616; x_wconf 86' lang='lat' dir='ltr'>Sardorum.</span> 
     </span>
     <span class='ocr_line' id='line_1_33' title="bbox 205 1629 1090 1676; baseline 0 -10"><span class='ocrx_word' id='word_1_215' title='bbox 205 1630 261 1666; x_wconf 85' lang='lat' dir='ltr'>lta</span> <span class='ocrx_word' id='word_1_216' title='bbox 271 1630 314 1665; x_wconf 83' lang='lat' dir='ltr'>ad</span> <span class='ocrx_word' id='word_1_217' title='bbox 325 1631 422 1666; x_wconf 89' lang='lat' dir='ltr'>suum</span> <span class='ocrx_word' id='word_1_218' title='bbox 431 1629 450 1665; x_wconf 81' lang='grc' dir='ltr'>ὲ</span> <span class='ocrx_word' id='word_1_219' title='bbox 459 1629 529 1666; x_wconf 91' lang='lat' dir='ltr'>Dei</span> <span class='ocrx_word' id='word_1_220' title='bbox 539 1630 666 1670; x_wconf 82' lang='lat' dir='ltr'>familia</span> <span class='ocrx_word' id='word_1_221' title='bbox 678 1631 806 1665; x_wconf 84' lang='lat' dir='ltr'>exitum</span> <span class='ocrx_word' id='word_1_222' title='bbox 816 1629 996 1666; x_wconf 88' lang='lat' dir='ltr'>fucandum</span> <span class='ocrx_word' id='word_1_223' title='bbox 1018 1641 1090 1676; x_wconf 85' lang='lat' dir='ltr'>gar-</span> 
     </span>
     <span class='ocr_line' id='line_1_34' title="bbox 206 1677 1090 1725; baseline 0 -10"><span class='ocrx_word' id='word_1_224' title='bbox 206 1679 380 1721; x_wconf 82' lang='lat' dir='ltr'>riverunt,</span> <span class='ocrx_word' id='word_1_225' title='bbox 403 1679 569 1725; x_wconf 85' lang='lat' dir='ltr'>&amp;garrire</span> <span class='ocrx_word' id='word_1_226' title='bbox 595 1677 779 1715; x_wconf 84' lang='lat' dir='ltr'>debuerunt</span> <span class='ocrx_word' id='word_1_227' title='bbox 805 1690 904 1725; x_wconf 91' lang='lat' dir='ltr'>atque</span> <span class='ocrx_word' id='word_1_228' title='bbox 923 1680 1090 1716; x_wconf 86' lang='lat' dir='ltr'>debebunt</span> 
     </span>
     <span class='ocr_line' id='line_1_35' title="bbox 207 1727 1091 1774; baseline 0 -9"><span class='ocrx_word' id='word_1_229' title='bbox 207 1740 326 1765; x_wconf 85' lang='lat' dir='ltr'>omnes</span> <span class='ocrx_word' id='word_1_230' title='bbox 350 1731 476 1774; x_wconf 82' lang='lat' dir='ltr'>semper</span> <span class='ocrx_word' id='word_1_231' title='bbox 502 1727 665 1764; x_wconf 81' lang='lat' dir='ltr'>haeretici.</span> <span class='ocrx_word' id='word_1_232' title='bbox 692 1731 743 1766; x_wconf 88' lang='lat' dir='ltr'>lta</span> <span class='ocrx_word' id='word_1_233' title='bbox 764 1730 907 1774; x_wconf 86' lang='lat' dir='ltr'>Joannes</span> <span class='ocrx_word' id='word_1_234' title='bbox 918 1731 1091 1766; x_wconf 83' lang='lat' dir='ltr'>Wicleffus</span> 
     </span>
    </p>
   </div>
   <div class='ocr_carea' id='block_1_4' title="bbox 147 1778 1092 1825">
    <p class='ocr_par' dir='ltr' id='par_1_5' title="bbox 147 1778 1092 1825">
     <span class='ocr_line' id='line_1_36' title="bbox 147 1778 1092 1825; baseline 0.001 -11"><span class='ocrx_word' id='word_1_235' title='bbox 147 1821 151 1823; x_wconf 30' lang='lat'>¹</span> <span class='ocrx_word' id='word_1_236' title='bbox 207 1779 347 1825; x_wconf 80' lang='lat' dir='ltr'>garrivit</span> <span class='ocrx_word' id='word_1_237' title='bbox 357 1778 574 1815; x_wconf 81' lang='lat' dir='ltr'>auricularem</span> <span class='ocrx_word' id='word_1_238' title='bbox 584 1778 822 1815; x_wconf 74' lang='lat' dir='ltr'>confessionem</span> <span class='ocrx_word' id='word_1_239' title='bbox 847 1781 883 1818; x_wconf 73' lang='grc' dir='ltr'>ἀ</span> <span class='ocrx_word' id='word_1_240' title='bbox 894 1778 1092 1816; x_wconf 84' lang='lat' dir='ltr'>Eucharisti-</span> 
     </span>
    </p>
   </div>
   <div class='ocr_carea' id='block_1_5' title="bbox 67 1879 192 2146">
    <p class='ocr_par' dir='ltr' id='par_1_6' title="bbox 67 1879 192 2146">
     <span class='ocr_line' id='line_1_37' title="bbox 67 1879 146 1919; baseline -0.051 -7"><span class='ocrx_word' id='word_1_241' title='bbox 67 1879 146 1919; x_wconf 76' lang='lat' dir='ltr'>Cap.</span> 
     </span>
     <span class='ocr_line' id='line_1_38' title="bbox 78 2072 192 2108; baseline -0.009 0"><span class='ocrx_word' id='word_1_242' title='bbox 78 2072 155 2108; x_wconf 73' lang='lat' dir='ltr'>eap-</span> <span class='ocrx_word' id='word_1_243' title='bbox 163 2081 192 2107; x_wconf 77' lang='lat'>4·</span> 
     </span>
     <span class='ocr_line' id='line_1_39' title="bbox 80 2119 152 2146; baseline 0 -6"><span class='ocrx_word' id='word_1_244' title='bbox 80 2119 112 2141; x_wconf 87' lang='lat' dir='ltr'>n.</span> <span class='ocrx_word' id='word_1_245' title='bbox 124 2120 152 2146; x_wconf 84' lang='grc'>7.</span> 
     </span>
    </p>
   </div>
   <div class='ocr_carea' id='block_1_6' title="bbox 56 2226 188 2303">
    <p class='ocr_par' dir='ltr' id='par_1_7' title="bbox 56 2226 188 2303">
     <span class='ocr_line' id='line_1_40' title="bbox 56 2226 188 2264; baseline 0 -6"><span class='ocrx_word' id='word_1_246' title='bbox 56 2226 131 2264; x_wconf 75' lang='lat' dir='ltr'>Cap.</span> <span class='ocrx_word' id='word_1_247' title='bbox 144 2237 155 2258; x_wconf 87' lang='lat'>1</span> <span class='ocrx_word' id='word_1_248' title='bbox 162 2237 188 2263; x_wconf 89' lang='lat'>7.</span> 
     </span>
     <span class='ocr_line' id='line_1_41' title="bbox 65 2275 151 2303; baseline 0.012 -1"><span class='ocrx_word' id='word_1_249' title='bbox 65 2275 94 2295; x_wconf 80' lang='lat' dir='ltr'>n.</span> <span class='ocrx_word' id='word_1_250' title='bbox 103 2277 151 2303; x_wconf 78' lang='lat'>⁴9·</span> 
     </span>
    </p>
   </div>
   <div class='ocr_carea' id='block_1_7' title="bbox 207 1829 1092 1865">
    <p class='ocr_par' dir='ltr' id='par_1_8' title="bbox 207 1829 1092 1865">
     <span class='ocr_line' id='line_1_42' title="bbox 207 1829 1092 1865; baseline 0 -1"><span class='ocrx_word' id='word_1_251' title='bbox 207 1840 284 1864; x_wconf 86' lang='lat' dir='ltr'>cam</span> <span class='ocrx_word' id='word_1_252' title='bbox 294 1829 672 1865; x_wconf 86' lang='lat' dir='ltr'>transelementationem</span> <span class='ocrx_word' id='word_1_253' title='bbox 684 1830 748 1864; x_wconf 80' lang='lat' dir='ltr'>esse</span> <span class='ocrx_word' id='word_1_254' title='bbox 756 1840 880 1864; x_wconf 84' lang='lat' dir='ltr'>errores</span> <span class='ocrx_word' id='word_1_255' title='bbox 888 1830 1042 1865; x_wconf 65' lang='lat' dir='ltr'>inductos</span> <span class='ocrx_word' id='word_1_256' title='bbox 1050 1830 1092 1864; x_wconf 86' lang='lat' dir='ltr'>ab</span> 
     </span>
    </p>
   </div>
   <div class='ocr_carea' id='block_1_8' title="bbox 163 1876 1092 1918">
    <p class='ocr_par' dir='ltr' id='par_1_9' title="bbox 163 1876 1092 1918">
     <span class='ocr_line' id='line_1_43' title="bbox 163 1876 1092 1918; baseline 0.006 -9"><span class='ocrx_word' id='word_1_257' title='bbox 163 1891 193 1910; x_wconf 70' lang='grc' dir='ltr'>ι.</span> <span class='ocrx_word' id='word_1_258' title='bbox 208 1879 411 1916; x_wconf 82' lang='lat' dir='ltr'>Innocentio</span> <span class='ocrx_word' id='word_1_259' title='bbox 420 1879 539 1914; x_wconf 87' lang='lat' dir='ltr'>tertio.</span> <span class='ocrx_word' id='word_1_260' title='bbox 564 1876 722 1918; x_wconf 84' lang='lat' dir='ltr'>Testatur</span> <span class='ocrx_word' id='word_1_261' title='bbox 745 1876 811 1914; x_wconf 88' lang='lat' dir='ltr'>hoc</span> <span class='ocrx_word' id='word_1_262' title='bbox 833 1877 985 1914; x_wconf 79' lang='lat' dir='ltr'>Thomas</span> <span class='ocrx_word' id='word_1_263' title='bbox 1002 1880 1092 1915; x_wconf 84' lang='lat' dir='ltr'>Wal-</span> 
     </span>
    </p>
   </div>
   <div class='ocr_carea' id='block_1_9' title="bbox 207 1927 1093 2522">
    <p class='ocr_par' dir='ltr' id='par_1_10' title="bbox 207 1927 1093 2522">
     <span class='ocr_line' id='line_1_44' title="bbox 208 1927 1090 1974; baseline -0.001 -10"><span class='ocrx_word' id='word_1_264' title='bbox 208 1930 318 1964; x_wconf 83' lang='lat' dir='ltr'>denfis</span> <span class='ocrx_word' id='word_1_265' title='bbox 342 1930 378 1966; x_wconf 84' lang='lat' dir='ltr'>in</span> <span class='ocrx_word' id='word_1_266' title='bbox 406 1927 598 1974; x_wconf 64' lang='lat' dir='ltr'>prefatione</span> <span class='ocrx_word' id='word_1_267' title='bbox 610 1927 652 1963; x_wconf 87' lang='lat' dir='ltr'>ad</span> <span class='ocrx_word' id='word_1_268' title='bbox 677 1927 781 1963; x_wconf 87' lang='lat' dir='ltr'>libros</span> <span class='ocrx_word' id='word_1_269' title='bbox 800 1928 843 1964; x_wconf 89' lang='lat' dir='ltr'>de</span> <span class='ocrx_word' id='word_1_270' title='bbox 853 1930 1090 1966; x_wconf 72' lang='lat' dir='ltr'>Sacramentis,</span> 
     </span>
     <span class='ocr_line' id='line_1_45' title="bbox 208 1977 1091 2017; baseline -0.001 -2"><span class='ocrx_word' id='word_1_271' title='bbox 208 1978 429 2015; x_wconf 81' lang='lat' dir='ltr'>calumniam</span> <span class='ocrx_word' id='word_1_272' title='bbox 437 1979 480 2015; x_wconf 89' lang='lat' dir='ltr'>de</span> <span class='ocrx_word' id='word_1_273' title='bbox 490 1978 725 2014; x_wconf 81' lang='lat' dir='ltr'>sacramentali</span> <span class='ocrx_word' id='word_1_274' title='bbox 746 1977 949 2013; x_wconf 86' lang='lat' dir='ltr'>confeffione</span> <span class='ocrx_word' id='word_1_275' title='bbox 958 2016 961 2017; x_wconf 16' lang='lat'><em>⁷</em></span> <span class='ocrx_word' id='word_1_276' title='bbox 970 1980 1091 2015; x_wconf 88' lang='lat' dir='ltr'>resum-</span> 
     </span>
     <span class='ocr_line' id='line_1_46' title="bbox 207 2025 1091 2073; baseline 0 -10"><span class='ocrx_word' id='word_1_277' title='bbox 207 2031 268 2073; x_wconf 76' lang='lat' dir='ltr'>psit</span> <span class='ocrx_word' id='word_1_278' title='bbox 278 2031 315 2064; x_wconf 86' lang='lat' dir='ltr'>in</span> <span class='ocrx_word' id='word_1_279' title='bbox 323 2030 424 2065; x_wconf 86' lang='lat' dir='ltr'>tertio</span> <span class='ocrx_word' id='word_1_280' title='bbox 435 2028 689 2062; x_wconf 80' lang='lat' dir='ltr'>institutionum</span> <span class='ocrx_word' id='word_1_281' title='bbox 711 2025 797 2061; x_wconf 90' lang='lat' dir='ltr'>libro</span> <span class='ocrx_word' id='word_1_282' title='bbox 815 2027 959 2070; x_wconf 75' lang='lat' dir='ltr'>Ioannes</span> <span class='ocrx_word' id='word_1_283' title='bbox 982 2029 1091 2063; x_wconf 84' lang='lat' dir='ltr'>Calvi·</span> 
     </span>
     <span class='ocr_line' id='line_1_47' title="bbox 208 2075 1093 2120; baseline -0.002 -5"><span class='ocrx_word' id='word_1_284' title='bbox 208 2091 293 2115; x_wconf 84' lang='lat' dir='ltr'>nus.</span> <span class='ocrx_word' id='word_1_285' title='bbox 318 2079 368 2113; x_wconf 86' lang='lat' dir='ltr'>At</span> <span class='ocrx_word' id='word_1_286' title='bbox 378 2076 456 2112; x_wconf 69' lang='lat' dir='ltr'>vero</span> <span class='ocrx_word' id='word_1_287' title='bbox 474 2076 510 2110; x_wconf 89' lang='lat' dir='ltr'>in</span> <span class='ocrx_word' id='word_1_288' title='bbox 521 2086 638 2120; x_wconf 86' lang='lat' dir='ltr'>quarto</span> <span class='ocrx_word' id='word_1_289' title='bbox 647 2075 733 2110; x_wconf 89' lang='lat' dir='ltr'>libro</span> <span class='ocrx_word' id='word_1_290' title='bbox 743 2075 785 2111; x_wconf 90' lang='lat' dir='ltr'>de</span> <span class='ocrx_word' id='word_1_291' title='bbox 806 2077 1006 2112; x_wconf 71' lang='lat' dir='ltr'>sacrosancto</span> <span class='ocrx_word' id='word_1_292' title='bbox 1030 2079 1093 2113; x_wconf 87' lang='lat' dir='ltr'>Eu·</span> 
     </span>
     <span class='ocr_line' id='line_1_48' title="bbox 207 2125 1090 2170; baseline 0 -7"><span class='ocrx_word' id='word_1_293' title='bbox 207 2128 368 2164; x_wconf 81' lang='lat' dir='ltr'>charistiae</span> <span class='ocrx_word' id='word_1_294' title='bbox 380 2129 595 2163; x_wconf 80' lang='lat' dir='ltr'>Sacrameuto</span> <span class='ocrx_word' id='word_1_295' title='bbox 605 2125 858 2170; x_wconf 82' lang='lat' dir='ltr'>dogmatizans,</span> <span class='ocrx_word' id='word_1_296' title='bbox 883 2126 994 2162; x_wconf 90' lang='lat' dir='ltr'>scribit</span> <span class='ocrx_word' id='word_1_297' title='bbox 1014 2126 1090 2163; x_wconf 86' lang='lat' dir='ltr'>Ma-</span> 
     </span>
     <span class='ocr_line' id='line_1_49' title="bbox 209 2175 1091 2224; baseline 0 -11"><span class='ocrx_word' id='word_1_298' title='bbox 209 2189 317 2224; x_wconf 86' lang='lat' dir='ltr'>gnum</span> <span class='ocrx_word' id='word_1_299' title='bbox 346 2178 545 2223; x_wconf 83' lang='lat' dir='ltr'>Gregorium</span> <span class='ocrx_word' id='word_1_300' title='bbox 572 2175 668 2209; x_wconf 84' lang='lat' dir='ltr'>fuiss&#39;e</span> <span class='ocrx_word' id='word_1_301' title='bbox 706 2175 904 2220; x_wconf 87' lang='lat' dir='ltr'>postremum</span> <span class='ocrx_word' id='word_1_302' title='bbox 930 2177 1091 2213; x_wconf 85' lang='lat' dir='ltr'>Romanae</span> 
     </span>
     <span class='ocr_line' id='line_1_50' title="bbox 208 2225 1090 2272; baseline 0 -10"><span class='ocrx_word' id='word_1_303' title='bbox 208 2228 361 2264; x_wconf 80' lang='lat' dir='ltr'>Ecclesiae</span> <span class='ocrx_word' id='word_1_304' title='bbox 370 2228 593 2272; x_wconf 77' lang='lat' dir='ltr'>Episcopum:</span> <span class='ocrx_word' id='word_1_305' title='bbox 623 2225 749 2269; x_wconf 75' lang='lat' dir='ltr'>Utpote</span> <span class='ocrx_word' id='word_1_306' title='bbox 764 2227 823 2270; x_wconf 88' lang='lat' dir='ltr'>qui</span> <span class='ocrx_word' id='word_1_307' title='bbox 846 2227 1026 2271; x_wconf 86' lang='lat' dir='ltr'>postremus</span> <span class='ocrx_word' id='word_1_308' title='bbox 1046 2238 1090 2262; x_wconf 88' lang='lat' dir='ltr'>re·</span> 
     </span>
     <span class='ocr_line' id='line_1_51' title="bbox 208 2274 1092 2324; baseline -0.001 -10"><span class='ocrx_word' id='word_1_309' title='bbox 208 2281 260 2314; x_wconf 65' lang='lat' dir='ltr'>&amp;a</span> <span class='ocrx_word' id='word_1_310' title='bbox 279 2278 571 2324; x_wconf 81' lang='lat' dir='ltr'>dogmatizaverit.</span> <span class='ocrx_word' id='word_1_311' title='bbox 599 2274 672 2310; x_wconf 86' lang='lat' dir='ltr'>Alii</span> <span class='ocrx_word' id='word_1_312' title='bbox 686 2274 794 2310; x_wconf 84' lang='lat' dir='ltr'>statim</span> <span class='ocrx_word' id='word_1_313' title='bbox 813 2275 886 2320; x_wconf 86' lang='lat' dir='ltr'>post</span> <span class='ocrx_word' id='word_1_314' title='bbox 907 2276 1092 2324; x_wconf 81' lang='lat' dir='ltr'>Chalcedo-</span> 
     </span>
     <span class='ocr_line' id='line_1_52' title="bbox 207 2325 1091 2371; baseline -0.002 -8"><span class='ocrx_word' id='word_1_315' title='bbox 207 2330 311 2363; x_wconf 82' lang='lat' dir='ltr'>nense</span> <span class='ocrx_word' id='word_1_316' title='bbox 321 2327 538 2368; x_wconf 85' lang='lat' dir='ltr'>Concilium,</span> <span class='ocrx_word' id='word_1_317' title='bbox 563 2325 705 2362; x_wconf 81' lang='lat' dir='ltr'>aliinon</span> <span class='ocrx_word' id='word_1_318' title='bbox 729 2326 790 2371; x_wconf 80' lang='lat' dir='ltr'>nisi</span> <span class='ocrx_word' id='word_1_319' title='bbox 815 2327 858 2362; x_wconf 87' lang='lat' dir='ltr'>ad</span> <span class='ocrx_word' id='word_1_320' title='bbox 872 2327 1000 2370; x_wconf 84' lang='lat' dir='ltr'>septimi</span> <span class='ocrx_word' id='word_1_321' title='bbox 1013 2327 1091 2361; x_wconf 82' lang='lat' dir='ltr'>Gre-</span> 
     </span>
     <span class='ocr_line' id='line_1_53' title="bbox 207 2375 1089 2427; baseline -0.002 -15"><span class='ocrx_word' id='word_1_322' title='bbox 207 2378 298 2427; x_wconf 76' lang='lat' dir='ltr'>gorii</span> <span class='ocrx_word' id='word_1_323' title='bbox 308 2387 457 2421; x_wconf 85' lang='lat' dir='ltr'>tempora</span> <span class='ocrx_word' id='word_1_324' title='bbox 467 2378 586 2411; x_wconf 84' lang='lat' dir='ltr'>volunt</span> <span class='ocrx_word' id='word_1_325' title='bbox 596 2375 776 2411; x_wconf 81' lang='lat' dir='ltr'>Ecclesiam</span> <span class='ocrx_word' id='word_1_326' title='bbox 800 2376 836 2410; x_wconf 75' lang='grc' dir='ltr'>δε</span> <span class='ocrx_word' id='word_1_327' title='bbox 859 2378 943 2410; x_wconf 68' lang='lat' dir='ltr'>resta</span> <span class='ocrx_word' id='word_1_328' title='bbox 963 2375 1089 2410; x_wconf 85' lang='lat' dir='ltr'>Christi</span> 
     </span>
     <span class='ocr_line' id='line_1_54' title="bbox 207 2423 1089 2473; baseline -0.002 -11"><span class='ocrx_word' id='word_1_329' title='bbox 207 2428 369 2473; x_wconf 80' lang='lat' dir='ltr'>dogmata</span> <span class='ocrx_word' id='word_1_330' title='bbox 394 2426 548 2462; x_wconf 73' lang='lat' dir='ltr'>cecidisse</span> <span class='ocrx_word' id='word_1_331' title='bbox 571 2451 580 2459; x_wconf 87' lang='lat'>.</span> <span class='ocrx_word' id='word_1_332' title='bbox 619 2425 702 2459; x_wconf 89' lang='lat' dir='ltr'>Non</span> <span class='ocrx_word' id='word_1_333' title='bbox 724 2424 772 2459; x_wconf 90' lang='lat' dir='ltr'>ita</span> <span class='ocrx_word' id='word_1_334' title='bbox 797 2424 926 2469; x_wconf 80' lang='lat' dir='ltr'>pridem</span> <span class='ocrx_word' id='word_1_335' title='bbox 947 2423 1089 2460; x_wconf 88' lang='lat' dir='ltr'>vidimus</span> 
     </span>
     <span class='ocr_line' id='line_1_55' title="bbox 207 2474 1089 2522; baseline -0.002 -11"><span class='ocrx_word' id='word_1_336' title='bbox 207 2476 356 2522; x_wconf 79' lang='lat' dir='ltr'>physicas</span> <span class='ocrx_word' id='word_1_337' title='bbox 364 2476 620 2517; x_wconf 71' lang='lat' dir='ltr'>conclusiones,</span> <span class='ocrx_word' id='word_1_338' title='bbox 635 2474 814 2521; x_wconf 82' lang='lat' dir='ltr'>garrientes</span> <span class='ocrx_word' id='word_1_339' title='bbox 837 2484 947 2511; x_wconf 84' lang='lat' dir='ltr'>veram</span> <span class='ocrx_word' id='word_1_340' title='bbox 968 2486 1089 2519; x_wconf 86' lang='lat' dir='ltr'>corpo-</span> 
     </span>
    </p>
   </div>
   <div class='ocr_carea' id='block_1_10' title="bbox 142 2524 1088 2570">
    <p class='ocr_par' dir='ltr' id='par_1_11' title="bbox 142 2524 1088 2570">
     <span class='ocr_line' id='line_1_56' title="bbox 142 2524 1088 2570; baseline -0.002 -9"><span class='ocrx_word' id='word_1_341' title='bbox 142 2563 146 2566; x_wconf 61' lang='grc'>,</span> <span class='ocrx_word' id='word_1_342' title='bbox 207 2537 268 2563; x_wconf 75' lang='lat' dir='ltr'>reat</span> <span class='ocrx_word' id='word_1_343' title='bbox 291 2536 446 2561; x_wconf 79' lang='lat' dir='ltr'>creaturae</span> <span class='ocrx_word' id='word_1_344' title='bbox 471 2526 628 2561; x_wconf 85' lang='lat' dir='ltr'>notitiam</span> <span class='ocrx_word' id='word_1_345' title='bbox 653 2526 779 2560; x_wconf 78' lang='lat' dir='ltr'>latuisse</span> <span class='ocrx_word' id='word_1_346' title='bbox 803 2526 903 2570; x_wconf 89' lang='lat' dir='ltr'>usque</span> <span class='ocrx_word' id='word_1_347' title='bbox 920 2524 961 2560; x_wconf 91' lang='lat' dir='ltr'>ad</span> <span class='ocrx_word' id='word_1_348' title='bbox 977 2524 1088 2561; x_wconf 87' lang='lat' dir='ltr'>felices</span> 
     </span>
    </p>
   </div>
   <div class='ocr_carea' id='block_1_11' title="bbox 83 2953 196 3031">
    <p class='ocr_par' dir='ltr' id='par_1_12' title="bbox 83 2953 196 3031">
     <span class='ocr_line' id='line_1_57' title="bbox 84 2953 196 2990; baseline -0.036 -4"><span class='ocrx_word' id='word_1_349' title='bbox 84 2953 148 2986; x_wconf 73' lang='lat' dir='ltr'>Lib.</span> <span class='ocrx_word' id='word_1_350' title='bbox 168 2963 196 2990; x_wconf 84' lang='lat'>3.</span> 
     </span>
     <span class='ocr_line' id='line_1_58' title="bbox 83 3002 194 3031; baseline -0.009 -6"><span class='ocrx_word' id='word_1_351' title='bbox 83 3002 150 3031; x_wconf 77' lang='lat' dir='ltr'>cap.</span> <span class='ocrx_word' id='word_1_352' title='bbox 169 3005 194 3024; x_wconf 73' lang='grc' dir='ltr'>ι.</span> 
     </span>
    </p>
   </div>
   <div class='ocr_carea' id='block_1_12' title="bbox 208 2573 1092 3370">
    <p class='ocr_par' dir='ltr' id='par_1_13' title="bbox 208 2573 1092 3370">
     <span class='ocr_line' id='line_1_59' title="bbox 208 2573 1087 2620; baseline 0.001 -9"><span class='ocrx_word' id='word_1_353' title='bbox 208 2577 335 2611; x_wconf 77' lang='lat' dir='ltr'>natales</span> <span class='ocrx_word' id='word_1_354' title='bbox 347 2576 471 2611; x_wconf 87' lang='lat' dir='ltr'>Reuati</span> <span class='ocrx_word' id='word_1_355' title='bbox 485 2573 665 2611; x_wconf 86' lang='lat' dir='ltr'>Cartbesii.</span> <span class='ocrx_word' id='word_1_356' title='bbox 691 2575 732 2610; x_wconf 85' lang='lat' dir='ltr'>ln</span> <span class='ocrx_word' id='word_1_357' title='bbox 757 2586 873 2611; x_wconf 81' lang='lat' dir='ltr'>omnes</span> <span class='ocrx_word' id='word_1_358' title='bbox 898 2574 1087 2620; x_wconf 88' lang='lat' dir='ltr'>hujusmodi</span> 
     </span>
     <span class='ocr_line' id='line_1_60' title="bbox 209 2625 1089 2672; baseline 0.003 -13"><span class='ocrx_word' id='word_1_359' title='bbox 209 2625 418 2670; x_wconf 81' lang='lat' dir='ltr'>nugivendas</span> <span class='ocrx_word' id='word_1_360' title='bbox 441 2625 607 2660; x_wconf 68' lang='lat' dir='ltr'>doctrinas</span> <span class='ocrx_word' id='word_1_361' title='bbox 618 2626 796 2661; x_wconf 85' lang='lat' dir='ltr'>declamari</span> <span class='ocrx_word' id='word_1_362' title='bbox 821 2627 917 2672; x_wconf 86' lang='lat' dir='ltr'>poffir</span> <span class='ocrx_word' id='word_1_363' title='bbox 939 2637 1018 2661; x_wconf 89' lang='lat' dir='ltr'>cum</span> <span class='ocrx_word' id='word_1_364' title='bbox 1029 2638 1089 2663; x_wconf 88' lang='lat' dir='ltr'>no·</span> 
     </span>
     <span class='ocr_line' id='line_1_61' title="bbox 209 2674 1088 2720; baseline 0.002 -10"><span class='ocrx_word' id='word_1_365' title='bbox 209 2675 276 2710; x_wconf 82' lang='lat' dir='ltr'>stro</span> <span class='ocrx_word' id='word_1_366' title='bbox 284 2674 446 2719; x_wconf 85' lang='lat' dir='ltr'>Septimio</span> <span class='ocrx_word' id='word_1_367' title='bbox 456 2689 468 2709; x_wconf 89' lang='lat'>.·</span> <span class='ocrx_word' id='word_1_368' title='bbox 493 2675 529 2710; x_wconf 92' lang='lat' dir='ltr'>O</span> <span class='ocrx_word' id='word_1_369' title='bbox 541 2675 670 2710; x_wconf 84' lang='lat' dir='ltr'>Christe</span> <span class='ocrx_word' id='word_1_370' title='bbox 682 2675 913 2720; x_wconf 69' lang='lat' dir='ltr'>patientissime</span> <span class='ocrx_word' id='word_1_371' title='bbox 925 2677 1088 2719; x_wconf 88' lang='lat' dir='ltr'>Domine,</span> 
     </span>
     <span class='ocr_line' id='line_1_62' title="bbox 209 2723 1087 2770; baseline 0.003 -11"><span class='ocrx_word' id='word_1_372' title='bbox 209 2724 270 2770; x_wconf 87' lang='lat' dir='ltr'>qui</span> <span class='ocrx_word' id='word_1_373' title='bbox 282 2723 453 2760; x_wconf 86' lang='lat' dir='ltr'>veritatem</span> <span class='ocrx_word' id='word_1_374' title='bbox 465 2724 563 2761; x_wconf 88' lang='lat' dir='ltr'>latere</span> <span class='ocrx_word' id='word_1_375' title='bbox 574 2724 719 2760; x_wconf 88' lang='lat' dir='ltr'>tolerasti</span> <span class='ocrx_word' id='word_1_376' title='bbox 730 2751 742 2767; x_wconf 89' lang='lat'>‚</span> <span class='ocrx_word' id='word_1_377' title='bbox 760 2727 868 2763; x_wconf 88' lang='lat' dir='ltr'>donec</span> <span class='ocrx_word' id='word_1_378' title='bbox 879 2727 943 2762; x_wconf 87' lang='lat' dir='ltr'>tibi</span> <span class='ocrx_word' id='word_1_379' title='bbox 950 2727 1087 2763; x_wconf 79' lang='lat' dir='ltr'>Wiclef·</span> 
     </span>
     <span class='ocr_line' id='line_1_63' title="bbox 210 2773 1089 2816; baseline 0.003 -7"><span class='ocrx_word' id='word_1_380' title='bbox 210 2776 285 2816; x_wconf 73' lang='lat' dir='ltr'>sus,</span> <span class='ocrx_word' id='word_1_381' title='bbox 313 2773 478 2809; x_wconf 83' lang='lat' dir='ltr'>Lutberus</span> <span class='ocrx_word' id='word_1_382' title='bbox 494 2799 508 2816; x_wconf 88' lang='lat'>,</span> <span class='ocrx_word' id='word_1_383' title='bbox 533 2785 590 2811; x_wconf 85' lang='lat' dir='ltr'>aut</span> <span class='ocrx_word' id='word_1_384' title='bbox 615 2775 774 2812; x_wconf 85' lang='lat' dir='ltr'>Calvinus</span> <span class='ocrx_word' id='word_1_385' title='bbox 799 2777 1005 2812; x_wconf 82' lang='lat' dir='ltr'>subveniret.</span> <span class='ocrx_word' id='word_1_386' title='bbox 1032 2778 1089 2812; x_wconf 87' lang='lat' dir='ltr'>Se·</span> 
     </span>
     <span class='ocr_line' id='line_1_64' title="bbox 210 2825 1088 2873; baseline 0.001 -13"><span class='ocrx_word' id='word_1_387' title='bbox 210 2825 368 2869; x_wconf 81' lang='lat' dir='ltr'>metipsos</span> <span class='ocrx_word' id='word_1_388' title='bbox 389 2834 560 2860; x_wconf 87' lang='lat' dir='ltr'>evertunt.</span> <span class='ocrx_word' id='word_1_389' title='bbox 586 2825 723 2862; x_wconf 86' lang='lat' dir='ltr'>Etenim</span> <span class='ocrx_word' id='word_1_390' title='bbox 749 2826 899 2862; x_wconf 68' lang='lat' dir='ltr'>adversus</span> <span class='ocrx_word' id='word_1_391' title='bbox 925 2826 1004 2862; x_wconf 77' lang='lat' dir='ltr'>talia</span> <span class='ocrx_word' id='word_1_392' title='bbox 1017 2838 1088 2873; x_wconf 90' lang='lat' dir='ltr'>gar-</span> 
     </span>
     <span class='ocr_line' id='line_1_65' title="bbox 211 2873 1088 2913; baseline 0.005 -4"><span class='ocrx_word' id='word_1_393' title='bbox 211 2876 352 2909; x_wconf 84' lang='lat' dir='ltr'>rientem</span> <span class='ocrx_word' id='word_1_394' title='bbox 362 2873 614 2910; x_wconf 85' lang='lat' dir='ltr'>Patmeniauum</span> <span class='ocrx_word' id='word_1_395' title='bbox 639 2887 677 2911; x_wconf 87' lang='lat' dir='ltr'>ac</span> <span class='ocrx_word' id='word_1_396' title='bbox 695 2876 781 2912; x_wconf 80' lang='lat' dir='ltr'>alios</span> <span class='ocrx_word' id='word_1_397' title='bbox 795 2877 992 2912; x_wconf 89' lang='lat' dir='ltr'>Donatistas</span> <span class='ocrx_word' id='word_1_398' title='bbox 1002 2878 1088 2913; x_wconf 70' lang='lat' dir='ltr'>reste</span> 
     </span>
     <span class='ocr_line' id='line_1_66' title="bbox 211 2924 1088 2971; baseline 0.001 -11"><span class='ocrx_word' id='word_1_399' title='bbox 211 2925 334 2968; x_wconf 80' lang='lat' dir='ltr'>scripsit</span> <span class='ocrx_word' id='word_1_400' title='bbox 344 2925 482 2960; x_wconf 70' lang='lat' dir='ltr'>sanctus</span> <span class='ocrx_word' id='word_1_401' title='bbox 493 2924 700 2969; x_wconf 86' lang='lat' dir='ltr'>Augustinus</span> <span class='ocrx_word' id='word_1_402' title='bbox 714 2939 722 2959; x_wconf 89' lang='lat'>:</span> <span class='ocrx_word' id='word_1_403' title='bbox 748 2927 877 2971; x_wconf 75' lang='lat' dir='ltr'>,Quidse</span> <span class='ocrx_word' id='word_1_404' title='bbox 883 2926 1066 2970; x_wconf 70' lang='lat' dir='ltr'>ipfijac‘lant</span> <span class='ocrx_word' id='word_1_405' title='bbox 1076 2952 1088 2970; x_wconf 91' lang='lat'>‚</span> 
     </span>
     <span class='ocr_line' id='line_1_67' title="bbox 212 2974 1088 3020; baseline 0.006 -12"><span class='ocrx_word' id='word_1_406' title='bbox 212 2976 296 3019; x_wconf 75' lang='lat' dir='ltr'>quod</span> <span class='ocrx_word' id='word_1_407' title='bbox 318 2974 450 3008; x_wconf 81' lang='lat' dir='ltr'>babeant</span> <span class='ocrx_word' id='word_1_408' title='bbox 476 2977 610 3018; x_wconf 84' lang='lat' dir='ltr'>aliquam</span> <span class='ocrx_word' id='word_1_409' title='bbox 634 2976 812 3019; x_wconf 79' lang='lat' dir='ltr'>Ecclefiam,</span> <span class='ocrx_word' id='word_1_410' title='bbox 831 2976 931 3020; x_wconf 76' lang='lat' dir='ltr'>fijam</span> <span class='ocrx_word' id='word_1_411' title='bbox 941 2978 1004 3012; x_wconf 76' lang='lat' dir='ltr'>illis</span> <span class='ocrx_word' id='word_1_412' title='bbox 1014 2987 1088 3012; x_wconf 86' lang='lat' dir='ltr'>tem·</span> 
     </span>
     <span class='ocr_line' id='line_1_68' title="bbox 211 3024 1086 3070; baseline 0.005 -12"><span class='ocrx_word' id='word_1_413' title='bbox 211 3024 336 3069; x_wconf 81' lang='lat' dir='ltr'>poribus</span> <span class='ocrx_word' id='word_1_414' title='bbox 358 3025 412 3068; x_wconf 84' lang='lat' dir='ltr'>effe</span> <span class='ocrx_word' id='word_1_415' title='bbox 434 3024 546 3066; x_wconf 77' lang='lat' dir='ltr'>destitit</span> <span class='ocrx_word' id='word_1_416' title='bbox 556 3025 575 3054; x_wconf 69' lang='grc' dir='ltr'><strong><em>ἕ</em></strong></span> <span class='ocrx_word' id='word_1_417' title='bbox 599 3028 712 3060; x_wconf 79' lang='lat' dir='ltr'>Dicant</span> <span class='ocrx_word' id='word_1_418' title='bbox 724 3028 802 3062; x_wconf 63' lang='lat' dir='ltr'>unde*</span> <span class='ocrx_word' id='word_1_419' title='bbox 812 3036 902 3061; x_wconf 81' lang='lat' dir='ltr'>natus</span> <span class='ocrx_word' id='word_1_420' title='bbox 910 3027 949 3069; x_wconf 67' lang='lat' dir='ltr'>eff</span> <span class='ocrx_word' id='word_1_421' title='bbox 962 3030 1086 3070; x_wconf 80' lang='lat' dir='ltr'>Majori-</span> 
     </span>
     <span class='ocr_line' id='line_1_69' title="bbox 216 3076 1086 3121; baseline 0.006 -13"><span class='ocrx_word' id='word_1_422' title='bbox 216 3085 273 3108; x_wconf 82' lang='lat' dir='ltr'>nus</span> <span class='ocrx_word' id='word_1_423' title='bbox 299 3078 538 3115; x_wconf 56' lang='lat' dir='ltr'>aurDonatus,</span> <span class='ocrx_word' id='word_1_424' title='bbox 565 3084 600 3108; x_wconf 85' lang='lat' dir='ltr'>ut</span> <span class='ocrx_word' id='word_1_425' title='bbox 618 3083 678 3118; x_wconf 82' lang='lat' dir='ltr'>per</span> <span class='ocrx_word' id='word_1_426' title='bbox 702 3087 749 3110; x_wconf 90' lang='lat' dir='ltr'>eos</span> <span class='ocrx_word' id='word_1_427' title='bbox 763 3076 950 3121; x_wconf 74' lang='lat' dir='ltr'>nasi-crentur</span> <span class='ocrx_word' id='word_1_428' title='bbox 963 3081 1086 3113; x_wconf 83' lang='lat' dir='ltr'>Parme·</span> 
     </span>
     <span class='ocr_line' id='line_1_70' title="bbox 216 3126 1086 3171; baseline 0.006 -13"><span class='ocrx_word' id='word_1_429' title='bbox 216 3130 325 3158; x_wconf 70' lang='lat' dir='ltr'>alanus</span> <span class='ocrx_word' id='word_1_430' title='bbox 350 3134 439 3168; x_wconf 86' lang='lat' dir='ltr'>atque</span> <span class='ocrx_word' id='word_1_431' title='bbox 451 3127 641 3159; x_wconf 81' lang='lat' dir='ltr'>Primianus.</span> <span class='ocrx_word' id='word_1_432' title='bbox 669 3126 723 3161; x_wconf 88' lang='lat' dir='ltr'>Eo</span> <span class='ocrx_word' id='word_1_433' title='bbox 732 3137 926 3171; x_wconf 86' lang='lat' dir='ltr'>argumento</span> <span class='ocrx_word' id='word_1_434' title='bbox 940 3129 1086 3170; x_wconf 87' lang='lat' dir='ltr'>frequen-</span> 
     </span>
     <span class='ocr_line' id='line_1_71' title="bbox 217 3174 1085 3222; baseline 0.005 -14"><span class='ocrx_word' id='word_1_435' title='bbox 217 3174 333 3210; x_wconf 67' lang='lat' dir='ltr'>tiffime</span> <span class='ocrx_word' id='word_1_436' title='bbox 343 3175 468 3217; x_wconf 81' lang='lat' dir='ltr'>utitur,</span> <span class='ocrx_word' id='word_1_437' title='bbox 493 3175 528 3210; x_wconf 71' lang='grc' dir='ltr'>δε</span> <span class='ocrx_word' id='word_1_438' title='bbox 546 3183 639 3221; x_wconf 88' lang='lat' dir='ltr'>rogat</span> <span class='ocrx_word' id='word_1_439' title='bbox 650 3175 690 3209; x_wconf 86' lang='lat' dir='ltr'>de</span> <span class='ocrx_word' id='word_1_440' title='bbox 703 3177 840 3212; x_wconf 88' lang='lat' dir='ltr'>Donato</span> <span class='ocrx_word' id='word_1_441' title='bbox 853 3191 864 3211; x_wconf 86' lang='lat'>.-</span> <span class='ocrx_word' id='word_1_442' title='bbox 892 3178 921 3211; x_wconf 87' lang='lat' dir='ltr'>E</span> <span class='ocrx_word' id='word_1_443' title='bbox 943 3189 1012 3221; x_wconf 90' lang='lat' dir='ltr'>quo</span> <span class='ocrx_word' id='word_1_444' title='bbox 1034 3190 1085 3222; x_wconf 88' lang='lat' dir='ltr'>pe·</span> 
     </span>
     <span class='ocr_line' id='line_1_72' title="bbox 218 3223 1088 3269; baseline 0.008 -13"><span class='ocrx_word' id='word_1_445' title='bbox 218 3223 297 3268; x_wconf 89' lang='lat' dir='ltr'>lago</span> <span class='ocrx_word' id='word_1_446' title='bbox 321 3226 451 3260; x_wconf 85' lang='lat' dir='ltr'>emersit</span> <span class='ocrx_word' id='word_1_447' title='bbox 463 3250 475 3266; x_wconf 89' lang='lat'><strong>,</strong></span> <span class='ocrx_word' id='word_1_448' title='bbox 498 3225 517 3258; x_wconf 78' lang='grc' dir='ltr'>ὲ</span> <span class='ocrx_word' id='word_1_449' title='bbox 543 3237 608 3269; x_wconf 84' lang='lat' dir='ltr'>qua</span> <span class='ocrx_word' id='word_1_450' title='bbox 619 3236 701 3260; x_wconf 89' lang='lat' dir='ltr'>terra</span> <span class='ocrx_word' id='word_1_451' title='bbox 710 3224 839 3261; x_wconf 89' lang='lat' dir='ltr'>ebulliit</span> <span class='ocrx_word' id='word_1_452' title='bbox 854 3251 865 3268; x_wconf 93' lang='lat'><strong>,</strong></span> <span class='ocrx_word' id='word_1_453' title='bbox 890 3227 908 3261; x_wconf 85' lang='grc' dir='ltr'>ὲ</span> <span class='ocrx_word' id='word_1_454' title='bbox 918 3239 986 3269; x_wconf 91' lang='lat' dir='ltr'>quo</span> <span class='ocrx_word' id='word_1_455' title='bbox 1001 3228 1088 3263; x_wconf 86' lang='lat' dir='ltr'>coelo</span> 
     </span>
     <span class='ocr_line' id='line_1_73' title="bbox 214 3272 1092 3321; baseline 0.005 -13"><span class='ocrx_word' id='word_1_456' title='bbox 214 3272 263 3308; x_wconf 80' lang='lat' dir='ltr'>est</span> <span class='ocrx_word' id='word_1_457' title='bbox 283 3273 455 3318; x_wconf 80' lang='lat' dir='ltr'>delapsus?</span> <span class='ocrx_word' id='word_1_458' title='bbox 482 3276 617 3310; x_wconf 84' lang='lat' dir='ltr'>Etenim</span> <span class='ocrx_word' id='word_1_459' title='bbox 640 3277 662 3308; x_wconf 84' lang='lat' dir='ltr'>si</span> <span class='ocrx_word' id='word_1_460' title='bbox 684 3286 754 3311; x_wconf 87' lang='lat' dir='ltr'>tota</span> <span class='ocrx_word' id='word_1_461' title='bbox 776 3277 917 3312; x_wconf 86' lang='lat' dir='ltr'>Ecclesia</span> <span class='ocrx_word' id='word_1_462' title='bbox 931 3278 1058 3321; x_wconf 86' lang='lat' dir='ltr'>perierit</span> <span class='ocrx_word' id='word_1_463' title='bbox 1079 3303 1092 3320; x_wconf 93' lang='lat'>‚</span> 
     </span>
     <span class='ocr_line' id='line_1_74' title="bbox 317 3324 748 3370; baseline 0.005 -13"><span class='ocrx_word' id='word_1_464' title='bbox 317 3324 424 3365; x_wconf 73' lang='lat' dir='ltr'>Christ.</span> <span class='ocrx_word' id='word_1_465' title='bbox 436 3328 515 3370; x_wconf 79' lang='lat' dir='ltr'>Lupi</span> <span class='ocrx_word' id='word_1_466' title='bbox 527 3330 624 3370; x_wconf 81' lang='lat' dir='ltr'>Opera</span> <span class='ocrx_word' id='word_1_467' title='bbox 642 3329 675 3358; x_wconf 84' lang='lat' dir='ltr'>T.</span> <span class='ocrx_word' id='word_1_468' title='bbox 690 3329 748 3359; x_wconf 82' lang='lat' dir='ltr'>IX.</span> 
     </span>
    </p>
   </div>
   <div class='ocr_carea' id='block_1_13' title="bbox 1142 96 1955 159">
    <p class='ocr_par' dir='ltr' id='par_1_14' title="bbox 1142 96 1955 159">
     <span class='ocr_line' id='line_1_75' title="bbox 1142 96 1955 159; baseline -0.001 -12"><span class='ocrx_word' id='word_1_469' title='bbox 1142 97 1163 147; x_wconf 76' lang='lat' dir='ltr'>i</span> <span class='ocrx_word' id='word_1_470' title='bbox 1231 114 1254 147; x_wconf 87' lang='lat' dir='ltr'>s</span> <span class='ocrx_word' id='word_1_471' title='bbox 1366 96 1575 147; x_wconf 88' lang='lat' dir='ltr'>XXIX.</span> <span class='ocrx_word' id='word_1_472' title='bbox 1854 112 1955 159; x_wconf 84' lang='lat'>239</span> 
     </span>
    </p>
   </div>
   <div class='ocr_carea' id='block_1_14' title="bbox 1138 181 2021 482">
    <p class='ocr_par' dir='ltr' id='par_1_15' title="bbox 1138 181 2021 482">
     <span class='ocr_line' id='line_1_76' title="bbox 1139 181 2018 230; baseline -0.003 -10"><span class='ocrx_word' id='word_1_473' title='bbox 1139 184 1235 230; x_wconf 85' lang='lat' dir='ltr'>periit</span> <span class='ocrx_word' id='word_1_474' title='bbox 1260 185 1295 220; x_wconf 77' lang='grc' dir='ltr'>δε</span> <span class='ocrx_word' id='word_1_475' title='bbox 1316 192 1407 224; x_wconf 87' lang='lat' dir='ltr'>tota,</span> <span class='ocrx_word' id='word_1_476' title='bbox 1435 183 1501 216; x_wconf 84' lang='lat' dir='ltr'>sine</span> <span class='ocrx_word' id='word_1_477' title='bbox 1526 191 1593 226; x_wconf 88' lang='lat' dir='ltr'>qua</span> <span class='ocrx_word' id='word_1_478' title='bbox 1618 181 1748 219; x_wconf 86' lang='lat' dir='ltr'>nullum</span> <span class='ocrx_word' id='word_1_479' title='bbox 1771 185 2018 222; x_wconf 84' lang='lat' dir='ltr'>Sacramentum</span> 
     </span>
     <span class='ocr_line' id='line_1_77' title="bbox 1138 233 2020 280; baseline -0.005 -9"><span class='ocrx_word' id='word_1_480' title='bbox 1138 235 1264 280; x_wconf 84' lang='lat' dir='ltr'>operari</span> <span class='ocrx_word' id='word_1_481' title='bbox 1284 234 1390 278; x_wconf 86' lang='lat' dir='ltr'>potest</span> <span class='ocrx_word' id='word_1_482' title='bbox 1404 257 1415 272; x_wconf 96' lang='lat'>‚</span> <span class='ocrx_word' id='word_1_483' title='bbox 1441 233 1640 267; x_wconf 76' lang='lat' dir='ltr'>Sanctorum</span> <span class='ocrx_word' id='word_1_484' title='bbox 1663 233 1894 277; x_wconf 86' lang='lat' dir='ltr'>Communio,</span> <span class='ocrx_word' id='word_1_485' title='bbox 1918 245 2020 279; x_wconf 83' lang='lat' dir='ltr'>atque</span> 
     </span>
     <span class='ocr_line' id='line_1_78' title="bbox 1139 282 2021 326; baseline -0.003 -6"><span class='ocrx_word' id='word_1_486' title='bbox 1139 286 1184 322; x_wconf 89' lang='lat' dir='ltr'>ita</span> <span class='ocrx_word' id='word_1_487' title='bbox 1195 294 1312 320; x_wconf 86' lang='lat' dir='ltr'>omnes</span> <span class='ocrx_word' id='word_1_488' title='bbox 1324 283 1376 318; x_wconf 83' lang='lat' dir='ltr'>isti</span> <span class='ocrx_word' id='word_1_489' title='bbox 1390 282 1540 317; x_wconf 67' lang='lat' dir='ltr'>Ecclesia</span> <span class='ocrx_word' id='word_1_490' title='bbox 1550 289 1753 326; x_wconf 83' lang='lat' dir='ltr'>reparatores</span> <span class='ocrx_word' id='word_1_491' title='bbox 1763 293 1805 316; x_wconf 85' lang='lat' dir='ltr'>ex</span> <span class='ocrx_word' id='word_1_492' title='bbox 1815 285 1905 319; x_wconf 79' lang='lat' dir='ltr'>sacro</span> <span class='ocrx_word' id='word_1_493' title='bbox 1924 283 2021 320; x_wconf 89' lang='lat' dir='ltr'>Chri·</span> 
     </span>
     <span class='ocr_line' id='line_1_79' title="bbox 1139 332 2021 377; baseline -0.002 -7"><span class='ocrx_word' id='word_1_494' title='bbox 1139 336 1178 370; x_wconf 88' lang='lat' dir='ltr'>sti</span> <span class='ocrx_word' id='word_1_495' title='bbox 1191 332 1334 370; x_wconf 86' lang='lat' dir='ltr'>Domini</span> <span class='ocrx_word' id='word_1_496' title='bbox 1346 335 1441 369; x_wconf 89' lang='lat' dir='ltr'>fonte</span> <span class='ocrx_word' id='word_1_497' title='bbox 1458 332 1609 377; x_wconf 69' lang='lat' dir='ltr'>prodiisse</span> <span class='ocrx_word' id='word_1_498' title='bbox 1619 342 1689 366; x_wconf 86' lang='lat' dir='ltr'>non</span> <span class='ocrx_word' id='word_1_499' title='bbox 1704 332 1836 375; x_wconf 78' lang='lat' dir='ltr'>possunt</span> <span class='ocrx_word' id='word_1_500' title='bbox 1847 356 1860 372; x_wconf 91' lang='lat'>,</span> <span class='ocrx_word' id='word_1_501' title='bbox 1886 333 1941 367; x_wconf 84' lang='lat' dir='ltr'>sed</span> <span class='ocrx_word' id='word_1_502' title='bbox 1966 334 2021 368; x_wconf 86' lang='lat' dir='ltr'>de-</span> 
     </span>
     <span class='ocr_line' id='line_1_80' title="bbox 1140 380 2020 430; baseline -0.005 -10"><span class='ocrx_word' id='word_1_503' title='bbox 1140 386 1219 421; x_wconf 86' lang='lat' dir='ltr'>bent</span> <span class='ocrx_word' id='word_1_504' title='bbox 1231 397 1274 420; x_wconf 85' lang='lat' dir='ltr'>ex</span> <span class='ocrx_word' id='word_1_505' title='bbox 1285 384 1391 420; x_wconf 88' lang='lat' dir='ltr'>humo</span> <span class='ocrx_word' id='word_1_506' title='bbox 1415 394 1474 420; x_wconf 88' lang='lat' dir='ltr'>aut</span> <span class='ocrx_word' id='word_1_507' title='bbox 1482 382 1564 420; x_wconf 83' lang='lat' dir='ltr'>mari</span> <span class='ocrx_word' id='word_1_508' title='bbox 1579 380 1798 430; x_wconf 76' lang='lat' dir='ltr'>germinasse,</span> <span class='ocrx_word' id='word_1_509' title='bbox 1824 382 1955 419; x_wconf 79' lang='lat' dir='ltr'>auteffe</span> <span class='ocrx_word' id='word_1_510' title='bbox 1977 382 2020 417; x_wconf 85' lang='lat' dir='ltr'>la-</span> 
     </span>
     <span class='ocr_line' id='line_1_81' title="bbox 1141 435 1370 482; baseline -0.004 -12"><span class='ocrx_word' id='word_1_511' title='bbox 1141 437 1183 482; x_wconf 83' lang='lat' dir='ltr'>psi</span> <span class='ocrx_word' id='word_1_512' title='bbox 1195 435 1237 472; x_wconf 85' lang='lat' dir='ltr'>de</span> <span class='ocrx_word' id='word_1_513' title='bbox 1253 435 1347 471; x_wconf 87' lang='lat' dir='ltr'>coelis</span> <span class='ocrx_word' id='word_1_514' title='bbox 1360 458 1370 469; x_wconf 91' lang='lat'>.</span> 
     </span>
    </p>
   </div>
   <div class='ocr_carea' id='block_1_15' title="bbox 1185 609 1974 757">
    <p class='ocr_par' dir='ltr' id='par_1_16' title="bbox 1185 609 1974 757">
     <span class='ocr_line' id='line_1_82' title="bbox 1185 609 1974 684; baseline -0.005 -20"><span class='ocrx_word' id='word_1_515' title='bbox 1185 613 1328 666; x_wconf 65' lang='lat' dir='ltr'>Interea</span> <span class='ocrx_word' id='word_1_516' title='bbox 1359 612 1561 684; x_wconf 71' lang='lat' dir='ltr'>perper-cim</span> <span class='ocrx_word' id='word_1_517' title='bbox 1598 612 1771 682; x_wconf 75' lang='lat' dir='ltr'>evangeli</span> <span class='ocrx_word' id='word_1_518' title='bbox 1779 609 1946 673; x_wconf 44' lang='lat' dir='ltr'>(abatur</span> <span class='ocrx_word' id='word_1_519' title='bbox 1959 645 1974 672; x_wconf 86' lang='lat'>‚</span> 
     </span>
     <span class='ocr_line' id='line_1_83' title="bbox 1286 684 1873 757; baseline -0.005 -24"><span class='ocrx_word' id='word_1_520' title='bbox 1286 684 1487 757; x_wconf 54' lang='lat' dir='ltr'>perperam</span> <span class='ocrx_word' id='word_1_521' title='bbox 1509 684 1747 746; x_wconf 77' lang='lat' dir='ltr'>credebatur,</span> <span class='ocrx_word' id='word_1_522' title='bbox 1779 688 1873 741; x_wconf 63' lang='lat' dir='ltr'>&amp;a</span> 
     </span>
    </p>
   </div>
   <div class='ocr_carea' id='block_1_16' title="bbox 1144 884 2075 2923">
    <p class='ocr_par' dir='ltr' id='par_1_17' title="bbox 1144 884 2075 2923">
     <span class='ocr_line' id='line_1_84' title="bbox 1193 884 2026 933; baseline -0.001 -13"><span class='ocrx_word' id='word_1_523' title='bbox 1193 884 1321 922; x_wconf 73' lang='lat' dir='ltr'>Dostor</span> <span class='ocrx_word' id='word_1_524' title='bbox 1339 885 1623 933; x_wconf 81' lang='lat' dir='ltr'>propositionem,</span> <span class='ocrx_word' id='word_1_525' title='bbox 1646 896 1750 932; x_wconf 82' lang='lat' dir='ltr'>quam</span> <span class='ocrx_word' id='word_1_526' title='bbox 1773 885 1875 933; x_wconf 85' lang='lat' dir='ltr'>gratis</span> <span class='ocrx_word' id='word_1_527' title='bbox 1894 884 2026 921; x_wconf 74' lang='lat' dir='ltr'>transire</span> 
     </span>
     <span class='ocr_line' id='line_1_85' title="bbox 1144 933 2028 982; baseline -0.001 -13"><span class='ocrx_word' id='word_1_528' title='bbox 1144 935 1352 980; x_wconf 84' lang='lat' dir='ltr'>permiserat,</span> <span class='ocrx_word' id='word_1_529' title='bbox 1376 938 1444 982; x_wconf 80' lang='lat' dir='ltr'>jam</span> <span class='ocrx_word' id='word_1_530' title='bbox 1455 947 1605 974; x_wconf 84' lang='lat' dir='ltr'>revocat.</span> <span class='ocrx_word' id='word_1_531' title='bbox 1630 934 1787 973; x_wconf 79' lang='lat' dir='ltr'>Affirmat</span> <span class='ocrx_word' id='word_1_532' title='bbox 1798 938 1863 973; x_wconf 77' lang='lat' dir='ltr'>effe</span> <span class='ocrx_word' id='word_1_533' title='bbox 1886 933 2028 981; x_wconf 70' lang='lat' dir='ltr'>impossi-</span> 
     </span>
     <span class='ocr_line' id='line_1_86' title="bbox 1145 984 2025 1034; baseline 0.002 -16"><span class='ocrx_word' id='word_1_534' title='bbox 1145 984 1208 1019; x_wconf 88' lang='lat' dir='ltr'>bile</span> <span class='ocrx_word' id='word_1_535' title='bbox 1221 1009 1233 1028; x_wconf 91' lang='lat'>‚</span> <span class='ocrx_word' id='word_1_536' title='bbox 1257 997 1294 1022; x_wconf 86' lang='lat' dir='ltr'>ut</span> <span class='ocrx_word' id='word_1_537' title='bbox 1305 987 1347 1022; x_wconf 89' lang='lat' dir='ltr'>ab</span> <span class='ocrx_word' id='word_1_538' title='bbox 1357 986 1557 1032; x_wconf 79' lang='lat' dir='ltr'>Apostolicae</span> <span class='ocrx_word' id='word_1_539' title='bbox 1569 984 1808 1034; x_wconf 63' lang='lat' dir='ltr'>predicationis</span> <span class='ocrx_word' id='word_1_540' title='bbox 1820 984 1958 1022; x_wconf 82' lang='lat' dir='ltr'>exordio</span> <span class='ocrx_word' id='word_1_541' title='bbox 1972 986 2025 1020; x_wconf 86' lang='lat' dir='ltr'>us-</span> 
     </span>
     <span class='ocr_line' id='line_1_87' title="bbox 1144 1034 2075 1078; baseline -0.001 -9"><span class='ocrx_word' id='word_1_542' title='bbox 1144 1046 1206 1078; x_wconf 87' lang='lat' dir='ltr'>que</span> <span class='ocrx_word' id='word_1_543' title='bbox 1227 1035 1269 1070; x_wconf 88' lang='lat' dir='ltr'>ad</span> <span class='ocrx_word' id='word_1_544' title='bbox 1288 1047 1422 1073; x_wconf 85' lang='lat' dir='ltr'>exortas</span> <span class='ocrx_word' id='word_1_545' title='bbox 1442 1036 1573 1073; x_wconf 80' lang='lat' dir='ltr'>haereses</span> <span class='ocrx_word' id='word_1_546' title='bbox 1596 1036 1697 1072; x_wconf 86' lang='lat' dir='ltr'>suerit</span> <span class='ocrx_word' id='word_1_547' title='bbox 1718 1045 1860 1072; x_wconf 88' lang='lat' dir='ltr'>erratum</span> <span class='ocrx_word' id='word_1_548' title='bbox 1874 1061 1883 1069; x_wconf 90' lang='lat'><strong>.</strong></span> <span class='ocrx_word' id='word_1_549' title='bbox 1914 1035 1958 1070; x_wconf 89' lang='lat' dir='ltr'>Et</span> <span class='ocrx_word' id='word_1_550' title='bbox 1971 1034 2030 1069; x_wconf 84' lang='lat' dir='ltr'>dar.</span> <span class='ocrx_word' id='word_1_551' title='bbox 2071 1053 2075 1058; x_wconf 91' lang='lat'><em>-</em></span> 
     </span>
     <span class='ocr_line' id='line_1_88' title="bbox 1144 1085 2030 1134; baseline -0.001 -15"><span class='ocrx_word' id='word_1_552' title='bbox 1144 1086 1274 1121; x_wconf 85' lang='lat' dir='ltr'>causam</span> <span class='ocrx_word' id='word_1_553' title='bbox 1287 1099 1299 1120; x_wconf 92' lang='lat'>.·</span> <span class='ocrx_word' id='word_1_554' title='bbox 1323 1087 1472 1134; x_wconf 83' lang='lat' dir='ltr'>Qiaest</span> <span class='ocrx_word' id='word_1_555' title='bbox 1483 1085 1700 1130; x_wconf 78' lang='lat' dir='ltr'>impoffibile‚</span> <span class='ocrx_word' id='word_1_556' title='bbox 1727 1096 1766 1122; x_wconf 89' lang='lat' dir='ltr'>ut</span> <span class='ocrx_word' id='word_1_557' title='bbox 1777 1096 1874 1122; x_wconf 84' lang='lat' dir='ltr'>tanto</span> <span class='ocrx_word' id='word_1_558' title='bbox 1898 1095 2030 1128; x_wconf 60' lang='lat' dir='ltr'>tempos</span> 
     </span>
     <span class='ocr_line' id='line_1_89' title="bbox 1145 1134 2029 1181; baseline -0.003 -12"><span class='ocrx_word' id='word_1_559' title='bbox 1145 1146 1178 1169; x_wconf 89' lang='lat' dir='ltr'>re</span> <span class='ocrx_word' id='word_1_560' title='bbox 1190 1136 1289 1170; x_wconf 91' lang='lat' dir='ltr'>fuerit</span> <span class='ocrx_word' id='word_1_561' title='bbox 1304 1135 1471 1181; x_wconf 65' lang='lat' dir='ltr'>perperim</span> <span class='ocrx_word' id='word_1_562' title='bbox 1481 1135 1744 1180; x_wconf 81' lang='lat' dir='ltr'>evangelizatum</span> <span class='ocrx_word' id='word_1_563' title='bbox 1772 1145 1830 1170; x_wconf 85' lang='lat' dir='ltr'>aut</span> <span class='ocrx_word' id='word_1_564' title='bbox 1844 1134 2007 1170; x_wconf 87' lang='lat' dir='ltr'>creditum</span> <span class='ocrx_word' id='word_1_565' title='bbox 2019 1157 2029 1166; x_wconf 89' lang='lat'><strong>.</strong></span> 
     </span>
     <span class='ocr_line' id='line_1_90' title="bbox 1146 1182 2032 1231; baseline 0 -13"><span class='ocrx_word' id='word_1_566' title='bbox 1146 1184 1191 1219; x_wconf 85' lang='lat' dir='ltr'>Et</span> <span class='ocrx_word' id='word_1_567' title='bbox 1217 1184 1282 1219; x_wconf 88' lang='lat' dir='ltr'>hoc</span> <span class='ocrx_word' id='word_1_568' title='bbox 1297 1186 1399 1221; x_wconf 86' lang='lat' dir='ltr'>etiam</span> <span class='ocrx_word' id='word_1_569' title='bbox 1424 1185 1543 1231; x_wconf 85' lang='lat' dir='ltr'>probat</span> <span class='ocrx_word' id='word_1_570' title='bbox 1553 1196 1610 1229; x_wconf 85' lang='lat' dir='ltr'>per</span> <span class='ocrx_word' id='word_1_571' title='bbox 1620 1187 1709 1220; x_wconf 86' lang='lat' dir='ltr'>varia</span> <span class='ocrx_word' id='word_1_572' title='bbox 1722 1182 1830 1220; x_wconf 87' lang='lat' dir='ltr'>media</span> <span class='ocrx_word' id='word_1_573' title='bbox 1840 1209 1848 1217; x_wconf 91' lang='lat'><strong>.</strong></span> <span class='ocrx_word' id='word_1_574' title='bbox 1877 1183 2032 1218; x_wconf 86' lang='lat' dir='ltr'>Primum</span> 
     </span>
     <span class='ocr_line' id='line_1_91' title="bbox 1146 1233 2034 1280; baseline -0.003 -10"><span class='ocrx_word' id='word_1_575' title='bbox 1146 1235 1191 1270; x_wconf 86' lang='lat' dir='ltr'>est</span> <span class='ocrx_word' id='word_1_576' title='bbox 1215 1247 1224 1268; x_wconf 74' lang='grc' dir='ltr'>ι</span> <span class='ocrx_word' id='word_1_577' title='bbox 1248 1237 1305 1270; x_wconf 79' lang='lat' dir='ltr'>Tot</span> <span class='ocrx_word' id='word_1_578' title='bbox 1329 1235 1427 1270; x_wconf 82' lang='lat' dir='ltr'>miliia</span> <span class='ocrx_word' id='word_1_579' title='bbox 1450 1235 1579 1269; x_wconf 67' lang='lat' dir='ltr'>mnium</span> <span class='ocrx_word' id='word_1_580' title='bbox 1600 1236 1766 1278; x_wconf 81' lang='lat' dir='ltr'>perpeer</span> <span class='ocrx_word' id='word_1_581' title='bbox 1790 1233 1887 1268; x_wconf 71' lang='lat' dir='ltr'>tin8a</span> <span class='ocrx_word' id='word_1_582' title='bbox 1901 1257 1912 1265; x_wconf 86' lang='lat'>.</span> <span class='ocrx_word' id='word_1_583' title='bbox 1938 1233 2034 1280; x_wconf 74' lang='lat' dir='ltr'>Qia</span> 
     </span>
     <span class='ocr_line' id='line_1_92' title="bbox 1148 1283 2032 1330; baseline -0.003 -11"><span class='ocrx_word' id='word_1_584' title='bbox 1148 1284 1286 1330; x_wconf 73' lang='lat' dir='ltr'>nempe,</span> <span class='ocrx_word' id='word_1_585' title='bbox 1312 1285 1337 1320; x_wconf 87' lang='lat' dir='ltr'>si</span> <span class='ocrx_word' id='word_1_586' title='bbox 1348 1294 1429 1322; x_wconf 86' lang='lat' dir='ltr'>tune</span> <span class='ocrx_word' id='word_1_587' title='bbox 1439 1297 1509 1321; x_wconf 77' lang='lat' dir='ltr'>nou</span> <span class='ocrx_word' id='word_1_588' title='bbox 1522 1284 1619 1321; x_wconf 85' lang='lat' dir='ltr'>fuerit</span> <span class='ocrx_word' id='word_1_589' title='bbox 1635 1286 1717 1319; x_wconf 70' lang='lat' dir='ltr'>resia</span> <span class='ocrx_word' id='word_1_590' title='bbox 1737 1283 1817 1319; x_wconf 85' lang='lat' dir='ltr'>sides</span> <span class='ocrx_word' id='word_1_591' title='bbox 1830 1307 1842 1325; x_wconf 89' lang='lat'><strong>,</strong></span> <span class='ocrx_word' id='word_1_592' title='bbox 1868 1294 1930 1319; x_wconf 91' lang='lat' dir='ltr'>nec</span> <span class='ocrx_word' id='word_1_593' title='bbox 1955 1293 2032 1317; x_wconf 86' lang='lat' dir='ltr'>vera</span> 
     </span>
     <span class='ocr_line' id='line_1_93' title="bbox 1146 1333 2031 1378; baseline -0.002 -11"><span class='ocrx_word' id='word_1_594' title='bbox 1146 1333 1210 1370; x_wconf 88' lang='lat' dir='ltr'>fuit</span> <span class='ocrx_word' id='word_1_595' title='bbox 1219 1334 1386 1376; x_wconf 82' lang='lat' dir='ltr'>Ecclesia,</span> <span class='ocrx_word' id='word_1_596' title='bbox 1409 1335 1562 1378; x_wconf 88' lang='lat' dir='ltr'>adeoque</span> <span class='ocrx_word' id='word_1_597' title='bbox 1586 1346 1649 1369; x_wconf 85' lang='lat' dir='ltr'>nec</span> <span class='ocrx_word' id='word_1_598' title='bbox 1675 1334 1872 1369; x_wconf 67' lang='lat' dir='ltr'>Sanctorum</span> <span class='ocrx_word' id='word_1_599' title='bbox 1882 1341 2031 1368; x_wconf 86' lang='lat' dir='ltr'>commu-</span> 
     </span>
     <span class='ocr_line' id='line_1_94' title="bbox 1149 1381 2034 1429; baseline -0.003 -10"><span class='ocrx_word' id='word_1_600' title='bbox 1149 1384 1232 1419; x_wconf 81' lang='lat' dir='ltr'>nio.-</span> <span class='ocrx_word' id='word_1_601' title='bbox 1259 1384 1307 1419; x_wconf 78' lang='lat' dir='ltr'>Et</span> <span class='ocrx_word' id='word_1_602' title='bbox 1330 1385 1373 1420; x_wconf 84' lang='lat' dir='ltr'>sic</span> <span class='ocrx_word' id='word_1_603' title='bbox 1394 1383 1608 1429; x_wconf 84' lang='lat' dir='ltr'>Baptismatis</span> <span class='ocrx_word' id='word_1_604' title='bbox 1617 1385 1829 1419; x_wconf 85' lang='lat' dir='ltr'>Sacramento</span> <span class='ocrx_word' id='word_1_605' title='bbox 1853 1381 1959 1417; x_wconf 85' lang='lat' dir='ltr'>defuit</span> <span class='ocrx_word' id='word_1_606' title='bbox 1978 1391 2034 1416; x_wconf 84' lang='lat' dir='ltr'>ne-</span> 
     </span>
     <span class='ocr_line' id='line_1_95' title="bbox 1148 1431 2034 1479; baseline -0.003 -11"><span class='ocrx_word' id='word_1_607' title='bbox 1148 1433 1320 1469; x_wconf 74' lang='lat' dir='ltr'>cessarium</span> <span class='ocrx_word' id='word_1_608' title='bbox 1330 1434 1533 1479; x_wconf 77' lang='lat' dir='ltr'>adiutorium</span> <span class='ocrx_word' id='word_1_609' title='bbox 1543 1458 1556 1474; x_wconf 93' lang='lat'>,</span> <span class='ocrx_word' id='word_1_610' title='bbox 1585 1432 1791 1478; x_wconf 85' lang='lat' dir='ltr'>proindeque</span> <span class='ocrx_word' id='word_1_611' title='bbox 1802 1442 1904 1468; x_wconf 89' lang='lat' dir='ltr'>nemo</span> <span class='ocrx_word' id='word_1_612' title='bbox 1918 1442 1974 1476; x_wconf 88' lang='lat' dir='ltr'>pet</span> <span class='ocrx_word' id='word_1_613' title='bbox 1984 1431 1994 1466; x_wconf 90' lang='lat' dir='ltr'>i</span> <span class='ocrx_word' id='word_1_614' title='bbox 1997 1442 2034 1475; x_wconf 88' lang='lat' dir='ltr'>p-</span> 
     </span>
     <span class='ocr_line' id='line_1_96' title="bbox 1149 1483 2032 1528; baseline -0.003 -11"><span class='ocrx_word' id='word_1_615' title='bbox 1149 1484 1220 1518; x_wconf 89' lang='lat' dir='ltr'>sum</span> <span class='ocrx_word' id='word_1_616' title='bbox 1244 1484 1355 1527; x_wconf 84' lang='lat' dir='ltr'>potuit</span> <span class='ocrx_word' id='word_1_617' title='bbox 1382 1484 1420 1519; x_wconf 84' lang='lat' dir='ltr'>in</span> <span class='ocrx_word' id='word_1_618' title='bbox 1443 1485 1511 1520; x_wconf 85' lang='lat' dir='ltr'>Dei</span> <span class='ocrx_word' id='word_1_619' title='bbox 1523 1483 1649 1519; x_wconf 87' lang='lat' dir='ltr'>Filium</span> <span class='ocrx_word' id='word_1_620' title='bbox 1674 1483 1878 1528; x_wconf 86' lang='lat' dir='ltr'>regenerari.</span> <span class='ocrx_word' id='word_1_621' title='bbox 1901 1483 2032 1518; x_wconf 88' lang='lat' dir='ltr'>Omnes</span> 
     </span>
     <span class='ocr_line' id='line_1_97' title="bbox 1149 1530 2036 1577; baseline -0.003 -10"><span class='ocrx_word' id='word_1_622' title='bbox 1149 1534 1282 1567; x_wconf 80' lang='lat' dir='ltr'>fuerunt</span> <span class='ocrx_word' id='word_1_623' title='bbox 1300 1533 1467 1577; x_wconf 68' lang='lat' dir='ltr'>perperam</span> <span class='ocrx_word' id='word_1_624' title='bbox 1490 1533 1578 1567; x_wconf 81' lang='lat' dir='ltr'>acin</span> <span class='ocrx_word' id='word_1_625' title='bbox 1599 1543 1740 1567; x_wconf 80' lang='lat' dir='ltr'>vacuum</span> <span class='ocrx_word' id='word_1_626' title='bbox 1751 1530 1911 1576; x_wconf 78' lang='lat' dir='ltr'>baptizati</span> <span class='ocrx_word' id='word_1_627' title='bbox 1926 1556 1936 1564; x_wconf 87' lang='lat'><strong>.</strong></span> <span class='ocrx_word' id='word_1_628' title='bbox 1961 1530 2036 1565; x_wconf 92' lang='lat' dir='ltr'>Do-</span> 
     </span>
     <span class='ocr_line' id='line_1_98' title="bbox 1149 1580 2037 1625; baseline -0.001 -9"><span class='ocrx_word' id='word_1_629' title='bbox 1149 1583 1219 1616; x_wconf 70' lang='lat' dir='ltr'>stor</span> <span class='ocrx_word' id='word_1_630' title='bbox 1227 1583 1403 1617; x_wconf 82' lang='lat' dir='ltr'>confirmat</span> <span class='ocrx_word' id='word_1_631' title='bbox 1428 1582 1496 1625; x_wconf 80' lang='lat' dir='ltr'>jam</span> <span class='ocrx_word' id='word_1_632' title='bbox 1522 1580 1689 1617; x_wconf 88' lang='lat' dir='ltr'>laudatam</span> <span class='ocrx_word' id='word_1_633' title='bbox 1713 1580 1898 1618; x_wconf 64' lang='lat' dir='ltr'>doctrinam</span> <span class='ocrx_word' id='word_1_634' title='bbox 1922 1580 2037 1615; x_wconf 66' lang='lat' dir='ltr'>Sancti</span> 
     </span>
     <span class='ocr_line' id='line_1_99' title="bbox 1155 1629 2036 1677; baseline 0 -13"><span class='ocrx_word' id='word_1_635' title='bbox 1155 1630 1333 1677; x_wconf 76' lang='lat' dir='ltr'>Augustini</span> <span class='ocrx_word' id='word_1_636' title='bbox 1358 1656 1372 1674; x_wconf 87' lang='lat'>‚</span> <span class='ocrx_word' id='word_1_637' title='bbox 1396 1629 1531 1667; x_wconf 68' lang='lat' dir='ltr'>abunde</span> <span class='ocrx_word' id='word_1_638' title='bbox 1553 1631 1736 1676; x_wconf 82' lang='lat' dir='ltr'>expositam</span> <span class='ocrx_word' id='word_1_639' title='bbox 1761 1632 1797 1667; x_wconf 85' lang='lat' dir='ltr'>in</span> <span class='ocrx_word' id='word_1_640' title='bbox 1823 1629 1967 1666; x_wconf 78' lang='lat' dir='ltr'>scholiis</span> <span class='ocrx_word' id='word_1_641' title='bbox 1990 1629 2036 1665; x_wconf 91' lang='lat' dir='ltr'>ad</span> 
     </span>
     <span class='ocr_line' id='line_1_100' title="bbox 1151 1679 2039 1726; baseline 0 -11"><span class='ocrx_word' id='word_1_642' title='bbox 1151 1679 1323 1717; x_wconf 71' lang='lat' dir='ltr'>Distatum</span> <span class='ocrx_word' id='word_1_643' title='bbox 1334 1682 1444 1718; x_wconf 67' lang='lat' dir='ltr'>sanai</span> <span class='ocrx_word' id='word_1_644' title='bbox 1456 1682 1613 1726; x_wconf 82' lang='lat' dir='ltr'>Gregorii</span> <span class='ocrx_word' id='word_1_645' title='bbox 1625 1681 1762 1726; x_wconf 79' lang='lat' dir='ltr'>septimi.</span> <span class='ocrx_word' id='word_1_646' title='bbox 1787 1681 1917 1718; x_wconf 66' lang='lat' dir='ltr'>Dostor</span> <span class='ocrx_word' id='word_1_647' title='bbox 1926 1681 2039 1724; x_wconf 87' lang='lat' dir='ltr'>loqui-</span> 
     </span>
     <span class='ocr_line' id='line_1_101' title="bbox 1153 1729 2038 1776; baseline 0 -11"><span class='ocrx_word' id='word_1_648' title='bbox 1153 1742 1205 1766; x_wconf 88' lang='lat' dir='ltr'>tur</span> <span class='ocrx_word' id='word_1_649' title='bbox 1223 1742 1266 1766; x_wconf 74' lang='lat' dir='ltr'>ex</span> <span class='ocrx_word' id='word_1_650' title='bbox 1287 1732 1387 1775; x_wconf 88' lang='lat' dir='ltr'>priori</span> <span class='ocrx_word' id='word_1_651' title='bbox 1413 1731 1456 1767; x_wconf 83' lang='lat' dir='ltr'>ad</span> <span class='ocrx_word' id='word_1_652' title='bbox 1468 1729 1665 1767; x_wconf 69' lang='lat' dir='ltr'>Corinthios</span> <span class='ocrx_word' id='word_1_653' title='bbox 1681 1730 1844 1776; x_wconf 76' lang='lat' dir='ltr'>epistola:</span> <span class='ocrx_word' id='word_1_654' title='bbox 1868 1733 1901 1765; x_wconf 73' lang='lat' dir='ltr'>Si</span> <span class='ocrx_word' id='word_1_655' title='bbox 1920 1732 2038 1776; x_wconf 77' lang='lat' dir='ltr'>linguis</span> 
     </span>
     <span class='ocr_line' id='line_1_102' title="bbox 1152 1779 2041 1825; baseline 0 -10"><span class='ocrx_word' id='word_1_656' title='bbox 1152 1779 1304 1815; x_wconf 82' lang='lat' dir='ltr'>bominum</span> <span class='ocrx_word' id='word_1_657' title='bbox 1322 1782 1424 1825; x_wconf 79' lang='lat' dir='ltr'>loquar</span> <span class='ocrx_word' id='word_1_658' title='bbox 1450 1782 1487 1816; x_wconf 65' lang='grc' dir='ltr'><em>θ</em></span> <span class='ocrx_word' id='word_1_659' title='bbox 1506 1781 1709 1825; x_wconf 64' lang='lat' dir='ltr'>Angelorum,</span> <span class='ocrx_word' id='word_1_660' title='bbox 1731 1779 1911 1815; x_wconf 64' lang='lat' dir='ltr'>charitatem</span> <span class='ocrx_word' id='word_1_661' title='bbox 1935 1790 2041 1815; x_wconf 73' lang='lat' dir='ltr'>auten·</span> 
     </span>
     <span class='ocr_line' id='line_1_103' title="bbox 1152 1827 2042 1874; baseline 0.002 -11"><span class='ocrx_word' id='word_1_662' title='bbox 1152 1842 1211 1864; x_wconf 85' lang='lat' dir='ltr'>non</span> <span class='ocrx_word' id='word_1_663' title='bbox 1221 1829 1370 1872; x_wconf 69' lang='lat' dir='ltr'>babeam,</span> <span class='ocrx_word' id='word_1_664' title='bbox 1388 1829 1668 1874; x_wconf 56' lang='lat' dir='ltr'>fadassur-volu</span> <span class='ocrx_word' id='word_1_665' title='bbox 1690 1841 1736 1864; x_wconf 80' lang='lat' dir='ltr'>aes</span> <span class='ocrx_word' id='word_1_666' title='bbox 1744 1827 1858 1873; x_wconf 65' lang='lat' dir='ltr'>sonans</span> <span class='ocrx_word' id='word_1_667' title='bbox 1884 1840 1940 1864; x_wconf 80' lang='lat' dir='ltr'>aut</span> <span class='ocrx_word' id='word_1_668' title='bbox 1963 1842 2042 1870; x_wconf 64' lang='lat' dir='ltr'>eym-</span> 
     </span>
     <span class='ocr_line' id='line_1_104' title="bbox 1152 1878 2042 1923; baseline 0.001 -9"><span class='ocrx_word' id='word_1_669' title='bbox 1152 1880 1252 1914; x_wconf 82' lang='lat' dir='ltr'>balum</span> <span class='ocrx_word' id='word_1_670' title='bbox 1261 1885 1414 1915; x_wconf 78' lang='lat' dir='ltr'>tinniens.</span> <span class='ocrx_word' id='word_1_671' title='bbox 1433 1878 1518 1920; x_wconf 68' lang='lat' dir='ltr'>Btfi</span> <span class='ocrx_word' id='word_1_672' title='bbox 1539 1879 1671 1918; x_wconf 64' lang='lat' dir='ltr'>bobum</span> <span class='ocrx_word' id='word_1_673' title='bbox 1690 1878 1903 1923; x_wconf 80' lang='lat' dir='ltr'>prophetiam,</span> <span class='ocrx_word' id='word_1_674' title='bbox 1929 1882 1966 1915; x_wconf 63' lang='grc' dir='ltr'><em>Θ</em></span> <span class='ocrx_word' id='word_1_675' title='bbox 1987 1892 2042 1915; x_wconf 85' lang='lat' dir='ltr'>no-</span> 
     </span>
     <span class='ocr_line' id='line_1_105' title="bbox 1152 1928 2042 1973; baseline 0 -8"><span class='ocrx_word' id='word_1_676' title='bbox 1152 1934 1249 1965; x_wconf 73' lang='lat' dir='ltr'>verim</span> <span class='ocrx_word' id='word_1_677' title='bbox 1271 1929 1405 1971; x_wconf 68' lang='lat' dir='ltr'>mysteria</span> <span class='ocrx_word' id='word_1_678' title='bbox 1426 1935 1550 1973; x_wconf 78' lang='lat' dir='ltr'>omnia,</span> <span class='ocrx_word' id='word_1_679' title='bbox 1573 1931 1611 1966; x_wconf 75' lang='grc'>6·</span> <span class='ocrx_word' id='word_1_680' title='bbox 1628 1928 1933 1972; x_wconf 68' lang='lat' dir='ltr'>aunensi-tentiam,</span> <span class='ocrx_word' id='word_1_681' title='bbox 1960 1932 1999 1965; x_wconf 69' lang='lat' dir='ltr'>er</span> <span class='ocrx_word' id='word_1_682' title='bbox 2010 1928 2042 1973; x_wconf 70' lang='lat' dir='ltr'><em>fi</em></span> 
     </span>
     <span class='ocr_line' id='line_1_106' title="bbox 1152 1979 2036 2024; baseline -0.002 -10"><span class='ocrx_word' id='word_1_683' title='bbox 1152 1979 1284 2014; x_wconf 80' lang='lat' dir='ltr'>habuero</span> <span class='ocrx_word' id='word_1_684' title='bbox 1303 1991 1418 2015; x_wconf 76' lang='lat' dir='ltr'>ornnem</span> <span class='ocrx_word' id='word_1_685' title='bbox 1437 1979 1553 2022; x_wconf 64' lang='lat' dir='ltr'>fidam,</span> <span class='ocrx_word' id='word_1_686' title='bbox 1576 1984 1626 2013; x_wconf 77' lang='lat' dir='ltr'>ita</span> <span class='ocrx_word' id='word_1_687' title='bbox 1641 1987 1678 2012; x_wconf 75' lang='lat' dir='ltr'>uo</span> <span class='ocrx_word' id='word_1_688' title='bbox 1697 1989 1811 2012; x_wconf 71' lang='lat' dir='ltr'>monte:</span> <span class='ocrx_word' id='word_1_689' title='bbox 1821 1980 2036 2024; x_wconf 77' lang='lat' dir='ltr'>transferam,</span> 
     </span>
     <span class='ocr_line' id='line_1_107' title="bbox 1153 2026 2040 2072; baseline 0.001 -10"><span class='ocrx_word' id='word_1_690' title='bbox 1153 2028 1333 2064; x_wconf 81' lang='lat' dir='ltr'>charitatem</span> <span class='ocrx_word' id='word_1_691' title='bbox 1350 2037 1524 2064; x_wconf 74' lang='lat' dir='ltr'>autemnon</span> <span class='ocrx_word' id='word_1_692' title='bbox 1545 2027 1673 2062; x_wconf 71' lang='lat' dir='ltr'>habuero</span> <span class='ocrx_word' id='word_1_693' title='bbox 1686 2051 1699 2067; x_wconf 85' lang='lat'>‚</span> <span class='ocrx_word' id='word_1_694' title='bbox 1723 2027 1805 2065; x_wconf 73' lang='lat' dir='ltr'>nibil</span> <span class='ocrx_word' id='word_1_695' title='bbox 1822 2026 1912 2072; x_wconf 80' lang='lat' dir='ltr'>sum.</span> <span class='ocrx_word' id='word_1_696' title='bbox 1943 2032 1991 2063; x_wconf 75' lang='lat' dir='ltr'>Ee</span> <span class='ocrx_word' id='word_1_697' title='bbox 2003 2027 2040 2072; x_wconf 70' lang='lat' dir='ltr'><strong><em>fi</em></strong></span> 
     </span>
     <span class='ocr_line' id='line_1_108' title="bbox 1153 2077 2039 2121; baseline 0.005 -10"><span class='ocrx_word' id='word_1_698' title='bbox 1153 2077 1320 2118; x_wconf 78' lang='lat' dir='ltr'>distribuero</span> <span class='ocrx_word' id='word_1_699' title='bbox 1329 2082 1363 2113; x_wconf 81' lang='lat' dir='ltr'>in</span> <span class='ocrx_word' id='word_1_700' title='bbox 1376 2078 1454 2114; x_wconf 80' lang='lat' dir='ltr'>cibos</span> <span class='ocrx_word' id='word_1_701' title='bbox 1461 2087 1630 2121; x_wconf 80' lang='lat' dir='ltr'>pauperum</span> <span class='ocrx_word' id='word_1_702' title='bbox 1640 2088 1743 2114; x_wconf 70' lang='lat' dir='ltr'>omnes</span> <span class='ocrx_word' id='word_1_703' title='bbox 1747 2077 1919 2120; x_wconf 69' lang='lat' dir='ltr'>facultates</span> <span class='ocrx_word' id='word_1_704' title='bbox 1927 2090 2011 2115; x_wconf 73' lang='lat' dir='ltr'>meas</span> <span class='ocrx_word' id='word_1_705' title='bbox 2023 2103 2039 2121; x_wconf 77' lang='lat'>‚</span> 
     </span>
     <span class='ocr_line' id='line_1_109' title="bbox 1153 2127 2037 2171; baseline 0 -8"><span class='ocrx_word' id='word_1_706' title='bbox 1153 2130 1188 2163; x_wconf 62' lang='lat'>&amp;³</span> <span class='ocrx_word' id='word_1_707' title='bbox 1195 2127 1227 2171; x_wconf 82' lang='lat' dir='ltr'><em>fi</em></span> <span class='ocrx_word' id='word_1_708' title='bbox 1233 2130 1384 2166; x_wconf 74' lang='lat' dir='ltr'>tradidero</span> <span class='ocrx_word' id='word_1_709' title='bbox 1391 2136 1495 2171; x_wconf 84' lang='lat' dir='ltr'>corpus</span> <span class='ocrx_word' id='word_1_710' title='bbox 1507 2138 1604 2162; x_wconf 68' lang='lat' dir='ltr'>noum</span> <span class='ocrx_word' id='word_1_711' title='bbox 1613 2151 1625 2169; x_wconf 88' lang='lat'><strong>,</strong></span> <span class='ocrx_word' id='word_1_712' title='bbox 1650 2132 1700 2161; x_wconf 78' lang='lat' dir='ltr'>ita</span> <span class='ocrx_word' id='word_1_713' title='bbox 1719 2135 1754 2163; x_wconf 78' lang='lat' dir='ltr'>ut</span> <span class='ocrx_word' id='word_1_714' title='bbox 1765 2128 1914 2169; x_wconf 66' lang='lat' dir='ltr'>ardeam,</span> <span class='ocrx_word' id='word_1_715' title='bbox 1937 2129 2037 2164; x_wconf 63' lang='lat' dir='ltr'>cbari-</span> 
     </span>
     <span class='ocr_line' id='line_1_110' title="bbox 1152 2175 2035 2221; baseline 0.005 -11"><span class='ocrx_word' id='word_1_716' title='bbox 1152 2185 1246 2214; x_wconf 78' lang='lat' dir='ltr'>tatem</span> <span class='ocrx_word' id='word_1_717' title='bbox 1265 2187 1365 2213; x_wconf 78' lang='lat' dir='ltr'>autem</span> <span class='ocrx_word' id='word_1_718' title='bbox 1386 2189 1444 2212; x_wconf 78' lang='lat' dir='ltr'>non</span> <span class='ocrx_word' id='word_1_719' title='bbox 1454 2177 1608 2220; x_wconf 79' lang='lat' dir='ltr'>habuero,</span> <span class='ocrx_word' id='word_1_720' title='bbox 1632 2175 1714 2211; x_wconf 75' lang='lat' dir='ltr'>nihii</span> <span class='ocrx_word' id='word_1_721' title='bbox 1731 2176 1932 2221; x_wconf 67' lang='lat' dir='ltr'>mihipradeff</span> <span class='ocrx_word' id='word_1_722' title='bbox 1944 2205 1953 2214; x_wconf 86' lang='lat'><em>.</em></span> <span class='ocrx_word' id='word_1_723' title='bbox 1980 2179 2035 2216; x_wconf 76' lang='lat' dir='ltr'>Ea.</span> 
     </span>
     <span class='ocr_line' id='line_1_111' title="bbox 1151 2226 2035 2272; baseline 0.005 -11"><span class='ocrx_word' id='word_1_724' title='bbox 1151 2228 1268 2263; x_wconf 88' lang='lat' dir='ltr'>omnia</span> <span class='ocrx_word' id='word_1_725' title='bbox 1292 2228 1459 2272; x_wconf 73' lang='lat' dir='ltr'>perperam</span> <span class='ocrx_word' id='word_1_726' title='bbox 1485 2226 1572 2263; x_wconf 81' lang='lat' dir='ltr'>facio</span> <span class='ocrx_word' id='word_1_727' title='bbox 1596 2250 1611 2269; x_wconf 87' lang='lat'>,</span> <span class='ocrx_word' id='word_1_728' title='bbox 1633 2226 1669 2262; x_wconf 74' lang='grc' dir='ltr'>δι</span> <span class='ocrx_word' id='word_1_729' title='bbox 1695 2226 1733 2265; x_wconf 85' lang='lat' dir='ltr'>in</span> <span class='ocrx_word' id='word_1_730' title='bbox 1759 2239 1899 2264; x_wconf 83' lang='lat' dir='ltr'>vacuum</span> <span class='ocrx_word' id='word_1_731' title='bbox 1921 2253 1930 2263; x_wconf 84' lang='lat'><strong>.</strong></span> <span class='ocrx_word' id='word_1_732' title='bbox 1958 2230 2035 2265; x_wconf 84' lang='lat' dir='ltr'>Nee</span> 
     </span>
     <span class='ocr_line' id='line_1_112' title="bbox 1151 2276 2034 2322; baseline 0.003 -10"><span class='ocrx_word' id='word_1_733' title='bbox 1151 2277 1240 2312; x_wconf 90' lang='lat' dir='ltr'>enim</span> <span class='ocrx_word' id='word_1_734' title='bbox 1253 2279 1375 2314; x_wconf 75' lang='lat' dir='ltr'>fruc‘icus</span> <span class='ocrx_word' id='word_1_735' title='bbox 1394 2277 1440 2312; x_wconf 83' lang='lat' dir='ltr'>est</span> <span class='ocrx_word' id='word_1_736' title='bbox 1453 2277 1559 2312; x_wconf 87' lang='lat' dir='ltr'>bonus</span> <span class='ocrx_word' id='word_1_737' title='bbox 1569 2302 1581 2318; x_wconf 88' lang='lat'><em>‚</em></span> <span class='ocrx_word' id='word_1_738' title='bbox 1605 2277 1663 2322; x_wconf 81' lang='lat' dir='ltr'>qui</span> <span class='ocrx_word' id='word_1_739' title='bbox 1673 2276 1717 2313; x_wconf 86' lang='lat' dir='ltr'>de</span> <span class='ocrx_word' id='word_1_740' title='bbox 1738 2278 1850 2313; x_wconf 85' lang='lat' dir='ltr'>radice</span> <span class='ocrx_word' id='word_1_741' title='bbox 1860 2278 2034 2316; x_wconf 82' lang='lat' dir='ltr'>charitatis</span> 
     </span>
     <span class='ocr_line' id='line_1_113' title="bbox 1152 2326 2034 2377; baseline 0.006 -17"><span class='ocrx_word' id='word_1_742' title='bbox 1152 2338 1221 2361; x_wconf 90' lang='lat' dir='ltr'>non</span> <span class='ocrx_word' id='word_1_743' title='bbox 1231 2328 1353 2372; x_wconf 86' lang='lat' dir='ltr'>surgit.</span> <span class='ocrx_word' id='word_1_744' title='bbox 1379 2326 1516 2377; x_wconf 82' lang='lat' dir='ltr'>Qaevis</span> <span class='ocrx_word' id='word_1_745' title='bbox 1529 2326 1623 2363; x_wconf 82' lang='lat' dir='ltr'>istam</span> <span class='ocrx_word' id='word_1_746' title='bbox 1634 2326 1779 2364; x_wconf 72' lang='lat' dir='ltr'>radicem</span> <span class='ocrx_word' id='word_1_747' title='bbox 1790 2339 1861 2364; x_wconf 84' lang='lat' dir='ltr'>nou</span> <span class='ocrx_word' id='word_1_748' title='bbox 1872 2327 2034 2365; x_wconf 82' lang='lat' dir='ltr'>habentia.</span> 
     </span>
     <span class='ocr_line' id='line_1_114' title="bbox 1150 2376 2035 2421; baseline 0.005 -10"><span class='ocrx_word' id='word_1_749' title='bbox 1150 2376 1237 2411; x_wconf 80' lang='lat' dir='ltr'>bona</span> <span class='ocrx_word' id='word_1_750' title='bbox 1246 2387 1346 2421; x_wconf 91' lang='lat' dir='ltr'>opera</span> <span class='ocrx_word' id='word_1_751' title='bbox 1358 2376 1433 2411; x_wconf 85' lang='lat' dir='ltr'>sunt</span> <span class='ocrx_word' id='word_1_752' title='bbox 1446 2376 1528 2411; x_wconf 86' lang='lat' dir='ltr'>solia</span> <span class='ocrx_word' id='word_1_753' title='bbox 1538 2376 1605 2411; x_wconf 85' lang='lat' dir='ltr'>fine</span> <span class='ocrx_word' id='word_1_754' title='bbox 1618 2377 1724 2412; x_wconf 72' lang='lat' dir='ltr'>frusta</span> <span class='ocrx_word' id='word_1_755' title='bbox 1739 2401 1748 2410; x_wconf 89' lang='lat'>.</span> <span class='ocrx_word' id='word_1_756' title='bbox 1774 2376 1823 2413; x_wconf 83' lang='lat' dir='ltr'>At</span> <span class='ocrx_word' id='word_1_757' title='bbox 1834 2379 1913 2415; x_wconf 73' lang='lat' dir='ltr'>vero</span> <span class='ocrx_word' id='word_1_758' title='bbox 1936 2380 1959 2414; x_wconf 88' lang='lat' dir='ltr'>si</span> <span class='ocrx_word' id='word_1_759' title='bbox 1981 2380 2035 2415; x_wconf 86' lang='lat' dir='ltr'>us-</span> 
     </span>
     <span class='ocr_line' id='line_1_115' title="bbox 1150 2423 2038 2470; baseline 0.006 -9"><span class='ocrx_word' id='word_1_760' title='bbox 1150 2437 1214 2470; x_wconf 92' lang='lat' dir='ltr'>que</span> <span class='ocrx_word' id='word_1_761' title='bbox 1225 2426 1268 2460; x_wconf 87' lang='lat' dir='ltr'>ad</span> <span class='ocrx_word' id='word_1_762' title='bbox 1279 2435 1410 2466; x_wconf 81' lang='lat' dir='ltr'>exortas</span> <span class='ocrx_word' id='word_1_763' title='bbox 1423 2423 1558 2462; x_wconf 72' lang='lat' dir='ltr'>hareses</span> <span class='ocrx_word' id='word_1_764' title='bbox 1570 2426 1604 2460; x_wconf 89' lang='lat' dir='ltr'>in</span> <span class='ocrx_word' id='word_1_765' title='bbox 1619 2425 1775 2462; x_wconf 81' lang='lat' dir='ltr'>Ecclesiis</span> <span class='ocrx_word' id='word_1_766' title='bbox 1787 2439 1858 2464; x_wconf 84' lang='lat' dir='ltr'>nou</span> <span class='ocrx_word' id='word_1_767' title='bbox 1870 2429 1970 2466; x_wconf 79' lang='lat' dir='ltr'>suerit</span> <span class='ocrx_word' id='word_1_768' title='bbox 1986 2440 2038 2466; x_wconf 88' lang='lat' dir='ltr'>re-</span> 
     </span>
     <span class='ocr_line' id='line_1_116' title="bbox 1149 2474 2033 2524; baseline 0 -14"><span class='ocrx_word' id='word_1_769' title='bbox 1149 2478 1199 2511; x_wconf 69' lang='lat' dir='ltr'>&amp;a</span> <span class='ocrx_word' id='word_1_770' title='bbox 1213 2476 1317 2518; x_wconf 84' lang='lat' dir='ltr'>fides,</span> <span class='ocrx_word' id='word_1_771' title='bbox 1344 2486 1414 2512; x_wconf 80' lang='lat' dir='ltr'>nou</span> <span class='ocrx_word' id='word_1_772' title='bbox 1424 2475 1522 2519; x_wconf 72' lang='lat' dir='ltr'>possit</span> <span class='ocrx_word' id='word_1_773' title='bbox 1540 2475 1634 2511; x_wconf 80' lang='lat' dir='ltr'>fuiffe</span> <span class='ocrx_word' id='word_1_774' title='bbox 1655 2474 1814 2512; x_wconf 84' lang='lat' dir='ltr'>charitas:</span> <span class='ocrx_word' id='word_1_775' title='bbox 1842 2478 1957 2524; x_wconf 73' lang='lat' dir='ltr'>Atque</span> <span class='ocrx_word' id='word_1_776' title='bbox 1982 2479 2033 2523; x_wconf 57' lang='lat' dir='ltr'>im,</span> 
     </span>
     <span class='ocr_line' id='line_1_117' title="bbox 1148 2525 2032 2571; baseline 0.006 -13"><span class='ocrx_word' id='word_1_777' title='bbox 1148 2533 1191 2559; x_wconf 90' lang='lat' dir='ltr'>tot</span> <span class='ocrx_word' id='word_1_778' title='bbox 1200 2527 1327 2559; x_wconf 66' lang='lat' dir='ltr'>millium</span> <span class='ocrx_word' id='word_1_779' title='bbox 1338 2526 1436 2560; x_wconf 86' lang='lat' dir='ltr'>millia</span> <span class='ocrx_word' id='word_1_780' title='bbox 1439 2525 1572 2567; x_wconf 85' lang='lat' dir='ltr'>suerunt</span> <span class='ocrx_word' id='word_1_781' title='bbox 1575 2528 1740 2571; x_wconf 70' lang='lat' dir='ltr'>perperam</span> <span class='ocrx_word' id='word_1_782' title='bbox 1747 2527 1845 2562; x_wconf 63' lang='lat' dir='ltr'>tind&#39;a</span> <span class='ocrx_word' id='word_1_783' title='bbox 1852 2553 1866 2570; x_wconf 92' lang='lat'><em>‚</em></span> <span class='ocrx_word' id='word_1_784' title='bbox 1890 2535 1936 2562; x_wconf 84' lang='lat' dir='ltr'>tot</span> <span class='ocrx_word' id='word_1_785' title='bbox 1947 2527 2032 2564; x_wconf 71' lang='lat' dir='ltr'>cba-</span> 
     </span>
     <span class='ocr_line' id='line_1_118' title="bbox 1148 2574 2040 2622; baseline 0.004 -13"><span class='ocrx_word' id='word_1_786' title='bbox 1148 2574 1275 2620; x_wconf 85' lang='lat' dir='ltr'>rismata</span> <span class='ocrx_word' id='word_1_787' title='bbox 1295 2576 1459 2620; x_wconf 71' lang='lat' dir='ltr'>perperim</span> <span class='ocrx_word' id='word_1_788' title='bbox 1481 2575 1695 2615; x_wconf 59' lang='lat' dir='ltr'>adminstrata</span> <span class='ocrx_word' id='word_1_789' title='bbox 1718 2601 1732 2619; x_wconf 87' lang='lat'><em>‚</em></span> <span class='ocrx_word' id='word_1_790' title='bbox 1764 2586 1809 2611; x_wconf 82' lang='lat' dir='ltr'>tot</span> <span class='ocrx_word' id='word_1_791' title='bbox 1834 2579 2005 2614; x_wconf 75' lang='lat' dir='ltr'>sacerdotia</span> <span class='ocrx_word' id='word_1_792' title='bbox 2025 2604 2040 2622; x_wconf 83' lang='lat'><strong>,</strong></span> 
     </span>
     <span class='ocr_line' id='line_1_119' title="bbox 1148 2622 2034 2672; baseline 0.002 -12"><span class='ocrx_word' id='word_1_793' title='bbox 1148 2624 1366 2666; x_wconf 75' lang='lat' dir='ltr'>totmintsterta</span> <span class='ocrx_word' id='word_1_794' title='bbox 1382 2628 1545 2669; x_wconf 72' lang='lat' dir='ltr'>perperam</span> <span class='ocrx_word' id='word_1_795' title='bbox 1546 2622 1684 2669; x_wconf 60' lang='lat' dir='ltr'>funaea,</span> <span class='ocrx_word' id='word_1_796' title='bbox 1708 2635 1755 2661; x_wconf 79' lang='lat' dir='ltr'>tot</span> <span class='ocrx_word' id='word_1_797' title='bbox 1779 2628 1906 2672; x_wconf 77' lang='lat' dir='ltr'>denique</span> <span class='ocrx_word' id='word_1_798' title='bbox 1923 2622 2034 2669; x_wconf 73' lang='lat' dir='ltr'>mart,-</span> 
     </span>
     <span class='ocr_line' id='line_1_120' title="bbox 1149 2675 2035 2721; baseline 0.003 -11"><span class='ocrx_word' id='word_1_799' title='bbox 1149 2680 1195 2710; x_wconf 88' lang='lat' dir='ltr'>ria</span> <span class='ocrx_word' id='word_1_800' title='bbox 1212 2676 1375 2719; x_wconf 60' lang='lat' dir='ltr'>perperam</span> <span class='ocrx_word' id='word_1_801' title='bbox 1396 2685 1556 2710; x_wconf 80' lang='lat' dir='ltr'>coronata.</span> <span class='ocrx_word' id='word_1_802' title='bbox 1585 2675 1636 2712; x_wconf 83' lang='lat' dir='ltr'>At</span> <span class='ocrx_word' id='word_1_803' title='bbox 1651 2675 1730 2713; x_wconf 63' lang='lat' dir='ltr'>vtro</span> <span class='ocrx_word' id='word_1_804' title='bbox 1746 2677 1821 2721; x_wconf 87' lang='lat' dir='ltr'>quis</span> <span class='ocrx_word' id='word_1_805' title='bbox 1840 2688 1911 2713; x_wconf 81' lang='lat' dir='ltr'>non</span> <span class='ocrx_word' id='word_1_806' title='bbox 1923 2677 2035 2713; x_wconf 80' lang='lat' dir='ltr'>videat:</span> 
     </span>
     <span class='ocr_line' id='line_1_121' title="bbox 1150 2724 2034 2762; baseline -0.003 -1"><span class='ocrx_word' id='word_1_807' title='bbox 1150 2726 1213 2761; x_wconf 87' lang='lat' dir='ltr'>hoc</span> <span class='ocrx_word' id='word_1_808' title='bbox 1237 2726 1302 2761; x_wconf 84' lang='lat' dir='ltr'>esse</span> <span class='ocrx_word' id='word_1_809' title='bbox 1326 2724 1585 2762; x_wconf 77' lang='lat' dir='ltr'>absurdissimum</span> <span class='ocrx_word' id='word_1_810' title='bbox 1618 2738 1658 2760; x_wconf 88' lang='lat' dir='ltr'>ac</span> <span class='ocrx_word' id='word_1_811' title='bbox 1686 2726 1991 2761; x_wconf 84' lang='lat' dir='ltr'>monstrosiffimum</span> <span class='ocrx_word' id='word_1_812' title='bbox 2014 2728 2034 2758; x_wconf 75' lang='grc'>,2</span> 
     </span>
     <span class='ocr_line' id='line_1_122' title="bbox 1149 2773 2034 2825; baseline 0.001 -15"><span class='ocrx_word' id='word_1_813' title='bbox 1149 2778 1260 2825; x_wconf 85' lang='lat' dir='ltr'>Qare</span> <span class='ocrx_word' id='word_1_814' title='bbox 1284 2775 1364 2810; x_wconf 81' lang='lat' dir='ltr'>hinc</span> <span class='ocrx_word' id='word_1_815' title='bbox 1389 2775 1567 2823; x_wconf 81' lang='lat' dir='ltr'>Septimius</span> <span class='ocrx_word' id='word_1_816' title='bbox 1592 2773 1856 2811; x_wconf 71' lang='lat' dir='ltr'>resteconcludit</span> <span class='ocrx_word' id='word_1_817' title='bbox 1879 2784 1954 2810; x_wconf 90' lang='lat' dir='ltr'>toto</span> <span class='ocrx_word' id='word_1_818' title='bbox 1965 2775 2034 2811; x_wconf 84' lang='lat' dir='ltr'>isto</span> 
     </span>
     <span class='ocr_line' id='line_1_123' title="bbox 1149 2822 2033 2871; baseline 0.001 -9"><span class='ocrx_word' id='word_1_819' title='bbox 1149 2835 1293 2871; x_wconf 82' lang='lat' dir='ltr'>tempore</span> <span class='ocrx_word' id='word_1_820' title='bbox 1311 2835 1380 2861; x_wconf 87' lang='lat' dir='ltr'>non</span> <span class='ocrx_word' id='word_1_821' title='bbox 1393 2826 1457 2860; x_wconf 77' lang='lat' dir='ltr'>esse</span> <span class='ocrx_word' id='word_1_822' title='bbox 1477 2825 1525 2863; x_wconf 61' lang='lat' dir='ltr'>ia</span> <span class='ocrx_word' id='word_1_823' title='bbox 1533 2822 1659 2857; x_wconf 69' lang='lat' dir='ltr'>cunctis</span> <span class='ocrx_word' id='word_1_824' title='bbox 1677 2822 1738 2857; x_wconf 89' lang='lat' dir='ltr'>sub</span> <span class='ocrx_word' id='word_1_825' title='bbox 1763 2823 1854 2861; x_wconf 79' lang='lat' dir='ltr'>coelo</span> <span class='ocrx_word' id='word_1_826' title='bbox 1876 2823 2033 2863; x_wconf 78' lang='lat' dir='ltr'>Ecclesiis</span> 
     </span>
     <span class='ocr_line' id='line_1_124' title="bbox 1149 2871 1804 2923; baseline -0.009 -10"><span class='ocrx_word' id='word_1_827' title='bbox 1149 2876 1236 2914; x_wconf 74' lang='lat' dir='ltr'>male</span> <span class='ocrx_word' id='word_1_828' title='bbox 1249 2875 1516 2923; x_wconf 77' lang='lat' dir='ltr'>evangelizatum</span> <span class='ocrx_word' id='word_1_829' title='bbox 1541 2883 1600 2910; x_wconf 88' lang='lat' dir='ltr'>aut</span> <span class='ocrx_word' id='word_1_830' title='bbox 1621 2871 1804 2911; x_wconf 84' lang='lat' dir='ltr'>creditum.</span> 
     </span>
    </p>
   </div>
   <div class='ocr_carea' id='block_1_17' title="bbox 1475 3073 1714 3175">
    <p class='ocr_par' dir='ltr' id='par_1_18' title="bbox 1475 3073 1714 3175">
     <span class='ocr_line' id='line_1_125' title="bbox 1475 3073 1714 3175; baseline -0.013 0"><span class='ocrx_word' id='word_1_831' title='bbox 1475 3073 1714 3175; x_wconf 52' lang='lat' dir='ltr'>{istit</span> 
     </span>
    </p>
   </div>
   <div class='ocr_carea' id='block_1_18' title="bbox 1929 3336 1988 3369">
    <p class='ocr_par' dir='ltr' id='par_1_19' title="bbox 1929 3336 1988 3369">
     <span class='ocr_line' id='line_1_126' title="bbox 1929 3336 1988 3369; baseline 0.034 -2"><span class='ocrx_word' id='word_1_832' title='bbox 1929 3336 1988 3369; x_wconf 72' lang='lat' dir='ltr'>Aur</span> 
     </span>
    </p>
   </div>
  </div>
 </body>
</html>
