2346 3724
105 984 182 1021 Cap,
202 994 227 1012 z.

105 1102 176 1139 cap.
200 1112 224 1131 ι.

75 3050 178 3131 ςὲὲἻ
200 3058 230 3120 ἑ
244 3102 347 3144 forma
367 3104 423 3134 Dei
444 3099 508 3142 'effer
521 3123 531 3137 ,
557 3111 613 3131 non
640 3106 778 3140 rapinam
800 3103 966 3134 arbitratus
982 3098 1018 3140 est
1031 3097 1125 3141 effese

77 3144 105 3165 2.

320 162 383 220 48
797 156 1133 203 Seno

251 242 382 280 lielmus
401 241 636 286 Nangiacenfis
649 266 657 277 ‚
687 240 731 275 Et
750 237 817 275 haec
830 248 928 282 pauca
942 239 1106 274 sufficiunt
1119 262 1129 279 ,
1145 254 1151 291 ὲ

251 307 289 333 ut
312 293 418 329 noster
447 293 573 329 Dotior
593 291 833 326 demonstretur
868 287 1028 324 Doctores
1050 291 1132 324 refie
1147 292 1174 326 i·

250 347 360 383 fecifle
379 343 550 387 proximos
568 340 786 384 Martyribus,
816 339 858 372 Et
870 340 1057 374 universalis
1072 342 1133 374 Ec-

250 397 346 431 clesia
367 395 445 433 solis
467 392 690 437 Martyribus,
719 388 943 429 Dostoribus‚
969 401 1008 425 ac
1020 389 1131 438 Virgi-

248 446 347 486 nibus
364 445 466 484 credit
490 445 558 482 esse
581 442 776 491 singularem
798 439 998 477 laureolam.

1039 527 1052 563 J

549 600 594 646 Si
627 599 796 661 Martyr
810 628 824 643 .

267 767 271 770 «
300 750 485 795 Martyrum
510 748 563 781 seu
587 745 822 781 Confessorum
850 744 1010 780 summam
1047 739 1130 776 olim

248 800 345 836 fuisse
369 801 403 835 in
436 799 574 834 Ecclesia
591 795 807 843 dignitatem,
835 796 963 831 Donor
974 794 1074 830 tradit
1087 805 1131 828 et-

250 851 315 885 iam
340 851 375 884 in
400 850 484 887 libro
510 850 549 882 de
570 848 704 881 Corona
727 846 844 881 militis
863 871 874 887 ‚
914 846 971 881 ubi
994 856 1128 880 omnem

249 900 508 935 Christianitatis
529 899 667 943 gradum
689 895 797 939 paucis
829 895 878 931 his
906 896 1040 939 syllabis
1062 896 1129 929 cir-

249 950 459 986 cumscribit:
489 955 511 984 A
524 948 749 983 catechumenis
770 943 859 991 usque
879 948 926 979 ad
949 946 1128 990 coeffeffores

248 1003 282 1036 (5
304 1004 466 1039 Martyres.
494 998 739 1037 Istosinfirnos,
762 995 822 1032 hos
834 997 929 1041 ponit
942 999 1010 1032 esse
1024 998 1131 1040 supre-

252 1062 342 1085 mos.
368 1051 461 1084 Hinc
481 1050 513 1083 in
536 1049 620 1084 libro
648 1049 688 1081 ad
711 1048 1034 1091 Martyresitaipsos
1049 1046 1128 1082 allo·

248 1102 358 1144 quitur
371 1116 381 1135 .·
409 1100 563 1137 Benedic‘li
584 1103 730 1139 Martyres
752 1096 894 1142 defignati
907 1122 914 1130 .
942 1097 1022 1132 Vox
1035 1123 1045 1139 ,
1072 1100 1129 1131 Be·

249 1152 383 1187 neamus
414 1176 425 1192 ,
451 1161 517 1185 erat
539 1150 620 1183 olim
643 1148 759 1183 titulus
781 1149 864 1182 adeo
878 1149 1035 1183 eminens
1054 1173 1065 1190 ,
1093 1159 1128 1184 ut

247 1203 349 1239 etiam
372 1202 543 1237 Romanus
568 1200 724 1235 Pontifex
742 1209 809 1232 non
832 1197 963 1233 haberet
983 1199 1128 1234 eminen-

244 1253 363 1288 tiorem
387 1277 394 1287 .
434 1252 578 1287 Romani
605 1251 818 1293 Imperatores
842 1249 905 1284 suis
928 1249 1126 1291 nivalibus,

244 1314 282 1338 ac
305 1301 377 1337 aliis
399 1300 600 1338 solemnibus
623 1300 738 1334 litteris
763 1298 872 1343 paffim
885 1300 917 1332 in
931 1300 1124 1344 primoloeo

241 1354 459 1395 apposuerunt
484 1352 617 1387 titulum
646 1350 803 1384 Vistoris:
832 1350 930 1384 Vicqor
952 1350 1123 1391 Constanti-

240 1414 296 1435 nus
310 1427 317 1436 .
350 1401 393 1435 Et
414 1401 470 1444 qui
491 1402 679 1442 quampiam
702 1399 869 1435 barbaram
893 1410 1027 1444 gentem
1040 1403 1123 1435 vice·

239 1462 309 1486 rant
324 1475 334 1491 ,
354 1450 579 1494 exprimebant
602 1448 671 1491 ejus
693 1459 814 1482 nomen
837 1463 847 1485 ,·
876 1450 975 1484 γε’ἇω·
1000 1455 1120 1485 Germa-

240 1508 322 1536 nicus
347 1525 357 1540 ,
401 1503 597 1533 Britannicus
615 1523 624 1538 ,
658 1502 820 1547 Francicus
842 1523 850 1530 .
888 1500 978 1546 Qia
1001 1501 1121 1544 nempe

238 1552 445 1597 publicorum
468 1549 609 1583 hostium
631 1572 641 1589 ‚
677 1548 847 1592 praesertim
884 1548 1094 1585 barbarorum
1108 1574 1118 1589 ‚

237 1602 374 1637 vidioria
396 1602 440 1635 est
465 1601 566 1643 prima
590 1598 694 1643 gloria
733 1598 896 1642 Principis
916 1624 924 1635 .
958 1598 1007 1634 Ita
1030 1601 1116 1644 apud

236 1663 299 1687 nos
318 1650 440 1695 primus
467 1650 580 1694 gloriae
602 1649 713 1683 titulus
735 1647 781 1682 est
800 1651 932 1690 Μαι-ην.
959 1649 1055 1684 Hinc
1081 1650 1115 1683 in

237 1703 361 1739 famosa
383 1700 490 1737 Sancti
506 1699 662 1743 Cypriani
690 1696 1014 1742 Synodobabemus:
1043 1704 1117 1733 Gon·

229 1752 318 1798 seffor
333 1755 364 1797 J
367 1752 471 1785 ambus
489 1753 509 1784 ἃ
531 1753 777 1785 Germaniciana.
808 1749 957 1792 Confessor
977 1750 1012 1784 Θ
1036 1751 1114 1782 Mar-

236 1814 281 1842 tyr
295 1802 568 1848 JaderaMtdila.
597 1803 710 1838 Marm-
738 1800 943 1832 5ecundianus
967 1800 989 1832 ἃ
1009 1798 1117 1833 Tham-

236 1853 317 1889 heis,
345 1851 492 1896 Cotffeffor
504 1853 537 1885 (9·
548 1854 662 1890 Martyr
679 1852 846 1890 Cyprianus
866 1851 886 1883 ἃ
906 1848 1093 1895 Carthagine
1109 1874 1116 1881 .

237 1902 351 1940 Plures
372 1903 444 1939 issic
468 1897 620 1944 Episcopi
642 1899 687 1935 ita
707 1899 896 1943 semetipsos
908 1899 949 1935 ad
960 1900 1115 1943 majorem

235 1955 284 1989 sui
302 1953 446 1998 suffragii
466 1950 698 1987 authoritatem
726 1949 897 1984 intitulant
911 1974 918 1982 .
948 1951 991 1984 Et
1015 1951 1116 1995 usque

234 2003 335 2038 hodie
358 2003 535 2045 praecipuus
565 2000 671 2038 Sancti
693 1999 852 2042 Cypriani
889 2000 976 2044 apud
1002 2012 1118 2036 omnes

235 2053 394 2087 Ecclesias
414 2051 530 2087 titulus
549 2051 595 2084 est
613 2054 727 2089 Martyr
745 2074 751 2080 .
781 2049 868 2084 Eum
879 2061 997 2088 omnes
1006 2051 1114 2094 paffim

236 2104 403 2139 titulamus
422 2105 580 2141 Martyrem
593 2104 791 2142 cyprianum.
814 2100 918 2149 Qiod
942 2102 1116 2145 nempein-

237 2166 286 2189 ter
305 2151 581 2196 Carthaginenses
606 2150 782 2192 Episcopos
805 2152 929 2196 primus
953 2153 1041 2186 suam
1059 2152 1116 2184 Ec-

238 2204 369 2238 clesiam
393 2200 598 2236 illustraverit
617 2198 782 2240 Martyrio
807 2225 814 2232 .
854 2201 898 2234 Et
923 2201 958 2235 in
986 2201 1115 2243 Nicena

239 2253 378 2298 synodo
402 2252 547 2295 Magnus
569 2249 809 2285 Constantinus
844 2262 962 2285 omnes
984 2251 1116 2294 quidem

238 2305 421 2348 Episcopos
445 2299 584 2340 eximie,
611 2299 774 2342 Martyres
794 2311 902 2334 tamen
921 2301 966 2332 est
979 2300 1118 2343 singula·

240 2356 317 2389 riter
333 2363 503 2389 veneratus
516 2376 523 2384 .
549 2350 725 2385 osculatus
744 2348 790 2381 est
802 2359 916 2381 eorum
928 2349 1116 2385 cicatrices.

231 2405 330 2453 (Qia
356 2405 486 2447 Martyr
506 2400 550 2434 est
573 2399 675 2441 prima
700 2396 796 2433 nobis
818 2397 984 2442 dignitas.

291 2455 331 2487 ln
349 2462 529 2488 memorata
546 2450 651 2484 Saneti
665 2447 825 2491 Cypriani
838 2448 976 2490 Synodo
987 2448 1120 2491 quidam

242 2504 450 2538 Confeffores
462 2526 472 2541 ,
500 2500 631 2543 quidam
647 2499 811 2540 Martyres
823 2522 832 2538 ‚
842 2498 975 2539 quidam
989 2499 1120 2540 Episco-

242 2555 277 2600 pi
298 2553 502 2597 appellantur
524 2549 776 2584 confessores&
794 2548 958 2592 Martyres
974 2572 982 2578 -
1007 2549 1118 2583 Etiam

244 2606 330 2638 inter
350 2602 459 2639 sancii
472 2600 630 2643 Cypriani
645 2598 797 2640 epistolas
820 2600 965 2642 quaedarn
977 2600 1016 2632 ad
1031 2600 1120 2633 Con·

242 2655 398 2693 sessores,
422 2652 568 2698 quaedam
582 2649 620 2683 ad
635 2648 824 2691 ’MartyreQ
850 2649 996 2692 quaedam
1013 2650 1121 2684 inscri-

244 2704 366 2740 buntur
381 2703 421 2736 ad
433 2702 643 2736 confessores
655 2700 689 2733 &
705 2697 882 2741 Martyres.
909 2699 1020 2745 Quare
1030 2701 1120 2734 aliud

244 2754 330 2797 apud
354 2753 524 2796 Antiquos
546 2749 748 2789 Confessor,
775 2749 863 2783 aliud
888 2760 954 2783 erar
969 2751 1119 2793 Martyr.

246 2805 284 2837 ln
308 2803 530 2838 Ecclefiastica
559 2799 692 2835 Eusebii
730 2799 945 2843 Caestraeenfis
973 2801 1121 2834 Historia

246 2854 351 2887 exstat
387 2850 568 2887 veneranda
606 2849 835 2892 Lugdunensis
866 2861 903 2883 ac
924 2851 1122 2888 Viennensis

250 2902 401 2939 Ecclesxae
421 2901 462 2936 ad
480 2902 564 2936 Afiae
593 2911 630 2934 ac
652 2898 806 2944 Phrygiae
827 2900 984 2935 Ecclefias
1007 2902 1123 2944 episto·

249 2953 303 2991 la,
328 2962 495 2994 exponens
512 2952 651 2993 gloriosa
675 2950 747 2984 illic
766 2951 784 2982 a
804 2950 898 2985 variis
909 2952 1047 2987 tolerata
1066 2950 1123 2983 sub

250 3001 419 3038 Antonini
440 3000 520 3034 Veri
542 3001 681 3042 Imperio
718 3002 870 3043 martyria
890 3025 901 3040 ,
927 3002 960 3037 ὃς
990 3001 1030 3033 de
1053 3001 1124 3047 ipsis

250 3053 434 3096 adjungens
455 3063 463 3083 :
490 3049 538 3088 Isti
559 3052 629 3082 verb
651 3049 736 3091 ipsius
761 3050 905 3090 chassi,
932 3057 980 3092 qui
1001 3050 1124 3081 cum'vin

251 3153 393 3193 aqualem
417 3155 499 3189 Deo,
521 3147 579 3192 sed
583 3148 767 3192 semetipsum
777 3154 971 3190 exinanivit,
991 3147 1125 3188 formam

246 3199 333 3247 servi
351 3206 495 3243 accipiens
506 3222 517 3239 ‚
542 3208 606 3232 tam
623 3201 694 3235 vere
705 3202 846 3234 aemuliac
857 3205 1020 3233 imitatores
1029 3210 1126 3240 emm,

253 3260 286 3285 ut
308 3256 449 3293 quamvis
465 3255 498 3283 in
521 3251 575 3283 tali
582 3251 678 3292 gloria
690 3248 880 3290 &splendore
895 3250 1060 3283 locarentur
1072 3275 1080 3289 ‚
1094 3252 1127 3282 (θ’

254 3313 311 3333 non
326 3299 419 3344 semel
439 3303 473 3333 e·
493 3306 621 3339 iterum,
645 3297 838 3341 sedsaeptus,
864 3308 897 3332 ut
923 3302 1069 3338 Martyres
1083 3301 1128 3332 de-

251 3361 320 3392 cet,
352 3358 408 3397 pro
422 3349 492 3391 fidei
513 3348 674 3390 confeffione
697 3349 801 3386 acerba
827 3359 974 3387 tormenta
987 3350 1127 3397 perpeffi,

1205 172 1228 204 L
1298 174 1313 204 1

1188 241 1284 282 bestiis
1306 243 1429 286 objecit,
1454 246 1493 279 ab
1513 245 1618 290 iisdem
1627 249 1734 285 deinde
1755 252 1875 295 ablati,
1901 258 1984 298 igneo
1986 255 2070 298 ferro

1189 293 1299 336 onusti,
1327 295 1472 330 vibicibus
1490 299 1585 331 lucidi
1605 323 1616 339 ,
1642 301 1815 337 vulneribus
1834 305 1900 337 und
1956 308 1962 315 '
1989 306 2073 347 infli-

1190 343 1248 377 ffls
1268 352 1451 386 excruciati,
1478 359 1535 381 non
1555 357 1657 382 tamen
1671 349 1704 394 se
1724 353 1779 395 ipsi
1799 311 2075 397 fflpraedl-

1187 404 1291 428 carent
1302 419 1314 436 ,
1340 407 1391 430 nes:
1412 403 1547 440 cuiquam
1572 399 1698 440 nostrum
1714 409 1829 445 copiam
1846 403 1989 445 facerent
2009 407 2074 440 illes

1190 455 1225 479 eo
1249 451 1365 481 nomine
1386 449 1580 490 appellandi,
1602 448 1663 492 sed
1670 450 1701 493 fi
1706 453 1857 497 quisquam
1868 455 1994 496 nostrum
2003 469 2051 491 eos
2064 479 2075 496 ,

1193 496 1244 528 vel
1258 504 1316 537 per
1339 499 1458 530 litteras
1471 522 1481 538 ,
1508 502 1560 533 vel
1573 508 1631 542 per
1646 499 1810 543 sermonem
1828 529 1838 544 ,
1868 514 1902 538 ut
1927 509 2075 546 Martyres·

1185 544 1272 588 farte
1290 544 1444 590 salutaffet
1456 572 1468 589 ‚
1487 556 1629 592 graviter
1639 551 1903 593 reprehenderent.
1931 557 2076 590 Libenter

1191 601 1272 629 enim
1295 600 1438 636 Martyris
1459 601 1687 642 appellationem
1708 601 1842 646 Christo,
1865 604 2075 648 fideh’O'vero

1194 649 1318 684 Martyri
1334 672 1344 687 ‚
1368 649 1575 692 concefferunt.
1603 655 1767 691 Martyrum
1784 659 1874 689 ettam
1895 680 1906 696 ,
1932 663 1984 699 qui
2000 660 2075 699 jam

1385 175 1417 204 Ο
1489 176 1518 204 N

1156 735 1158 737 ‚
1191 698 1237 728 ad
1257 696 1406 737 Christum
1424 709 1464 732 ex
1485 699 1542 734 hac
1553 705 1694 744 corporis
1711 703 1839 745 custodia
1857 708 2075 751 migrawffent,

1192 758 1243 780 nos
1268 757 1327 780 non
1342 750 1475 791 gravate*
1498 755 1530 782 in
1542 757 1711 785 memoriam
1722 755 1897 798 redegerunt
1908 779 1920 796 ,
1945 769 1979 791 ac
1990 759 2075 792 dixe-

1190 804 1278 831 runt:
1305 800 1359 831 uli
1370 800 1442 837 jam
1465 802 1537 833 vere*
1552 800 1625 844 sunt
1645 805 1791 842 Martyres
1815 829 1825 845 ‚
1851 816 1920 847 quos
1939 806 2074 847 christus

1189 855 1311 889 propter
1329 847 1405 889 fidet
1424 850 1619 892 confeffionem
1640 852 1722 896 adse
1732 859 1857 896 recipere
1869 857 2014 901 dignatus
2024 857 2077 899 est,

1191 898 1226 932 (9·
1247 908 1368 940 quorum
1383 901 1559 940 Martyrium
1580 901 1643 944 ipso
1673 906 1820 945 preclaro
1856 912 1932 940 vitae
1969 913 2076 947 exitu,

1190 956 1333 991 tanquam
1346 947 1439 992 figulo
1460 953 1608 992 certtfflmo
1621 977 1631 993 ‚
1658 953 1821 998 obsignavit
1843 967 1853 999 ;
1878 967 1932 989 nos
1951 966 2074 999 autem,

1189 1005 1224 1031 ut
1247 1006 1350 1032 tenues
1362 999 1458 1042 solum
1477 1003 1512 1036 (ν
1527 1001 1636 1043 abjedii
1659 1003 1835 1047 Confeffores
1859 1005 1971 1046 Christi
1982 1012 2075 1046 nomi-

1189 1053 1238 1080 nis
1256 1058 1348 1092 atque
1363 1049 1483 1092 fratres
1504 1069 1515 1093 >,
1541 1052 1732 1095 obsecrabant
1755 1067 1822 1089 cum
1836 1055 1992 1095 lachrymis
2003 1081 2016 1097 ,
2041 1062 2075 1090 ut

1186 1106 1287 1139 preces
1306 1108 1363 1141 pro
1383 1102 1444 1134 illis
1463 1104 1605 1137 ardenter
1619 1105 1771 1139 &obnixe
1790 1109 1853 1139 Deo
1856 1105 2074 1147 funderemus,

1188 1149 1244 1191 qud
1266 1147 1329 1193 ipso
1349 1147 1469 1195 discessu
1491 1154 1508 1187 ἒ
1527 1159 1598 1187 vita
1619 1163 1691 1197 opus
1703 1179 1714 1195 ,
1739 1157 1819 1198 quod
1835 1158 1916 1189 Deus
1940 1165 2006 1190 ram
2027 1156 2074 1191 be·

1188 1199 1278 1242 nigne
1298 1205 1331 1232 in
1350 1201 1413 1234 illis
1435 1205 1600 1246 inceptffer,
1626 1206 1771 1239 cunmlate*
1779 1206 1965 1247 expleretur.
1994 1208 2074 1241 Hos

1188 1247 1274 1282 inter
1294 1247 1459 1295 Martyres
1494 1264 1588 1289 erant
1612 1255 1672 1289 viri
1695 1255 1869 1291 doctiffimi
1892 1269 1904 1291 .-
1939 1258 2076 1292 Sanctus

1189 1298 1354 1335 Photinus
1375 1327 1386 1342 ‚
1425 1303 1547 1346 primus
1579 1304 1852 1350 Lugdunensium
1869 1307 2052 1351 Episcopus
2065 1330 2079 1348 ,

1188 1348 1300 1384 beatus
1322 1352 1459 1385 stactus
1480 1353 1654 1387 Diaconus
1667 1377 1679 1394 ,
1703 1355 1868 1399 gloriosus
1877 1355 2077 1398 Attalus,&

1188 1399 1310 1433 nobilis
1337 1399 1456 1434 Vetius
1481 1401 1695 1447 Epagathus,
1721 1403 2078 1448 &paganispaffimvo-

1188 1449 1311 1483 citatus·
1332 1450 1525 1484 Advocatus
1551 1451 1818 1487 Christianorum
1839 1477 1848 1485 .
1886 1455 1936 1488 Hi
1956 1465 2014 1488 om
2039 1465 2076 1489 ec

1187 1496 1346 1540 Martyris
1367 1499 1502 1533 titulum
1530 1499 1590 1534 soli
1611 1500 1748 1536 Christo
1758 1502 1933 1545 Domino,
1960 1503 1996 1538 δε
2009 1504 2016 1511 “

1185 1558 1239 1590 per
1261 1557 1403 1583 mortem
1423 1550 1662 1586 consummatis
1674 1551 1925 1588 Confessoribus
1935 1555 2076 1589 affirma·

1185 1596 1263 1633 bant
1289 1607 1497 1641 competere,
1522 1603 1585 1636 effe
1611 1602 1675 1636 suis
1698 1602 1824 1638 meritis
1847 1603 1948 1649 longe
1968 1604 2074 1639 subli-

1183 1645 1321 1682 miorem
1335 1669 1347 1687 ,
1369 1647 1510 1693 ideoque
1529 1652 1560 1685 se
1575 1676 1587 1693 ‚
1616 1651 1693 1688 licet
1717 1653 1829 1696 sapius
1854 1665 1912 1698 per
1931 1652 2074 1689 horren·

1183 1697 1223 1731 da
1246 1708 1409 1733 tormenta
1434 1699 1608 1743 probatos,
1636 1713 1704 1737 non
1727 1703 1892 1746 Martyres
1908 1705 1971 1739 effe
1984 1727 1996 1744 ,
2017 1704 2074 1741 sed

1181 1757 1294 1783 tenues
1312 1747 1346 1783 δε
1370 1748 1511 1792 abjectos
1532 1748 1656 1786 Christi
1679 1753 1822 1787 Domini
1840 1752 2050 1789 Confeffores
2062 1779 2073 1789 .

1183 1796 1328 1832 Censeba
1335 1808 1369 1832 nt
1380 1799 1672 1839 eminentissimum
1684 1801 1834 1841 Ecclefiae
1851 1803 1987 1842 titulum
1999 1804 2074 1842 nul·

1183 1846 1205 1883 li
1229 1847 1354 1882 viventi
1376 1861 1581 1893 competere.

1230 1897 1359 1933 Verum
1398 1900 1530 1935 laudata
1551 1901 1825 1946 Lugdunensium
1849 1903 1883 1938 &
1901 1903 2072 1939 Viennen-

1183 1948 1262 1983 fium
1292 1946 1557 1984 Christianorum
1576 1951 1710 1995 epistola
1731 1954 1870 1989 affirmat
1887 1951 1974 1988 hanc
1998 1955 2076 1989 fuis-

1180 1998 1211 2031 se
1235 1997 1380 2041 ipsorum
1395 1999 1638 2036 humilitatem.
1664 2003 1752 2044 Eos,
1777 2003 1855 2038 licet
1867 2004 2008 2039 necdum
2018 2004 2075 2039 de-

1180 2049 1328 2090 functos,
1356 2048 1558 2086 demonstrat
1584 2052 1705 2088 assidue
1727 2054 1745 2089 a
1766 2055 1892 2088 canitis
1912 2055 2008 2091 fuiffe
2018 2065 2074 2098 ap-

1182 2098 1319 2142 pellatos
1346 2098 1509 2144 Martyres
1525 2127 1533 2134 .
1562 2103 1721 2137 Notanda
1744 2104 1818 2138 sunt
1843 2103 1959 2139 verba:
1987 2107 2072 2139 Lice't

1181 2160 1240 2181 non
1254 2146 1353 2193 semel
1371 2151 1405 2184 e>-
1425 2154 1552 2191 iterum,
1574 2150 1632 2195 sed
1650 2152 1763 2196 saepius
1776 2178 1786 2194 ,
1807 2162 1839 2187 ut
1861 2158 2008 2194 Martyres
2021 2156 2072 2190 de·

1180 2206 1244 2237 cet,
1269 2199 1376 2232 acerba
1399 2208 1546 2234 tormenta
1565 2204 1700 2244 perpeffi.
1730 2204 1876 2238 Edicunt
1899 2217 1967 2238 non
1997 2205 2073 2249 qui-

1183 2246 1383 2290 buscumque
1405 2250 1606 2292 apprehensis
1630 2253 1664 2286 ὃς
1685 2255 1854 2287 carceratis
1876 2278 1886 2293 ,
1913 2256 1965 2289 sed
1993 2256 2077 2292 solis.

1184 2308 1238 2339 per
1259 2307 1423 2332 tormenta
1443 2298 1588 2342 probatis
1607 2311 1791 2345 competere
1813 2303 1969 2347 Martyris
1994 2307 2072 2339 titu-

1183 2347 1273 2386 lum,
1298 2346 1382 2380 alios
1404 2350 1466 2381 effe
1486 2349 1656 2383 dumtaxat
1669 2352 1897 2387 Confess'ores.
1925 2354 2019 2389 Hinc
2029 2355 2071 2389 de

1183 2396 1415 2436 Themizone,
1446 2396 1598 2437 haeretico
1620 2398 1827 2433 Montanista
1848 2425 1859 2440 ,
1896 2403 1982 2444 apud
2004 2415 2070 2436 me·

1184 2457 1348 2481 moratum
1370 2446 1549 2481 >Eusebium
1572 2447 1681 2484 scribit
1702 2449 1806 2483 etiarn
1829 2450 1984 2493 antiquus
2007 2452 2070 2486 Ec-

1181 2497 1282 2531 clefiae
1307 2497 1429 2530 Donor
1462 2496 1664 2539 Apollonius
1690 2512 1700 2531 .-

1183 2607 1228 2631 ter
1248 2607 1358 2630 crucem
1381 2595 1555 2638 affltc‘lt'onis
1572 2621 1583 2638 ,
1599 2609 1667 2641 quae
1688 2598 1725 2638 est
1758 2607 1882 2641 propria
1905 2608 1969 2634 veri
1990 2605 2069 2633 Con·

1175 2647 1294 2689 seffora·
1316 2655 1407 2684 nota,
1427 2646 1581 2690 gestabat,
1604 2647 1663 2692 sed
1667 2656 1863 2690 pecuniarum
1877 2651 2067 2684 multitudine

1177 2696 1210 2740 se
1229 2698 1244 2729 ἑ
1256 2697 1381 2729 vinculis
1395 2698 1542 2737 eripiebat
1554 2721 1564 2736 ,
1590 2699 1654 2730 cum
1663 2700 1828 2742 oportuisset
1842 2702 1926 2734 illum
1942 2702 1976 2734 ob
1989 2702 2068 2740 istud

1178 2756 1330 2789 peccatum
1350 2744 1454 2778 humili
1476 2749 1511 2780 (π
1527 2746 1663 2790 ficbmiffo
1674 2756 1773 2782 animo
1781 2749 1842 2793 sese
1847 2752 1972 2795 geffisle,
1990 2756 2069 2785 Mar-

1183 2808 1269 2837 tyrem
1296 2798 1331 2831 Θ·
1351 2795 1445 2836 testem
1468 2797 1578 2837 Christi
1591 2796 1625 2840 se
1643 2798 1680 2838 est
1699 2800 1871 2843 glortatus.
1902 2802 1987 2837 Eum
1999 2802 2070 2837 cul·

1183 2856 1235 2891 pat
1259 2846 1299 2880 de
1319 2844 1465 2880 duobus.
1494 2846 1635 2890 Primo,
1660 2848 1749 2891 quod
1770 2850 1816 2884 ob
1837 2851 1939 2885 solam
1963 2863 2069 2887 carce·

1183 2898 1344 2931 rationem
1367 2897 1399 2929 se
1415 2895 1592 2931 crediderit
1615 2899 1797 2940 Martyrem
1818 2926 1826 2934 .
1869 2902 1953 2938 Haec
1975 2903 2067 2937 enim

1183 2946 1358 2983 tolerantia
1379 2946 1424 2979 est
1447 2946 1544 2980 solius
1566 2948 1767 2983 Confefforis
1786 2962 1870 2994 opus
1890 2976 1901 2993 ‚
1927 2953 1962 2986 &
1997 2962 2066 2985 non

1185 2997 1261 3032 facit
1283 2995 1342 3029 nist
1364 2997 1609 3031 Confefforem.
1637 2999 1791 3035 Secundo
1813 3002 1908 3035 illum
1931 3001 2065 3044 culpat,

1185 3046 1273 3090 quod
1299 3057 1459 3080 carcerem
1483 3046 1663 3082 redemisset
1676 3051 1792 3094 grandi
1805 3051 1943 3094 pecunia
1955 3074 1967 3091 ,
1979 3050 2068 3085 ideo·

1186 3107 1250 3141 que
1268 3097 1300 3130 ὅ(
1325 3096 1527 3131 Confefforis
1550 3099 1686 3133 nomine
1709 3101 1788 3135 effet
1808 3099 1983 3144 indignus.
2013 3101 2068 3136 De

1187 3146 1328 3191 ejusdcm
1350 3146 1504 3183 haereseos
1526 3149 1697 3192 festarum,
1722 3150 1767 3185 ob
1786 3148 1917 3193 publica
1930 3151 2069 3185 crimina

1189 3208 1348 3231 carcerato
1372 3223 1383 3239 ,
1408 3209 1447 3233 ac
1467 3198 1508 3231 ad
1530 3209 1668 3234 mortem
1690 3200 1848 3234 damnato
1876 3201 2070 3235 Alexandro

1192 3249 1294 3292 pergit
1316 3247 1465 3282 laudatus
1488 3248 1690 3292 Apollonius
1708 3260 1719 3283 ε
1745 3248 1860 3291 Ephesi
1882 3250 1921 3282 ab
1941 3251 2071 3283 AEmilio

1193 3301 1340 3331 Frontino
1362 3298 1534 3342 Proconsule
1560 3324 1571 3340 ‚
1598 3310 1656 3331 non
1672 3306 1795 3340 propter
1816 3309 1919 3333 nomen
1940 3299 2070 3341 Christi,

1187 3347 1245 3391 sed
1261 3357 1382 3394 propter
1400 3351 1556 3386 latrocinia
1578 3348 1746 3390 Alexander
1756 3353 1791 3386 in
1807 3351 1923 3391 judicto
1936 3353 2073 3383 condem-

1930 3410 2023 3437 natus

1741 2498 1901 2533 Themizon
1922 2511 2000 2534 tatur
2024 2513 2069 2535 re-
2084 2505 2144 2538 Lib.
2176 2518 2200 2541 ς.

1182 2558 1257 2582 vera
1280 2551 1421 2580 avaritia
1437 2544 1576 2588 sordibus
1603 2549 1759 2582 involutus
1771 2573 1782 2589 ‚
1808 2557 1930 2592 quinon
1943 2553 2068 2585 toleran—
2083 2556 2145 2586 cal>-
2159 2557 2201 2580 ¹⁷·
