2346 3724
637 132 1055 180 CAPIT

385 297 475 368 Inde
502 333 614 388 potat
638 314 760 383 fidem
778 354 792 380 ,
825 320 916 365 &a

261 467 392 505 Dostor
398 469 509 505 laudat
516 469 550 505 in
560 470 729 514 Baptismo
735 467 803 503 fieri
810 467 1000 502 consuetam
1009 463 1039 499 A
1044 475 1101 508 po-

208 519 322 556 -ssolici
343 520 493 564 Symboli
507 522 720 556 traditionem
743 531 780 553 ac
790 517 1010 552 redditionem
1023 539 1034 555 ,
1061 514 1102 549 de

80 590 154 627 Cap,
169 598 197 625 4·
212 582 278 615 qua
290 569 397 605 scribit
417 572 515 605 etiam
530 572 565 606 in
587 571 672 605 libro
689 569 730 604 de
742 567 958 612 Spectaculis:
986 570 1102 608 Aquam

215 621 329 666 ingressi
337 621 539 661 christianam
546 621 640 664 fidem
650 625 683 653 in
704 621 775 664 legis
790 617 854 662 suae
874 618 969 652 verba
985 615 1103 659 profite-

214 679 298 705 mur.
326 671 378 705 Ex
390 671 551 714 Symbolo
564 670 707 705 Ecclesia
728 669 828 704 fidem
850 678 941 713 potat
953 692 964 707 ‚
991 666 1079 700 idest
1092 689 1103 704 ,

214 722 366 766 propinat
375 719 614 756 hauriendama
627 718 889 755 Catechumenis.
917 718 973 752 Est
985 715 1103 761 phrafis

77 786 193 824 lom-7·
215 772 353 806 fundata
366 774 400 806 in
415 773 600 816 Evangelio
614 784 622 804 ε
651 773 682 804 si
695 775 761 813 quis
765 769 828 812 fitit
842 793 853 810 ‚
867 774 973 803 veniat
982 769 1026 800 ad
1034 777 1080 799 me
1092 788 1103 805 ,

215 823 251 856 (εἰ
264 822 368 857 bibat.
395 821 499 856 Porro
522 820 611 864 quod
626 821 685 855 ista
697 821 776 854 fides
797 830 853 864 per
869 818 1101 853 sacrosanctam

216 882 336 914 aquam
351 872 517 918 signetur,
545 871 674 906 1)οᾶοτ
683 870 823 904 affirmat
843 869 944 903 etiam
967 870 1001 901 in
1018 866 1103 901 libro

75 941 155 978 Cap·
172 943 197 969 ⁶
215 922 258 955 de
277 921 478 957 Poenitentia
501 934 508 953 :
539 924 710 954 Lavacrum
731 919 812 953 illud
831 918 985 963 obsignatio
1005 916 1043 957 est
1068 916 1103 958 fi-

216 973 286 1006 dei.
315 970 405 1005 Etin
419 970 503 1005 libro
524 970 567 1005 de
579 970 768 1014 Baptismo:
796 970 910 1003 Addita
928 967 966 1008 est
977 966 1102 1008 amplia-

63 1020 140 1059 (331)·
155 1027 200 1057 ¹3·
213 1027 259 1056 rio
278 1024 490 1060 sae-ramento,
516 1018 675 1064 obfignatio
692 1018 845 1061 Baptismi
858 1042 869 1058 ‚
894 1016 1102 1057 vestimentum

214 1072 432 1114 quodammodo
456 1070 551 1111 fidei,
581 1079 650 1110 quae
670 1070 751 1102 retro
770 1076 837 1100 erat
862 1067 963 1100 nuda.
991 1066 1035 1100 Et
1047 1065 1103 1099 ite-

216 1120 289 1154 rum
302 1119 336 1153 in
363 1118 481 1154 eodem
502 1116 587 1152 libro
601 1131 612 1151 :
638 1119 733 1152 Fides
757 1116 907 1161 obfignata
929 1122 962 1148 in
987 1119 1102 1156 Patre,

215 1171 364 1210 &Filio,
387 1170 423 1203 <⁰5
443 1170 557 1210 spiritu
580 1167 705 1201 Sanno.
730 1168 811 1201 Hoc
833 1168 879 1202 est
893 1191 904 1207 ‚
931 1166 1101 1211 obsignata

217 1230 274 1264 per
285 1219 488 1262 Baptismum
502 1242 513 1260 ,
538 1217 653 1252 datum
667 1218 701 1252 in
714 1218 814 1252 trium
827 1218 1034 1261 personarum
1048 1227 1103 1250 no-

145 1301 156 1313 ,
193 1306 200 1314 ,
218 1270 310 1304 mine
330 1294 338 1301 .
368 1269 413 1303 Et
434 1268 470 1302 in
491 1267 577 1302 libro
600 1268 643 1302 de
662 1268 858 1311 Spectaculis
880 1281 892 1300 .·
919 1267 1103 1309 Principalis

218 1319 385 1353 authoritas
398 1317 483 1360 ipsius
495 1319 642 1361 signaculi
657 1318 742 1357 nostri
758 1342 764 1349 .
790 1317 914 1352 Eadem
927 1316 1029 1360 phrasi
1043 1316 1103 1351 uti-

219 1379 274 1404 tur
297 1371 332 1404 in
345 1368 567 1412 Ecclesiastica
590 1365 723 1402 historia
744 1367 904 1402 Eusebius
927 1367 1105 1402 Caesareen-

220 1421 281 1459 fis,
307 1419 419 1453 dicens
436 1418 478 1452 de
502 1417 643 1451 Bafilide
669 1415 917 1452 Catechumeno
937 1430 945 1450 ι
974 1421 1104 1451 Fratres

219 1468 394 1512 eiSigillum
416 1471 450 1500 in
459 1469 584 1500 Domino
605 1473 820 1510 impetrarunt.
849 1468 893 1501 Et
915 1467 949 1501 in
976 1467 1104 1501 suarum

218 1516 436 1554 catechefion
458 1517 645 1560 praefatione
665 1517 800 1552 sanstus
817 1516 964 1560 Cyrillus
986 1517 1106 1550 Hiero·

215 1568 352 1612 solymae
374 1567 576 1611 Episcopus.-
603 1566 767 1610 Baptisma
790 1566 827 1607 est
838 1567 1024 1611 signaculum
1036 1565 1107 1609 san-

216 1618 316 1652 Bum.
346 1619 390 1652 Et
411 1618 446 1651 in
466 1618 617 1652 oratione
630 1617 781 1651 adversus
804 1616 934 1651 Sabellii
949 1617 1106 1661 Gregales

217 1668 356 1702 Sanstus
378 1667 592 1701 Athanafius:
620 1667 723 1703 Habes
741 1666 891 1711 summam
901 1667 976 1710 fidei
997 1672 1029 1699 in
1043 1668 1107 1699 Ba-

215 1718 381 1761 ptismare,
407 1719 441 1751 <zi
453 1716 549 1750 tribus
569 1720 735 1762 signaculis
756 1716 872 1761 sanc‘lis
885 1743 895 1759 ‚
919 1726 976 1759 per
995 1729 1063 1760 quae
1076 1715 1107 1750 in

215 1767 344 1811 ¹(alutem
370 1777 559 1810 regeneratus
585 1780 617 1801 es
641 1793 648 1800 .
679 1767 760 1802 Tria
789 1770 902 1803 Sonsta
929 1766 1104 1812 SIgnacula

219 1818 360 1862 appellat
382 1827 446 1851 tres
472 1817 612 1851 Divinas
634 1817 854 1860 Hypostasesz
883 1818 927 1850 Et
951 1820 984 1851 in
1009 1817 1108 1853 tertio

219 1867 373 1903 adversus
388 1866 594 1900 Eunomium
607 1866 691 1900 libro
703 1867 851 1910 Magnus
863 1867 1016 1901 Basilius:
1045 1870 1108 1900 Ba·

215 1916 350 1962 ptismus
364 1915 406 1957 est
418 1918 605 1960 signaculum
614 1915 705 1958 fidi-i.
737 1916 779 1950 Et
805 1918 838 1950 in
864 1917 949 1951 libro
961 1917 1002 1952 de
1012 1917 1109 1961 Spiri-

220 1978 257 2002 tu
281 1968 399 2002 Sancto
420 1980 427 1999 ε
460 1965 622 2008 Baptisma
649 1964 795 2007 confignat
817 1966 940 2005 panum
962 1968 1107 2006 nostrum.

222 2017 372 2051 Plurima
385 2018 460 2048 sunt
480 2015 596 2047 similia
610 2015 799 2047 Sanctorum
814 2014 946 2048 Patrum
967 2016 1109 2050 testimo-

221 2067 298 2101 nia.
319 2064 549 2108 Nequaquam
574 2063 826 2097 circumcisioni
850 2089 862 2104 ,
888 2076 985 2107 quam
1009 2064 1108 2099 etiarn

222 2116 298 2150 fidei
319 2114 533 2159 signaculum
558 2112 733 2156 appellavit
754 2113 961 2156 Apostolus,
988 2114 1110 2159 Baptis-

220 2176 277 2201 ma
288 2175 499 2207 comparant,
524 2162 557 2196 ἃ
568 2174 717 2197 evertunt
730 2164 882 2198 virtutem
897 2166 1020 2208 operati
1032 2177 1109 2209 ope·

99 1441 162 1474 Lib.
174 1446 201 1471 6.

97 1490 166 1521 cap·
175 1492 194 1517 4

69 1865 146 1904 Cap.
159 1873 202 1894 12.

46 2211 206 2244 Laudem-
220 2215 285 2250 εἰς.
311 2213 405 2248 Abfit
422 2237 430 2247 .
459 2211 689 2253 Monstrosi‘fflmae
714 2215 901 2256 Quintiilae,
926 2227 993 2257 quae
1020 2215 1109 2248 homi·

46 2261 125 2292 ¹⁸⁸⁶·
138 2263 162 2282 ¹⁴
220 2277 291 2300 nem
306 2270 339 2298 in
350 2276 448 2307 aquas
470 2263 617 2307 demissum
630 2287 640 2302 ‚
668 2265 702 2297 (ff
715 2269 793 2296 inter
816 2272 914 2306 pauca
937 2265 1030 2299 verba
1051 2272 1109 2299 tin-

221 2316 305 2349 c‘lum
320 2338 330 2355 ‚
342 2315 526 2347 mundiorem
536 2311 681 2356 resurgere
692 2312 816 2347 ridebat
829 2339 839 2354 ,
862 2315 907 2349 est
921 2315 1006 2349 istud
1020 2327 1109 2350 coru-

223 2375 373 2400 mentum
386 2388 392 2396 .
423 2363 476 2397 Ex
488 2363 554 2406 ejus
567 2363 691 2405 Cajana
703 2362 808 2397 haetefi
821 2365 1010 2406 prodierunt
1023 2367 1109 2401 Mar-

223 2415 313 2449 tinus
326 2412 489 2449 Lutberus
514 2423 552 2447 ac
565 2412 704 2455 Ioannes
716 2413 877 2448 Calvinus
889 2438 897 2446 .

413 2563 555 2611 Sani-[¹0
590 2569 735 2633 Spiritu
782 2565 894 2630 vestit
907 2601 922 2614 .

276 2714 479 2758 Baptismum
502 2715 564 2748 esse
588 2713 664 2749 fidei
688 2715 918 2751 vestimentum
940 2740 952 2757 ‚
979 2716 1110 2751 abunde

225 2764 331 2808 liquet
345 2776 385 2798 ex
409 2764 473 2806 jam
490 2765 635 2798 adductis
649 2767 797 2810 Septimii
810 2765 1026 2801 testimoniis.
1056 2767 1110 2801 Et·

225 2817 315 2848 enim
338 2814 506 2858 obsignare
525 2815 572 2847 est
596 2814 695 2850 etiam
720 2816 834 2851 vestire
855 2840 863 2848 .
893 2816 963 2850 Hic
983 2818 1109 2852 Dostor

228 2865 338 2898 addit:
368 2864 716 2905 Vestitspiriiusanc‘lo.
747 2866 883 2911 Agitde
895 2866 1111 2908 Christianae,

224 2915 283 2949 ·cui
305 2913 423 2957 phrasis
448 2913 506 2947 ista
531 2916 675 2958 propria,
706 2916 981 2950 Confirmationis
1002 2916 1112 2951 Sacra-

226 2973 362 3000 mento.
390 2963 559 3006 Propriam
581 2965 611 2998 ei
633 2965 710 2999 fecit
727 2966 1110 3002 resuscitatusamortuis

226 3015 417 3050 Dominus:
445 3016 547 3047 Sedete
562 3019 742 3055 incivitate,
770 3016 916 3060 quousque
939 3018 1109 3052 induamini

227 3072 343 3099 virtute
353 3076 390 3097 ex
403 3065 480 3097 alto.
511 3063 579 3098 Uti
594 3064 760 3100 Christum
775 3067 964 3101 Dominum
976 3079 1031 3110 per
1051 3067 1110 3101 Ba-

226 3116 366 3159 ptisma,
394 3115 439 3148 ita
466 3125 520 3157 per
539 3114 837 3151 confirmationem
861 3116 1108 3161 proprieindui-

231 3176 305 3199 mus
322 3165 479 3208 Spiritum
510 3165 683 3205 Sanctum,
707 3165 822 3209 &ejus
843 3168 965 3210 septem
987 3167 1111 3208 Dona,

227 3224 300 3258 quae
319 3217 392 3249 sunt
414 3215 694 3258 complementum
719 3214 979 3251 Christianitatis
993 3240 1001 3249 .
1030 3217 1111 3252 Hoc

229 3263 325 3307 porro
336 3261 577 3299 Sacramentum
589 3265 762 3308 Septimius
783 3266 892 3300 laudat
913 3267 1013 3300 etiam
1031 3268 1112 3302 infra

229 3313 264 3346 in
277 3312 419 3355 hocipso
433 3315 517 3349 libro
530 3340 540 3355 ,
567 3314 679 3349 dicens
698 3316 739 3348 de
751 3315 898 3351 Diabolo
926 3317 962 3351 in
985 3317 1111 3353 sacrile-

329 3362 434 3403 christ.
449 3369 528 3408 Lupi
539 3369 636 3408 Opera
649 3369 681 3397 T.
692 3368 748 3398 IX.

80 3022 148 3053 Luc.
161 3031 207 3057 24.

1124 147 1141 179 1

1211 148 1230 178 s
1347 132 1611 179 XXXVI.
1868 148 1972 196 297

1163 215 1214 260 gis
1228 211 1364 249 Mithrae
1374 212 1461 248 Idoli
1472 212 1578 248 Sacris
1595 213 1705 248 nostra
1716 216 1867 258 mysteria
1879 208 2039 253 aemulan'-

1162 276 1214 300 te:
1241 260 1346 307 Signat
1354 264 1416 298 illic
1436 263 1580 307 insumo
1597 265 1706 296 milites
1724 263 1792 306 suos
1803 290 1812 298 .
1838 267 1882 302 Et
1900 269 1936 302 in
1949 267 2034 305 libro
2049 257 2123 297 0²1³·
2138 267 2188 296 4'0·

1162 316 1201 350 de
1214 315 1461 349 Resurreuione
1471 314 1594 349 carnis:
1621 316 1700 347 Caro
1714 313 1862 355 abluitur,
1887 328 1920 350 ut
1932 325 2035 353 anima

1161 366 1337 400 emaculetur
1357 377 1372 406 ;
1397 375 1466 398 caro
1488 369 1609 408 ungitur
1628 388 1638 406 ,
1662 372 1697 397 ut
1719 370 1826 399 anima
1842 365 2125 413 consecretur;cap.
2142 376 2187 404 8.4

1161 427 1226 449 caro
1242 414 1405 460 figmina,
1428 422 1463 447 ai
1483 415 1631 449 &anima
1653 419 1831 456 muniatur;
1857 425 1924 447 caro
1934 428 2040 451 manus

1164 464 1340 508 impositione
1360 464 1573 506 obumbratur,
1598 473 1631 498 ut
1653 466 1687 499 ts·
1710 470 1815 498 anima
1835 466 1952 507 Spiritu
1971 467 2044 498 illu-

1161 522 1289 550 minetur
1297 541 1304 549 .
1336 515 1379 550 Et
1393 515 1427 549 in
1439 514 1545 558 primo
1558 515 1644 549 libro
1653 514 1806 549 advers-us
1815 514 2025 549 Marcionem
2036 530 2043 549 :

1163 571 1286 601 Creator
1302 568 1388 609 ‘aqua
1401 563 1471 608 suos
1493 565 1589 598 abluit
1601 589 1612 605 ‚
1638 566 1696 598 oleo
1713 564 1782 608 sitos
1803 571 1889 609 ungit
1910 590 1917 598 .
1945 565 1988 599 Et
2007 566 2042 599 in
2058 564 2130 603 Cap.
2150 575 2194 601 ¹4,

1165 618 1262 652 tertio
1274 616 1380 650 libro:
1407 616 1592 659 signaculum
1602 615 1770 657 frontium.
1797 615 1886 649 Etin
1905 615 1989 650 libro
2000 615 2042 650 de

1165 667 1354 711 Baptismo:
1380 666 1491 710 Egreffi
1511 666 1548 698 de
1561 669 1697 698 Lavacro
1714 664 1907 709 perungimur
1928 666 2044 700 benedi-

1164 716 1212 749 έῖα
1223 716 1356 751 αηίἶὶσηε
1369 743 1376 750 .
1394 717 1579 751 ⁴Carnaliter
1598 720 1692 749 currit
1714 714 1810 748 undio
1822 739 1834 756 ,
1856 714 2042 759 sedspiriia'-

1166 769 1235 800 liter
1250 767 1387 810 proficit:
1414 767 1567 810 ,Quomodo
1590 765 1722 808 &ipsius
1735 764 1890 809 Baptismi
1907 767 2041 800 carnalis·

1166 817 1248 850 alius
1258 841 1269 857 ,
1285 818 1367 859 quod
1373 823 1406 850 in
1416 827 1526 859 aquam
1538 822 1698 861 mergimur
1709 840 1720 856 ‚
1737 815 1888 859 spiritalis
1899 816 2020 858 efflu‘lus
2030 842 2044 859 ,

1165 869 1245 908 quod
1262 867 1378 901 deliciis
1400 866 1560 901 liberamur
1580 891 1587 898 .
1618 867 1663 900 Et
1687 867 1722 900 in
1745 867 1890 910 sequenti
1909 868 2040 911 capite:
2062 883 2136 921 (Ἀρ,
2154 885 2184 916 7-'

1167 916 1280 952 Dehinc
1296 929 1404 951 manus
1421 922 1602 959 imponitur:
1626 925 1682 959 per
1703 916 1932 951 benedillionem
1943 919 2044 952 advo·-

1165 978 1235 1000 cans
1260 992 1270 1008 ‚
1297 969 1330 1001 (·>·
1350 972 1488 1002 invitans
1514 969 1660 1010 spiritum
1692 966 1834 1000 sanilam
1855 992 1862 999 .
1889 970 1969 1002 Tunc
1994 970 2044 1002 ille

1166 1018 1358 1058 Sandliffimus
1384 1021 1510 1060 spiritus
1530 1017 1621 1061 super
1645 1018 1810 1052 emundata
1836 1019 1870 1051 Θ
1889 1018 2049 1052 benediHa

1163 1076 1283 1109 corpora
1294 1069 1388 1101 libens
1412 1070 1539 1102 aPatre
1562 1067 1731 1109 descendit.
1762 1066 1904 1101 Videtur
1925 1070 2046 1103 frontis

1167 1118 1356 1152 unstionem
1377 1119 1411 1151 &
1423 1128 1537 1152 manus
1549 1118 1792 1161 impositionem
1810 1118 1846 1151 in
1859 1117 1927 1151 duo
1940 1118 2048 1153 Sacra·
2062 1127 2067 1132 ²

1167 1177 1276 1202 menta
1289 1167 1452 1201 dividere.
1478 1167 1574 1202 Olim
1585 1168 1675 1201 enim
1688 1176 1828 1209 utroque
1840 1192 1851 1208 ‚
1868 1168 1900 1201 ἀ
1914 1168 2051 1211 quidem

1167 1216 1304 1262 propriis
1315 1216 1462 1261 precibus
1473 1216 1589 1251 vestito
1603 1241 1613 1255 ‚
1639 1217 1702 1250 ritu
1716 1217 1867 1250 utebatur
1888 1217 1922 1250 ἀ
1934 1218 2055 1251 Orien-

1166 1264 1240 1301 talis
1262 1267 1532 1303 &Occidentalis
1555 1266 1715 1300 Ecclefia.
1747 1266 1791 1299 Et
1816 1264 1894 1299 hinc
1917 1267 2053 1310 quidam

1168 1328 1341 1362 utrumque
1360 1318 1589 1352 existimarunt
1615 1318 1677 1351 effe
1709 1315 1845 1358 partiale
1868 1317 2057 1352 Sacramen-

1167 1378 1256 1402 tum.
1285 1367 1333 1402 At
1346 1368 1448 1402 solam
1467 1367 1657 1400 unctionem
1682 1368 1745 1399 effe
1765 1365 1989 1408 essentialem,
2020 1368 2055 1401 &t

1169 1428 1284 1452 manus
1297 1417 1542 1460 impositionem
1564 1416 1628 1458 jam
1642 1415 1767 1460 pridem
1794 1414 1812 1448 ὲ
1825 1416 1946 1449 Graecis
1956 1418 2057 1450 omit-

1168 1469 1194 1502 ti
1207 1492 1218 1507 ,
1236 1469 1269 1501 in
1281 1467 1468 1503 doe'tiffimis
1480 1467 1520 1501 ad
1533 1467 1674 1510 ipsorum
1691 1463 1939 1509 Euchologium
1954 1466 2057 1501 Scho-

1171 1518 1223 1551 liis
1235 1517 1436 1551 demonstrat
1460 1516 1599 1559 Jacobus
1622 1515 1734 1550 Goar.
1762 1514 1907 1548 Plurima
1922 1517 1994 1550 sunt
2018 1518 2054 1551 ὅ(

1170 1568 1351 1601 sanctorum
1364 1566 1497 1600 Patrum
1510 1567 1543 1600 &
1556 1566 1718 1599 sacrorum
1730 1564 1909 1599 Canonum
1920 1577 1979 1608 pro
1991 1565 2058 1600 hoc

1170 1619 1383 1652 Sacramento
1397 1615 1585 1650 testimonia
1600 1640 1610 1655 ‚
1638 1626 1793 1658 perpetuo
1816 1616 1982 1659 utriusque
1996 1616 2058 1650 Ec·

1168 1668 1267 1702 clefiae
1290 1668 1349 1700 usu
1372 1666 1525 1701 roborata
1547 1690 1554 1698 .
1594 1664 1747 1709 Utraque
1768 1665 1845 1700 oleo
1865 1667 2058 1701 commiscet

1169 1717 1350 1752 balsamum
1374 1717 1409 1750 in
1430 1715 1632 1750 essentialem
1656 1715 1823 1749 materiam
1845 1740 1852 1748 .
1881 1717 1993 1751 Graeca
2020 1717 2056 1751 iu

1169 1775 1401 1811 ornamentum
1413 1766 1505 1799 addit
1518 1766 1624 1808 plures
1634 1765 1815 1799 odoriferas
1827 1766 1946 1807 species
1956 1791 1967 1805 ‚
1995 1765 2058 1799 stui-

1170 1817 1260 1851 diosa
1273 1825 1339 1850 arte
1360 1815 1575 1857 compositas,
1605 1824 1685 1856 quas
1710 1814 1772 1846 tibi
1788 1813 1936 1848 ostendet
1949 1815 2061 1850 lauda-

1171 1878 1243 1901 tum
1269 1863 1518 1909 Euchologium
1539 1889 1547 1896 .
1580 1863 1678 1901 Plura
1702 1862 1775 1900 dixi
1794 1866 1831 1900 in
1851 1864 1992 1902 Scholiis
2015 1865 2058 1902 ad

1171 1919 1321 1954 octavam
1333 1915 1507 1960 Synodum
1520 1939 1527 1948 .

2061 685 2137 723 Cap.
2151 695 2198 715 υ..

1409 2064 1647 2133 eucharistia
1669 2065 1824 2136 pascit.

1221 2216 1305 2252 Tria
1341 2215 1513 2254 dumtaxat
1538 2219 1683 2255 Ecclefiae
1705 2220 1911 2257 Sacramenta
1929 2219 2060 2256 nostor

1171 2267 1324 2307 adducit,
1341 2279 1408 2303 non
1421 2268 1508 2312 quod
1521 2270 1611 2313 plura
1624 2282 1690 2304 non
1701 2271 1855 2315 agnoscat
1866 2295 1876 2311 ,
1900 2271 1954 2305 sed
1967 2269 2057 2315 quod

1172 2325 1247 2363 agat
1268 2318 1309 2352 de
1321 2318 1498 2354 traditione
1509 2331 1546 2353 ac
1559 2319 1741 2354 redditione
1758 2319 1942 2363 Apostolici
1959 2323 2060 2362 Sym»-

1173 2368 1266 2408 boli,
1294 2377 1392 2409 atque
1414 2368 1455 2402 de
1478 2368 1542 2403 fide
1556 2369 1834 2413 Neophytorum,
1860 2370 1977 2414 quibus
1997 2371 2059 2405 tria

1173 2417 1268 2451 simul
1290 2419 1498 2454 Sacramenta
1521 2444 1532 2460 ,
1558 2420 1764 2463 Baptismum
1788 2443 1799 2459 ,
1824 2421 2060 2455 Confirmatio-

1175 2478 1249 2501 nem
1261 2492 1271 2508 ‚
1298 2468 1332 2502 δε
1348 2468 1585 2503 Eucharistiam
1597 2495 1608 2511 ‚
1636 2471 1770 2515 antiqua
1783 2472 1905 2513 semper
1919 2471 2060 2505 Ecclesia

1176 2518 1371 2561 impartivit.
1401 2518 1526 2553 Eadem
1548 2517 1588 2554 de
1612 2522 1705 2554 causa
1732 2521 1866 2555 inferius
1888 2523 1922 2555 in
1946 2520 2060 2555 hoeli-

1174 2569 1230 2602 bro
1243 2592 1253 2607 ‚
1283 2568 1316 2600 δε
1333 2568 1368 2601 in
1380 2566 1466 2603 libro
1479 2569 1520 2604 de
1533 2571 1638 2604 carnis
1651 2570 1901 2605 Resurrestione
1921 2570 2060 2614 conjun-

1110 2653 1114 2662 Ι
1171 2619 1220 2663 git
1243 2617 1357 2652 eadem
1376 2619 1437 2652 tria
1461 2620 1687 2654 Sacramenta.
1714 2621 1841 2656 Omnes
1864 2621 1975 2665 paffim
1998 2621 2057 2655 Pa·

1172 2679 1250 2708 tres,
1277 2663 1491 2712 antiquiffimi
1512 2670 1668 2705 Canones
1685 2694 1695 2709 ‚
1723 2672 1924 2714 antiquaque
1944 2671 2056 2704 Eccle-

1172 2719 1285 2753 fiarum
1304 2717 1512 2763 Euchologia
1539 2719 1572 2752 &
1586 2719 1732 2754 Ritualia
1754 2721 1830 2753 ritui
1844 2720 2053 2753 attestantur.

1172 2766 1274 2802 Porro
1307 2767 1517 2802 Eucharistiae
1554 2768 1720 2802 veritatem
1744 2769 1871 2802 Dostor
1905 2768 2057 2811 praedicat

1172 2818 1268 2853 etiam
1293 2816 1327 2850 in
1341 2817 1424 2851 libro
1445 2817 1485 2851 de
1507 2816 1690 2851 Pudicitia:
1721 2820 1885 2859 opimitate
1908 2821 2056 2853 Dominici

1172 2872 1311 2910 Corporis
1323 2865 1470 2910 vescitur,
1499 2866 1689 2907 Eucharistia
1715 2865 1840 2910 scilicet.
1872 2867 2006 2903 Etenim
2019 2869 2055 2903 in
2071 2853 2183 2893 ‘3³⁹9‘

1174 2917 1308 2961 simplici
1320 2917 1414 2961 signo
1429 2916 1518 2951 null'a
1535 2918 1579 2951 est
1594 2916 1768 2960 opimitas.
1795 2918 1886 2965 Esin
1909 2918 1996 2954 libro
2014 2919 2066 2955 de

1174 2969 1297 3002 Anima
1312 2981 1323 3001 .·
1351 2967 1495 3000 Dominus
1520 2973 1626 3000 vinum
1649 2973 1682 3000 in
1702 2966 1750 3010 sui
1768 2965 1931 3012 sanguinis
1952 2981 2055 3004 memo·
2072 2971 2145 3010 Cap.
2164 2980 2210 3007 ¹7·

1172 3025 1250 3051 riam
1260 3015 1451 3062 consecravit.
1479 3018 1563 3051 Fieri
1577 3018 1667 3051 enim
1681 3018 1849 3052 Dominus
1857 3018 1942 3061 juffit
1955 3020 1990 3053 in
2004 3020 2055 3054 sui

1174 3069 1526 3103 commemorationem
1542 3093 1549 3100 .
1578 3067 1621 3101 Et
1642 3068 1677 3101 in
1700 3068 1843 3104 secundo
1864 3069 1904 3103 ad
1917 3080 2054 3106 uxorem

1176 3119 1259 3153 libro
1270 3118 1429 3153 dissuadet
1443 3117 1568 3162 gentile
1590 3117 1784 3162 conjugium
1798 3143 1809 3159 ,
1835 3119 1924 3163 quod
1947 3120 2054 3164 genti-

1176 3171 1213 3203 lis
1236 3168 1371 3203 maritus
1396 3167 1585 3202 sumendam
1611 3168 1630 3200 a
1657 3168 1746 3202 fideli
1771 3181 1873 3204 uxore
1899 3168 2056 3204 Euchari-

1175 3220 1290 3258 stiam,
1317 3216 1513 3261 Etfisciverit
1525 3225 1637 3259 panem
1657 3242 1669 3259 ,
1695 3229 1753 3251 non
1772 3221 1856 3252 illum
1879 3220 1982 3252 credat
2005 3222 2056 3263 esJe

1175 3276 1225 3312 qui
1237 3271 1344 3302 dicitur
1357 3294 1364 3301 .
1394 3269 1424 3302 A
1438 3266 1532 3301 nobis
1554 3269 1644 3302 enim
1665 3269 1806 3303 creditur
1827 3270 1860 3303 δε
1873 3269 1991 3303 dicitur
2002 3280 2054 3303 ve-

1177 3331 1249 3355 rum
1262 3319 1402 3355 Domini
1423 3328 1557 3362 corpus.
1585 3317 1696 3362 Hujus
1716 3319 1778 3353 effe
1800 3320 1928 3365 signum
1947 3320 2058 3364 genti·

1679 3368 1710 3402 C
1738 3380 1756 3402 c
1967 3369 2008 3404 lis

2072 3245 2144 3283 Cap
2163 3251 2190 3280 5.
