2346 3724
720 215 760 258 C
929 227 951 255 ι’
1019 224 1035 254 1

240 296 398 332 stolorum
409 304 509 328 nemo
521 318 531 334 ‚
561 293 617 327 nisi
632 294 716 329 forte
737 296 804 339 ejus
814 296 924 329 fratres
937 291 1078 336 Jacobus
1089 291 1122 324 δε

243 347 339 391 Judas
350 371 360 386 ,
385 355 510 388 poterat
522 346 583 378 esse
596 346 738 388 ipsorum
749 345 900 380 oculatus
910 343 1000 377 testis
1012 366 1019 374 .
1043 342 1120 375 San-

242 400 310 431 ctus
335 396 477 438 Ioannes
496 395 596 428 etiam
619 397 730 439 quaerit
741 420 752 436 ,
777 406 834 430 cur
856 394 989 428 Sanctus
1013 393 1122 426 Lucas

241 446 329 480 dicat
339 471 349 485 ,
375 450 459 479 Fieri
470 445 569 486 testem
581 445 837 489 Resurreclionis?
866 445 934 477 Cur
946 443 1046 476 sollus
1061 443 1123 476 Re-

241 496 449 531 surrectionis
471 496 623 539 exquirat
643 496 891 530 testimonium?
919 493 995 528 Gur·
1006 494 1046 526 in
1068 492 1125 526 eli·

241 546 354 590 gendo
367 545 532 589 Apostolo
546 547 696 589 exquirat
718 546 800 580 solas
811 544 983 588 qualitates
995 542 1036 577 ad
1047 542 1125 577 dan·

243 598 324 631 dum
337 596 507 638 publicum
519 597 551 630 δε
562 596 730 631 oculatum
753 596 979 630 testimonium
988 594 1051 628 soli
1065 594 1126 627 Re-

244 646 456 680 surreffloni?
483 647 526 680 Et
538 647 704 692 eleganter
716 645 902 689 respondet:
930 645 1080 687 siquidem
1092 644 1127 676 il-

244 699 267 730 li
278 703 376 740 magis
387 706 453 739 erar
464 696 605 730 habenda
612 697 690 739 fides
701 721 712 738 ‚
727 702 790 740 ·qui
797 705 916 738 poterat
928 697 1023 728 dicere
1031 719 1041 734 ‚
1063 696 1128 738 ,Qui

831 227 857 255 A
1108 225 1132 253 T

207 792 210 793 ⁷
244 746 368 786 edebat,
397 754 451 791 qui
470 747 614 788 bibebat,
641 753 693 791 qui
717 747 876 790 crucifixus
896 745 956 787 est,
982 746 1064 778 idem
1086 755 1127 777 re-

118 2146 184 2179 Lib.
212 2155 238 2173 2-

125 2195 190 2225 cap-
212 2194 238 2220 5·

240 797 267 840 s
261 798 396 830 arrexit‘.
423 803 528 840 Itaque
542 810 600 831 non
611 797 761 840 oportebat
772 798 823 840 effi:
833 795 932 836 testem
951 806 1043 838 neque
1050 798 1129 837 prio-¹

244 859 312 880 rum
332 856 516 889 temporum,
542 859 634 890 neque
641 848 843 892 prodigiorum
852 859 921 889 quae
941 845 1039 888 postea
1053 843 1129 888 sunt

243 897 324 941 gesta
336 922 343 929 .
371 902 459 931 Nam
471 898 552 940 quod
560 897 770 941 quaerebatur,
788 906 852 930 erat
863 895 1047 938 Resurrefflo
1058 921 1065 927 .
1086 897 1105 927 5
1107 899 1128 926 i·

246 949 364 990 quidem
384 947 440 988 ista
465 956 551 981 erant
573 946 732 988 manifesta
746 949 817 987 ,ΛΘ
835 946 1041 988 inuconfeffis,
1066 943 1131 977 baec

247 1007 347 1030 autem
356 999 432 1031 clam
439 997 530 1038 falla
541 997 580 1036 est
593 1021 604 1037 ,
629 998 663 1031 (θ’
680 996 760 1039 bisce
772 996 850 1039 solis
867 993 1069 1036 erat-munifi·
1092 1006 1112 1026 a
1123 1018 1130 1024 .

247 1053 358 1090 Neque
367 1050 490 1086 dicunt,
519 1048 622 1090 Angeli
642 1047 809 1080 retulerunt
834 1045 918 1078 nobis
932 1069 943 1085 ,
965 1042 1021 1086 seii
1045 1044 1130 1077 vidi·-

248 1110 315 1132 mus
328 1109 380 1129 nos
395 1120 403 1129 .
430 1097 625 1138 Undediqun
645 1095 723 1136 illud
731 1095 749 1127 ,2
767 1098 828 1129 Ex
839 1094 1065 1137 miraculisque
1079 1093 1132 1136 fa·

249 1153 361 1182 cimus.
392 1145 438 1179 ob
455 1147 499 1178 -id
516 1146 688 1187 potifflmum
706 1147 744 1179 id
766 1151 906 1188 temporis
929 1144 1133 1189 digm‘eram,

249 1199 360 1243 quibus
382 1198 550 1237 crederetur
570 1222 578 1230 .
616 1196 798 1231 Dominica
823 1196 942 1241 pallio,
968 1206 1050 1229 crux
1063 1206 1077 1236 ‚'
1101 1195 1135 1228 &

249 1260 342 1284 mors
361 1258 430 1281 non
441 1247 823 1293 egebanttestimoniis,
852 1247 906 1281 sed
928 1246 996 1281 sola
1013 1244 1140 1279 Resur-‘
1162 1258 1165 1260 “

250 1299 407 1394 “stde
423 1345 454 1384 A
475 1319 482 1337 Γ
498 1347 578 1386 :stoli
600 1318 664 1382 effe
673 1314 845 1382 debuerint
859 1318 1138 1389 nonquiiieseum-

254 1410 317 1443 que
337 1397 512 1439 discipuli,
538 1396 593 1432 sed
617 1394 1057 1437 Dominineontubernales,
1081 1392 1139 1430 db-

254 1447 403 1486 mestici,
428 1456 526 1488 atque
546 1447 805 1485 commensales,
832 1446 929 1479 tradit
941 1447 1077 1479 sanstus
1089 1446 1141 1488 Jo-
1166 1456 1168 1460 ·

253 1508 356 1531 annes
376 1494 487 1538 etiam,
499 1495 534 1528 in
547 1495 637 1528 sexta
648 1493 786 1528 homilia
801 1496 895 1537 super
906 1494 1077 1537 epistolam
1100 1495 1140 1528 ad

254 1544 479 1588 Philippenses
491 1569 501 1584 ‚
525 1542 664 1577 scribens
673 1544 714 1578 de
726 1543 806 1587 Juda
817 1543 973 1578 traditore
989 1556 996 1575 :
1014 1545 1143 1588 Judam

255 1600 403 1630 Dominus
429 1593 579 1638 obscurum
590 1595 765 1638 &ignotum
787 1593 933 1627 bominem
946 1600 1084 1633 vocavit,
1114 1606 1142 1627 u-

253 1659 328 1681 num
340 1658 378 1678 ex
390 1646 540 1678 duodecim
552 1644 632 1685 fecit
643 1668 654 1685 ‚
682 1645 848 1680 d08rinam
875 1649 1068 1686 impartivit,
1097 1650 1142 1677 in-

255 1695 456 1730 numerabilia
470 1694 547 1727 bona
564 1694 698 1736 promisit
711 1719 725 1735 ‚
739 1695 893 1728 *miracula
906 1693 1046 1735 faciendi
1064 1702 1143 1736 pote-

251 1746 359 1789 statem
382 1746 468 1778 dedit
488 1768 495 1776 .
533 1743 645 1788 Mensae
668 1769 679 1786 ‚
706 1751 845 1778 itinerum
865 1769 875 1785 ,
900 1743 1143 1788 consuetudinis,

257 1796 459 1834 contubernii,
489 1805 586 1828 rerum
594 1801 748 1835 omnium,
776 1796 860 1838 aeque
869 1807 903 1827 ac
913 1801 1024 1836 ceteri,
1047 1800 1142 1837 parti-

254 1855 323 1889 ceps
337 1855 402 1880 erat
417 1870 424 1878 .
452 1845 540 1878 Inter
553 1844 807 1879 innumerabilia
828 1846 979 1888 promissa
994 1845 1080 1879 bona
1101 1857 1142 1879 et·

255 1898 323 1931 iam
346 1893 613 1930 erantsdonanda
636 1893 1000 1936 post-Resurrectionem
1014 1894 1143 1934 Charisi·

255 1956 341 1981 mata
354 1971 361 1978 .
389 1945 491 1992 Qod
505 1943 571 1978 haec
582 1945 696 1979 omnia
714 1944 754 1979 ad
769 1944 1001 1987 Apostolatum
1013 1946 1073 1980 sint
1089 1957 1142 1981 ne-

254 1997 407 2036 cessaria,
428 2005 527 2038 atque
550 1995 597 2028 ita
621 1993 860 2028 illumfaciant
881 1995 975 2028 omni
1001 1994 1143 2029 humana

259 2046 434 2088 Maiestate
456 2043 652 2084 superiorem
670 2067 681 2082 ,
706 2043 804 2077 docet
823 2055 861 2078 ac
881 2044 1084 2079 demonstrat
1107 2046 1144 2079 in.

256 2094 377 2130 litteris
400 2092 439 2127 ad
462 2091 687 2126 Timotheum
707 2091 875 2127 Lenorem
895 2095 994 2129 etiam
1009 2096 1145 2136 Sanctus

258 2146 397 2180 Isidorus
420 2141 618 2176 pelusiotes:
646 2142 789 2185 Apostoli,
815 2144 879 2178 cum
891 2147 1015 2179 mortale
1035 2155 1140 2188 corpus

257 2196 368 2239 quovis
395 2193 457 2227 luto
478 2192 650 2226 imbecillius
664 2193 804 2226 haberent
818 2218 828 2233 ,
854 2203 943 2237 atque
953 2202 1142 2238 exagitarew

259 2257 308 2280 tur
320 2247 354 2280 (τ
368 2250 572 2282 vexarentur,
603 2251 727 2275 mortuos
753 2245 927 2277 excitabant
939 2269 949 2284 ,
972 2246 1142 2286 paralytico·

256 2309 324 2331 rum
342 2293 454 2337 solutos
480 2304 568 2327 artus
588 2292 812 2335 adstringebant
831 2318 842 2334 ,
871 2303 998 2336 «egrotos
1012 2293 1142 2337 sanitati

257 2345 449 2382 reddebant,
476 2346 622 2384 Demones
637 2342 860 2384 profltgabant,
881 2344 1143 2383 ficturapraedice-

255 2398 332 2430 bant
343 2417 354 2434 ,
381 2396 511 2434 spiritus
522 2393 542 2422 5
543 2390 625 2422 anc¹li
632 2388 814 2431 presentiam
825 2390 994 2423 hominibus
1008 2393 1142 2425 concilia-⁴

255 2447 331 2480 bant
341 2468 348 2475 .
378 2442 538 2485 ,Quidnam
552 2438 590 2479 est
601 2440 754 2481 quodcum
766 2439 813 2472 bis
825 2441 928 2481 opibus
938 2443 1019 2482 poffit
1032 2450 1141 2484 compa-

257 2493 351 2531 rari?
376 2492 466 2537 ,Quid
485 2490 534 2523 bis
556 2489 738 2531 prestantius
752 2491 786 2523 (9·
805 2492 1021 2524 excellentius?
1049 2496 1145 2534 Equi·

258 2549 327 2580 dem
340 2542 403 2587 ipse
416 2566 427 2582 ,
447 2540 476 2584 fi
484 2546 549 2583 quis
561 2546 651 2573 totius
663 2548 750 2573 terrae
763 2546 889 2582 imperia
898 2566 909 2582 ‚
937 2541 987 2574 boc
1006 2542 1044 2582 est
1057 2565 1068 2582 ,
1095 2540 1144 2585 As-

258 2596 404 2640 syriorum
416 2616 427 2632 ‚
455 2589 615 2632 Persarum
625 2615 636 2631 ,
661 2591 854 2624 Macedonum
866 2614 876 2630 ,
901 2594 934 2625 (9⁸
948 2596 1146 2626 Romanorum

261 2647 406 2687 collegerit
418 2665 429 2682 ,
455 2650 546 2682 atque
564 2638 711 2684 sermonis
733 2647 767 2674 vi
779 2643 814 2675 (ν
831 2641 981 2682 facultate
996 2654 1087 2675 unum
1107 2654 1145 2675 ex

262 2693 397 2728 omnibus
418 2690 558 2733 effecerit,
587 2688 738 2733 ipsumque
756 2702 822 2725 cum
836 2691 882 2725 bis
896 2694 1018 2726 divitiis
1030 2702 1147 2735 compa-

263 2750 381 2780 raverit
393 2766 405 2783 ,
423 2753 495 2787 *eum
514 2749 547 2772 ut
562 2740 737 2779 finitumae
755 2741 893 2781 stolidum
911 2750 1038 2783 puerum
1056 2766 1067 2782 ‚
1094 2748 1146 2786 qui

263 2806 367 2831 rerum
379 2801 520 2825 naturam
531 2788 720 2833 internoscere
730 2802 857 2834 nequeat
871 2816 883 2832 ‚
904 2793 1128 2826 condemnarim
1137 2819 1144 2826 .

264 2841 392 2891 ‚Quodsi
398 2852 464 2884 quae
476 2840 524 2873 his
535 2842 652 2880 majora
658 2839 730 2883 fiant
743 2864 764 2881 ‚›
773 2848 872 2876 animo
876 2843 1074 2884 perpendas,
1086 2855 1147 2877 ma-

259 2899 341 2939 jores
355 2895 484 2926 divitias
492 2889 650 2932 perspicies
663 2916 670 2924 .
700 2895 821 2926 Domini
833 2899 963 2926 omnium
974 2904 1072 2926 rerum
1081 2904 1147 2927 con·

264 2943 436 2980 tubernales
453 2964 464 2980 ,
487 2942 520 2974 (τ
533 2939 630 2983 mense
649 2940 792 2984 consortes
816 2943 1013 2982 exstiterunt,
1038 2946 1146 2977 Divini

264 2998 396 3037 colloquii
420 2991 524 3024 honore
544 2989 665 3031 affecit,
691 3002 726 3024 ac
747 2992 883 3025 doc‘lrina
906 3003 1012 3033 nature
1028 3001 1148 3035 captum

262 3046 422 3092 superante
447 3045 546 3074 ornati
566 3049 655 3082 atque
677 3041 809 3081 infiruffli
826 3041 900 3084 sunt
923 3068 930 3075 .
960 3045 1011 3076 Ad
1022 3044 1148 3086 filiorum

267 3092 500 3139 adoptionem&
514 3093 570 3123 Dei
592 3095 756 3123 amicitiam
773 3100 997 3133 pervenerunt.
1025 3097 1148 3127 Etenim

266 3149 353 3183 velut
369 3141 512 3185 PraefeHi
537 3141 657 3182 quidam
679 3150 767 3174 erant
781 3148 855 3174 circa
864 3147 975 3186 Regem
986 3169 995 3183 ,
1022 3155 1056 3176 ac
1067 3145 1149 3178 velut

262 3198 345 3240 stelle
365 3194 426 3228 una
448 3203 520 3229 ‚cum
537 3190 653 3232 justitie
679 3192 738 3224 sole
747 3190 860 3234 cursum
873 3193 1032 3232 obeuntes,
1060 3204 1149 3236 atque

268 3259 329 3281 non
340 3246 480 3281 eburneas
503 3239 650 3284 quasdam
663 3241 790 3274 tabellas
805 3266 815 3280 ‚
842 3253 898 3283 que
910 3243 1074 3277 humanum
1094 3245 1149 3278 ali-

270 3299 350 3341 quod
367 3299 517 3337 premium
529 3294 561 3326 (θ’
574 3290 708 3325 honorem
725 3298 900 3333 parturiunt
912 3317 922 3331 ,
950 3295 1052 3326 verum
1073 3292 1148 3338 ejus-

269 3349 348 3380 modi
357 3347 526 3387 potentiam
536 3351 624 3384 atque
639 3341 852 3375 authoritatem
863 3365 873 3380 ,
892 3355 983 3385 quam
993 3356 1031 3378 ne
1036 3350 1150 3378 terreni

268 3397 391 3438 quidem
402 3397 494 3437 Reges
517 3392 652 3433 habent,
678 3398 873 3435 accipientes.
902 3394 996 3428 Dicit
1009 3395 1149 3439 Aposto-

1204 225 1219 253 1
1290 223 1307 252 s
1441 212 1483 253 X
1523 212 1578 253 X.
1904 217 1991 273 185

1187 291 1235 323 los
1248 288 1362 323 habere
1375 290 1405 325 se
1423 292 1463 325 ad
1478 290 1644 325 Christum
1659 291 1844 326 Dominum
1860 319 1869 333 ‚
1897 297 2068 339 quomod&

1186 340 1415 381 Piaetotiotum
1441 341 1581 377 Praefecti
1605 339 1637 376 se
1658 352 1737 376 tunc
1758 341 1922 378 habebant
1943 349 1982 379 ad
1998 349 2071 382 Ro-

1187 401 1320 423 manum
1344 390 1576 433 Imperatorem
1594 418 1601 424 .
1629 391 1819 426 Et'horum
1843 395 1979 435 potestas
2000 407 2068 430 erat

1188 452 1300 480 tanta,
1330 453 1365 475 ut
1389 442 1531 483 ipsorum
1555 443 1719 477 sententiae
1742 443 1841 476 effenc
1864 442 2070 486 inappellabi-

1190 492 1235 524 les
1246 515 1253 522 .
1280 491 1387 525 Fuisse
1399 492 1633 536 Magistratum
1646 494 1698 527 cui
1710 492 1823 527 deerat·
1832 493 1898 526 sola
1912 502 2048 536 purpura
2059 519 2070 534 ‚

1190 542 1268 575 reste
1289 542 1413 585 scripsit·
1435 542 1604 586 Eunapius
1624 569 1632 576 .
1662 541 1820 578 Notanda
1851 544 1926 576 sunt
1946 542 2042 576 verba
2060 557 2072 576 .-

1192 592 1352 625 Eburneas
1374 591 1523 635 quasdam
1544 595 1672 627 tabellas
1695 619 1702 625 .
1732 594 1793 627 Hae
1815 604 1907 627 erant
1930 593 2073 637 insignia

1192 642 1327 676 istorum
1342 642 1569 677 praefectorum
1582 669 1589 676 .
1617 643 1763 677 isidorus
1781 642 1861 677 reste
1879 644 2017 677 affirmat
2031 643 2074 676 A·

1193 693 1395 735 postolorum
1418 693 1617 736 potestatem.
1636 705 1703 727 non
1715 695 1886 728 dumtaxat
1912 693 1979 726 istis
2000 704 2074 736 qua-

1193 753 1267 776 tuor
1281 744 1461 784 Praefedtis,
1488 744 1542 778 sed
1564 743 1720 778 omnibus
1743 745 1775 777 in
1797 755 1900 777 unum
1922 743 2075 777 conflatis

1193 804 1333 836 quatuor
1345 793 1446 827 totius
1459 794 1576 828 mundi
1591 793 1799 828 Monarchiis
1808 797 1871 829 elle
1883 794 2075 837 ampliorem

1194 845 1228 877 ἀ
1242 843 1462 887 augustiorem
1476 870 1482 876 .
1502 844 1634 879 Etenim
1649 844 1843 888 Apostolica
1857 845 1995 888 potestas
2009 844 2078 877 nul-

1195 894 1259 926 lam
1271 894 1457 935 dioecelim,
1485 895 1613 929 nullum
1636 892 1813 936 Trastum‚
1842 895 1971 929 nullum
1993 895 2078 928 limi-

1159 980 1161 985 ,
1194 955 1261 977 tem
1290 944 1425 985 habuit,
1453 947 1504 979 sed
1530 945 1575 979 est
1597 946 1739 988 expansa
1760 957 1814 988 per
1825 956 1959 979 omnem
1974 957 2077 978 mun-

1194 993 1273 1026 dum
1287 1019 1294 1025 .
1319 994 1417 1027 istam
1431 995 1627 1039 dignitatem
1650 1006 1749 1039 atque
1768 995 2001 1030 authoritatem
2013 1005 2079 1038 per-

1196 1045 1333 1087 spiciens
1345 1044 1458 1077 Simon
1472 1046 1594 1090 Magus
1606 1071 1616 1087 ,
1645 1045 1783 1080 tentavit
1798 1057 1919 1080 emere.
1952 1047 2081 1079 Sancto.

1185 1106 1268 1139 ⁶rum
1284 1094 1520 1137 Apostolorum
1550 1096 1584 1128 in
1596 1096 1717 1130 coelesti
1731 1095 1853 1129 Christi
1869 1096 1989 1139 Regno
2011 1096 2083 1140 glo·

1177 1046 1279 1225 *iriam
1303 1144 1372 1178 fore
1394 1145 1592 1178 ineffabilem
1612 1144 1764 1190 adjungit
1787 1144 1946 1184 Isidorus,
1971 1145 2003 1178 &
2027 1146 2085 1178 de-

1186 1193 1356 1238 ssmon-st'rat
1370 1205 1377 1226 2
1406 1196 1496 1233 Porro
1500 1193 1530 1234 fi
1535 1201 1601 1236 quis
1617 1195 1780 1235 defuturis
1792 1195 1914 1236 diffidat
1927 1219 1937 1234 ,
1963 1197 1983 1226 ἂ
2001 1203 2085 1235 prae-

1188 1237 1334 1288 'sentibus
1352 1238 1455 1287 firmat
1477 1252 1705 1288 argumentum.
1736 1249 1824 1277 Nam
1843 1246 2086 1288 qui&terrae&

1191 1301 1292 1338 ‚maris
1305 1300 1460 1335 imperium
1482 1295 1595 1329 obtinet
1607 1320 1618 1335 ‚
1644 1297 1688 1328 ad
1699 1294 1858 1338 Piscatort's
1876 1294 2063 1337 sepulchrum
2074 1319 2084 1334 ,

1189 1343 1456 1386 iexofiulandorum
1469 1346 1560 1384 offium
1571 1344 1680 1388 causa,
1702 1344 1736 1387 se
1746 1345 1858 1384 confert
1871 1369 1878 1376 .
1906 1344 2008 1392 Qdd
2029 1357 2090 1377 no-

1204 1405 1273 1428 tent
1297 1393 1521 1427 Lutherani&
1534 1393 1739 1434 Calvinistae‚
1768 1397 1993 1428 sceleratorum
2016 1395 2089 1428 Eu-

1192 1444 1358 1485 3nomiiac
1371 1443 1549 1487 Vigilantii
1574 1445 1607 1477 in
1636 1446 1821 1487 spernendis
1844 1447 2034 1479 Saanum
2047 1454 2092 1476 re-

1193 1494 1316 1538 }liquiis
1335 1493 1526 1526 sectatores.
1557 1494 1663 1527 Porro
1686 1495 1819 1527 sanstus
1840 1494 2000 1528 Matthias
2021 1505 2090 1528 erat

1194 1544 1221 1576 ’ὲ
1233 1542 1376 1576 Domini
1400 1542 1590 1576 domesticis
1608 1543 1643 1577 ὃ(
1666 1542 1944 1577 commensalibus
1964 1568 1971 1575 .
1999 1544 2091 1577 Hinc

1194 1593 1312 1636 [ipsum
1323 1592 1463 1635 Spiritus
1472 1592 1609 1626 Sanctus
1621 1593 1720 1637 elegit
1734 1594 1767 1626 in
1781 1592 1868 1637 Judae
1881 1594 1993 1628 locum
2012 1618 2022 1633 ‚
2047 1603 2093 1626 at-

1195 1652 1270 1687 'que
1284 1643 1328 1676 ita
1340 1643 1445 1685 ipsum
1460 1644 1591 1677 ornavit
1605 1643 1728 1677 Divina
1742 1644 1952 1685 vocatione,·
1964 1645 1997 1678 δε
2016 1645 2094 1677 fecit

1206 1744 1329 1788 pendio
1343 1740 1398 1776 liic
1410 1743 1508 1776 tradit
1521 1745 1700 1786 Septimius
1711 1769 1721 1784 ‚
1741 1744 1846 1785 'atque
1868 1746 1911 1778 ita
1926 1745 2096 1777 Gnosticis

1207 1843 1349 1879 Ecciefia
1361 1840 1480 1878 retinet
1495 1869 1505 1884 ‚
1534 1843 1776 1888 praedicationis
1793 1844 2011 1889 dignitatem.

1186 2087 1196 2106 i

1204 2197 1297 2239 gem?
1324 2196 1430 2237 ,Quam
1451 2199 1484 2226 in
1507 2194 1558 2228 hoc
1574 2196 1659 2229 choro
1679 2198 1825 2239 Princeps
1852 2198 1914 2238 est?
1940 2203 1986 2233 Et
1998 2207 2099 2244 utique

1206 2252 1325 2286 primus
1339 2251 1467 2276 omnium
1479 2249 1585 2288 incipit
1596 2248 1674 2288 loqui
1686 2271 1695 2279 .
1720 2249 1802 2282 Haec
1814 2250 1876 2283 fuit
1889 2250 1992 2292 prima
2006 2253 2096 2295 Apo·

1211 2297 1370 2330 stolorum
1383 2294 1537 2336 Synodus
1549 2320 1556 2327 .
1586 2297 1628 2330 Et
1641 2297 1675 2330 in
1690 2297 1756 2341 ipsa
1769 2299 1905 2333 Sanctus
1919 2298 2034 2336 Petrus
2045 2302 2098 2335 ha-

1211 2343 1390 2381 buitmota:
1410 2344 1594 2387 quaestionis
1614 2347 1805 2381 relationem
1828 2351 1880 2383 seu
1905 2353 2097 2394 propositio-

1213 2402 1411 2433 nem,scum
1431 2393 1649 2438 Praerogativa
1661 2397 1821 2442 suffragii.
1851 2400 1955 2446 Qod
1970 2412 2095 2436 utrum-

1211 2454 1275 2486 que
1284 2442 1334 2485 jus
1344 2454 1386 2476 ex
1397 2443 1487 2477 avito
1502 2456 1592 2478 more
1603 2457 1786 2490 competere
1807 2449 1879 2483 Sedi
1895 2451 2093 2493 Apostolicae

1210 2494 1295 2526 dixit
1308 2493 1348 2526 ad
1362 2492 1670 2530 chalcedonensem
1682 2498 1856 2540 Synodum
1868 2502 2002 2536 Sandlus
2022 2504 2096 2536 Ma-

1210 2543 1267 2588 gni
1282 2543 1409 2577 Leonis
1422 2545 1567 2589 Ltgatus
1577 2545 1788 2582 paschasinus
1799 2569 1810 2589 5
1837 2550 1985 2593 Lilybeti
2001 2554 2034 2586 in
2048 2554 2095 2586 Si-

1210 2593 1285 2626 cilia
1299 2593 1499 2637 Episcopus,
1526 2596 1557 2629 &
1570 2596 1611 2630 ad
1623 2599 1776 2639 quintum
1789 2600 1981 2637 Concilium
2003 2604 2093 2647 Papa

1211 2643 1361 2687 vigilius
1376 2666 1386 2675 t
1414 2645 1456 2678 Et
1471 2646 1562 2680 >istud
1591 2657 1767 2691 utrumque
1794 2652 1936 2685 omnin&
1962 2653 2093 2693 laudat,

1210 2693 1385 2736 atque-ejus
1398 2695 1534 2739 primam
1548 2697 1712 2742 originem
1724 2701 1824 2742 aperit
1838 2701 1971 2735 Sanetus
1989 2702 2093 2744 Joan-

1212 2754 1286 2777 nes.
1314 2743 1357 2778 Et
1372 2746 1463 2779 addit
1483 2747 1564 2779 duas
1586 2747 1800 2789 quaestiones.
1832 2753 1893 2781 Cur
1914 2753 2020 2784 Petrus
2034 2764 2093 2785 non

1209 2793 1288 2837 solus
1307 2794 1469 2835 postulavit
1480 2798 1500 2827 ἃ
1512 2795 1644 2835 Christo,
1671 2804 1704 2828 ut
1714 2797 1770 2838 ipſs
1775 2799 1861 2831 daret
1883 2801 2010 2841 aliquem
2022 2801 2093 2844 sub-

1205 2844 1384 2884 stituendum
1392 2851 1423 2877 in
1432 2846 1524 2877 locum
1531 2848 1562 2889 J
1565 2846 1656 2878 udae?
1682 2848 1798 2879 Deinde
1811 2872 1821 2886 ,
1847 2852 1911 2881 Cur
1924 2863 1980 2884 non
1987 2854 2091 2894 potius

1207 2904 1263 2937 per
1271 2892 1382 2937 seipsos
1402 2894 1557 2936 perficiunt
1579 2895 1765 2929 elec‘lionem?
1786 2902 1870 2942 Jam
1893 2902 2001 2934 Petrus
2025 2912 2091 2936 crat

1207 2945 1230 2989 s
1226 2943 1301 2986 eipso
1305 2943 1410 2986 facque
1423 2945 1523 2978 melior
1539 2970 1545 2977 .
1572 2953 1634 2982 Hoc
1645 2947 1688 2978 ad
1694 2952 1825 2988 priorem
1835 2949 2021 2990 quaesttonem
2034 2952 2092 2996 res-

1207 2993 1333 3037 ponsum
1342 2994 1396 3035 eslo
1411 3021 1417 3027 .
1446 2996 1524 3029 Hoc
1535 2995 1579 3029 est
1590 3019 1600 3035 ‚
1629 2995 1741 3029 Petrus
1750 3009 1883 3036 omnem
1895 3002 2036 3044 priorem
2049 3004 2091 3037 de

1212 3042 1383 3088 semetipso
1407 3046 1688 3089 praesumptionem
1711 3047 1922 3091 deposuerat,
1950 3053 2091 3096 ideoque

1212 3095 1374 3129 nihiltale
1384 3097 1573 3130 attentavit.
1603 3097 1713 3130 Etiam
1727 3099 1808 3132 infra
1828 3100 1936 3135 scribit
1957 3103 2090 3136 Sanetus

1216 3147 1356 3189 Ioannes
1368 3159 1379 3179 .·
1406 3148 1514 3189 Quid?
1542 3152 1587 3178 An
1600 3158 1656 3178 non
1666 3148 1771 3182 licebat
1783 3149 1838 3191 ipsi
1857 3153 1982 3193 eligere?
2009 3157 2090 3186 Lice-

1213 3198 1286 3230 bat.
1322 3198 1492 3238 thuidem
1516 3199 1663 3230 maxime.
1694 3201 1801 3232 Verum
1812 3202 1849 3232 id
1856 3212 1912 3233 non
1927 3203 2029 3243 fecit,
2056 3215 2090 3237 ne

1212 3254 1257 3280 cui
1284 3248 1437 3280 videretur
1453 3247 1638 3291 gratificari.
1665 3250 1862 3291 ,Quamquam
1878 3254 2008 3294 alioquin
2029 3265 2091 3287 nec-

1214 3298 1285 3330 dum
1298 3303 1519 3339 eratparticeps
1531 3300 1676 3339 spiritus.
1703 3300 1841 3342 Spiritus
1852 3303 1941 3335 enirn
1963 3302 2092 3337 Charis-

1214 3343 1300 3381 n'iata
1325 3360 1394 3382 non
1415 3348 1542 3381 fuerunt
1565 3348 1638 3381 data
1662 3358 1737 3382 ante
1758 3350 1844 3383 diem
1868 3351 2089 3388 pentecostes.

1216 3398 1350 3432 sanetus
1369 3398 1510 3441 Ioannes
1531 3399 1667 3433 affirmat
1679 3400 1785 3434 SanCli
1809 3401 1896 3436 Petri
1916 3403 2092 3437 authorita-

1979 3464 2042 3487 lem

1207 1698 1344 1738 plenum
1364 1692 1565 1736 Apostolum
1579 1719 1586 1726 .
1614 1695 1697 1727 Haec
1718 1696 1832 1728 omnia
1857 1695 2097 1731 eruditocom-

1207 1796 1240 1828 in
1265 1793 1384 1828 faeiem
1404 1793 1533 1827 refricat
1546 1793 1767 1836 Apostolicae‚
1795 1806 1893 1837 quam
1918 1794 2098 1828 Catholica

1257 1894 1357 1933 Circa
1368 1895 1475 1929 Sancti
1489 1895 1638 1929 Matthia:
1649 1894 1842 1928 electionem
1855 1898 1988 1931 sanstus
2007 1896 2103 1939 Joan-
2154 1937 2158 1941 .

1207 1956 1265 1980 nes
1285 1943 1636 1987 Chrysostomusted'le
1657 1955 1751 1979 notat
1766 1946 1879 1979 *Sanili
1892 1945 1978 1978 Petri
2003 1946 2103 1990 Apo-⁴

1207 1996 1281 2030 stoli
1296 2019 1308 2036 ,
1333 1994 1481 2039 adeoque
1492 1996 1524 2029 &
1545 1997 1706 2030 Romana·
1720 1995 1866 2029 Eccleliae
1878 1995 2104 2040 privilegium.

1205 2045 1314 2080 Sancti
1336 2045 1479 2079 Lucaein
1497 2047 1586 2079 Astis
1609 2046 1701 2080 verba
1715 2069 1726 2084 ,
1754 2049 1783 2078 E
1787 2058 1914 2091 xurgens
1928 2049 2038 2081 Petrus
2066 2054 2103 2080 m
2120 2039 2193 2080 cap·

1209 2097 1305 2129 medio
1306 2094 1448 2137 fratrum
1458 2098 1540 2128 dixit
1550 2120 1561 2135 ,
1582 2106 1824 2130 commentatur
1837 2111 1848 2131 .·
1874 2100 1978 2142 ‚Quam
1991 2101 2100 2134 Petrus

1209 2145 1408 2187 estfacundu's'
1418 2146 1435 2176 ,ἕ
1462 2146 1567 2187 ,Quum
1579 2144 1709 2189 agnoftit
1726 2149 1869 2180 creditum
1881 2144 1903 2180 ἆ
1910 2149 2099 2195 Cbrrstogre-

2212 2055 2225 2075 »η

2230 2066 2237 2075 .

2110 2784 2196 2813 Hom.
2205 2790 2232 2819 3.
