2346 3724
360 107 462 167 328

304 190 366 227 rim
390 189 615 232 Eucharistia,
642 190 803 235 accipiat,
830 192 971 227 dubitari
986 204 1052 226 non
1067 191 1182 235 poflit.

930 107 1439 166 Sertori

1510 105 1644 154 o'N

1233 193 1337 235 'htlmus
1351 216 1362 232 ,
1388 193 1422 226 ὁ·
1443 191 1554 235 quibus
1569 197 1671 234 prima
1691 197 1863 231 rudimenta
1886 199 2019 233 vixdum
2041 202 2126 235 tradi

301 242 347 275 Et
360 242 446 274 lucet
466 252 507 274 ex
530 242 633 276 verbis
654 242 882 285 sequentibus:
910 246 1016 275 Etiam
1034 242 1158 275 Ethnici
1174 266 1184 282 ,
1235 238 1409 283 ³oporteret,
1435 248 1604 277 internaeis
1618 246 1710 282 Adyta
1722 247 1990 292 Divinaefieientiae
2005 275 2016 289 ‚
2037 252 2125 284 Divi-

296 289 577 334 fisupervenerint.
607 293 740 327 Etenim
766 292 927 326 Ethnicos
952 292 1103 326 omnium
1127 303 1184 325 no-

299 341 441 375 strorum
467 343 751 376 Sacramentorum
773 365 784 380 ,
820 342 1034 376 Eucharistiae
1061 344 1181 386 praeser-

1246 304 1350 335 naeque
1366 291 1528 335 sapientire
1549 293 1768 334 patefacimus.
1799 300 1956 341 Propterea
1969 302 2136 342 nonnulli,
2186 314 2191 318 ·

1243 343 1292 374 ubi
1310 346 1474 376 immundis
1491 343 1620 385 pedibus
1642 343 1753 377 SanAE'a
1778 347 1874 386 nostra
1893 351 2042 383 calcarunt
2054 375 2064 390 ‚
2090 353 2124 385 (τ

300 391 363 424 tim
376 415 387 431 ‚
412 392 507 425 fuisse
530 392 754 426 curiofiffimos
765 414 776 430 ‚
801 403 839 425 ac
852 392 995 434 ipsorum
1017 393 1183 436 inspet'iio-
1231 381 1236 430 l
1239 394 1278 434 pl
1282 403 1333 426 eno
1338 392 1478 436 sordibus
1485 393 1600 436 pedore
1611 393 1775 438 hauserunt
1783 392 1892 437 puru'm
1903 403 2028 434 Divinae
2035 399 2127 443 scien.

298 452 374 474 nem
399 442 588 485 frequenter
609 442 742 475 tentasse
759 466 769 482 ,
796 442 840 474 est
868 442 959 485 supra
978 442 1184 477 demonstran

296 500 367 525 turn
383 517 390 523 .
417 492 470 525 Ac
482 492 610 534 insuper
630 492 717 525 lucet
743 503 783 523 ex
799 492 889 525 Actis
902 494 1007 526 Sanffl
1023 493 1181 527 Tharsitii

295 541 477 584 Martyris,
505 541 546 575 de
571 553 639 585 quo
667 541 858 575 Romanum
871 543 1154 587 Martyrologium
1171 557 1181 576 .-

154 591 434 648 August.'s“²¹⁶q¹‘m
456 591 631 633 Tharſstium
657 590 820 629 acolythum
832 595 951 636 Pagani
976 591 1179 635 cuminvenifi

161 660 206 688 14.

289 640 383 685 sent,
409 645 546 682 Corporis
573 641 682 679 Christi
692 644 886 676 Sacramenta
906 652 1101 684 portantem,
1127 654 1182 676 cae-

289 699 403 734 perunt
424 690 587 734 disquirere
608 693 683 732 quid
686 702 818 736 gereret.
846 698 886 726 At
908 694 959 726 ille
968 695 1124 737 indignum
1129 695 1179 734 ju·

293 744 400 775 dicans
419 748 517 784 porcss
536 741 661 783 prodere
686 748 891 787 margaritas,
918 745 1037 776 tadeu
1061 744 1100 776 ab
1121 744 1180 776 illis

290 792 440 826 maffatus
467 790 642 833 estfuftibus
664 793 698 825 (9⁵
711 794 884 835 lapidibus,
912 795 1001 826 donec
1023 793 1180 828 exhalaret

290 845 454 884 Spiritum.
484 844 529 874 Et
551 844 683 875 revoluto
704 844 769 883 ejus
791 852 906 886 corpore
923 843 1061 888 sacrilegi
1071 843 1179 887 discus-

287 892 367 936 sores
379 890 457 924 nihil
473 894 725 926 §aeramentorum
736 892 844 934 Christi
868 899 900 927 in
932 894 1071 927 manibus
1080 905 1134 928 aur
1143 902 1178 928 in

291 941 422 981 vestibus
432 950 622 984 repererunt.
653 943 799 977 Ecclesiae
821 945 882 977 sua:
895 944 1069 978 Canonem
1085 969 1095 985 ,
1121 946 1176 989 qui

286 991 348 1026 ista
372 992 524 1035 mysteria
550 994 568 1027 a
591 993 783 1027 Gentilibus
807 995 908 1028 etiam
935 995 1038 1028 videri
1063 1006 1152 1029 vetat
1168 1020 1178 1037 ,

286 1043 458 1077 Dominus
469 1042 562 1077 Deus
585 1044 685 1077 etiam
699 1045 857 1078 miraculo
877 1045 1126 1088 comprobavit.

339 1092 518 1127 Curiositas
529 1093 642 1127 invasit
668 1094 701 1127 ὃς
715 1095 801 1138 ipsos
817 1095 989 1129 Romanos
1004 1096 1175 1139 Imperato-

286 1153 335 1179 res
362 1168 370 1175 .
399 1144 531 1178 Etenim
557 1144 722 1187 Traianus
745 1145 913 1189 Augustus
934 1145 1046 1179 Plinio
1069 1147 1175 1180 secun-

285 1195 353 1236 do,
382 1194 507 1238 regenti
525 1192 692 1236 Bithyniae
716 1194 945 1236 Provinciam,
974 1196 1119 1239 injunxit
1139 1206 1174 1229 ut

286 1243 479 1287 Thyestaeas
494 1241 757 1278 Christianorum
779 1246 890 1289 epulas
904 1247 1079 1288 inquireret
1093 1271 1103 1285 ,
1131 1258 1174 1280 re·

283 1295 447 1338 ferretque
466 1293 652 1327 veritatem.
680 1295 853 1339 Inquisivit
878 1296 934 1329 ille
970 1320 982 1337 ,
1008 1306 1041 1329 at
1063 1297 1174 1329 rescire

283 1343 370 1377 nihil
386 1343 515 1386 potuit,
542 1344 600 1376 nisi
627 1345 768 1377 nostram
781 1345 858 1378 Diis
882 1356 950 1378 non
972 1345 1172 1379 sacrificandi

285 1394 528 1436 pertinaciam,
554 1393 691 1435 &quod
715 1394 808 1427 mane
833 1405 907 1428 ante
920 1394 1028 1428 lucem
1044 1395 1172 1429 cuidam

284 1443 396 1486 JEsU
421 1442 556 1476 Christo
579 1467 589 1483 ,
616 1442 747 1477 homini
775 1444 886 1487 Judaeo
909 1468 920 1483 ,
946 1444 1006 1478 sub
1029 1444 1173 1479 Tiberio

283 1492 438 1538 Augusto
462 1504 515 1536 per
537 1491 694 1527 Pontium
708 1493 851 1528 Pilatum
870 1494 985 1537 Judaeae
1005 1495 1172 1529 Praesidem

282 1545 323 1579 ad
337 1544 517 1587 Judaeorum
529 1544 799 1578 accusationesin
827 1556 957 1579 crucem
972 1546 1042 1579 atsto
1055 1570 1066 1586 ,
1094 1557 1173 1590 quo-

282 1595 425 1629 tidianas
444 1593 556 1627 laudes
569 1605 776 1635 caneremus,
804 1596 971 1629 credentes
998 1596 1101 1638 ipsum
1127 1597 1170 1629 vi-

284 1657 360 1680 vere
376 1669 386 1685 ‚
415 1644 633 1678 immortalem
648 1645 711 1678 Dei
724 1644 826 1678 filium
839 1669 848 1684 ‚
874 1647 1074 1687 unicumque
1098 1657 1171 1679 cum

283 1695 381 1730 Patre
403 1695 516 1729 Deum
543 1717 550 1727 .
578 1693 620 1728 Et
646 1695 720 1729 licet
743 1695 866 1728 nostras
890 1695 1095 1738 presbyteras
1118 1707 1173 1730 aut

284 1747 518 1784 Diaconiffas,
544 1756 585 1778 ex
600 1746 696 1778 sexus
709 1745 884 1789 fragilitate
907 1746 1079 1780 enuntiare
1101 1746 1172 1780 faci-

284 1796 352 1835 les,
379 1794 610 1837 quaestionibus
636 1795 849 1836 applicuerit,
876 1795 916 1827 de
939 1796 1051 1829 nostro
1064 1806 1170 1830 tamen

284 1845 428 1889 mystico
455 1854 538 1887 pane
569 1843 602 1876 ἀ
627 1843 706 1876 vino
727 1843 811 1876 nihil
840 1843 939 1877 valuit
964 1855 1171 1888 extorquere.

286 1897 400 1929 Etiam
410 1894 582 1926 Mammaea
593 1917 603 1932 ,
632 1891 839 1936 Imperatoris
854 1893 1035 1928 Alexandri
1049 1905 1151 1929 mater
1164 1921 1174 1936 ‚

286 1945 421 1979 foemin‘a
435 1941 620 1977 astutissima
635 1966 644 1981 ,
671 1954 747 1975 cum
763 1943 872 1976 nostro
881 1943 1092 1978 celeberrimo
1105 1946 1173 1979 Do-

287 1998 377 2030 &ore
400 1993 546 2037 Origene
571 1991 826 2027 familiaritatem
850 1993 945 2033 iniit,
975 1993 1087 2036 utique
1110 1994 1174 2026 ani-

288 2057 346 2080 mo
361 2043 571 2078 scrutandiac
592 2042 800 2085 explorandi.
830 2042 1026 2085 Exploravit
1049 2043 1173 2077 multa.

287 2096 371 2139 Ejus
395 2105 535 2137 namque
561 2093 649 2128 filius
673 2093 841 2139 Augustus
863 2091 1031 2127 Christum
1058 2094 1174 2127 Domi-

287 2157 370 2181 num
383 2144 528 2179 nostrum
539 2141 666 2178 admisit
690 2144 723 2177 in
740 2144 831 2178 suum
844 2144 1012 2178 Lararium
1028 2168 1039 2184 ,
1064 2144 1175 2177 voluit

289 2197 409 2231 referre
430 2197 464 2228 in
479 2196 570 2228 Deos
583 2194 755 2228 Romanos
769 2220 779 2235 ,
807 2194 934 2228 nostros
954 2194 1110 2228 Canones
1127 2206 1173 2228 ac-

289 2245 551 2290 cepitinleges,
579 2245 816 2289 Evangelicam
842 2246 1061 2283 sententiam,
1089 2245 1180 2288 ,Quod

293 2297 349 2331 ribi
360 2307 417 2329 non
437 2301 486 2329 vis
503 2296 593 2337 fieri,
620 2297 711 2328 alteri
734 2308 770 2329 ne
787 2295 921 2337 ficem,
948 2294 1068 2338 ubique
1091 2296 1178 2329 loco-

286 2358 394 2386 sum,
419 2345 602 2388 inscripsit;
629 2346 675 2379 ast
696 2346 775 2389 quid
797 2346 839 2379 de
864 2356 945 2388 pane
970 2345 1175 2389 &vinoage-

288 2408 404 2433 :remus
418 2421 429 2437 ,
441 2396 582 2430 omnino
599 2396 784 2440 ignoravit.
814 2395 857 2428 Et
869 2396 1026 2438 primam,
1052 2406 1148 2437 quam
1162 2395 1177 2426 ὲ

290 2448 437 2492 Paganis
463 2445 610 2490 Regibus
632 2446 716 2488 apud
741 2446 873 2489 Anglos
902 2444 984 2487 passa
1004 2445 1048 2478 est
1072 2445 1177 2478 Sancti

295 2497 477 2541 Augustini
502 2496 686 2539 praedicatio
703 2520 714 2536 ,
740 2495 995 2539 persecutionem
1016 2494 1109 2528 fuiffe
1134 2494 1179 2528 ob

294 2547 492 2589 denegatam
520 2545 585 2578 illis
612 2547 817 2579 sacrosancta:
845 2544 1055 2579 Eucharistiae
1079 2543 1178 2588 inspe-

297 2596 439 2629 &ionem
464 2606 502 2627 ac
528 2596 749 2636 sumptionem
774 2597 905 2630 testatur
929 2596 963 2628 in
992 2594 1180 2639 Anglorum

298 2645 450 2681 Historia
463 2643 667 2679 Venerabilis
680 2644 767 2677 Beda
781 2669 787 2675 .

351 2695 503 2728 Laudato
515 2693 569 2727 hic
584 2694 758 2738 Evangelii
771 2694 963 2729 testimonio
975 2696 1099 2729 Douor
1119 2696 1182 2729 uti·

297 2755 351 2781 tur
363 2745 462 2779 etiam
483 2745 516 2776 in
530 2743 675 2777 secundo
688 2743 774 2777 libro
787 2746 826 2778 ad
841 2756 977 2779 uxorem
993 2771 999 2778 .
1032 2745 1184 2780 Utuntur

296 2795 412 2839 passim
435 2795 468 2829 &
479 2794 536 2827 alii
548 2793 659 2827 Patres
674 2818 684 2834 ,
712 2795 882 2837 praesertim
895 2796 1028 2828 Sanetus
1041 2796 1120 2838 Joan
1128 2806 1182 2830 nes

300 2845 584 2889 Chrysostomus,
609 2843 785 2878 asseverans
807 2846 871 2878 esse
897 2846 1037 2889 rigidum
1061 2846 1182 2880 Christi

301 2894 445 2930 Domini
459 2894 679 2937 Praeceptum,
705 2894 888 2929 &inlibris
907 2896 951 2929 de
976 2896 1084 2930 cordis
1097 2908 1183 2930 com-

166 2967 232 3000 Db¹
258 2978 284 2997 ¹·
298 2946 482 2990 punffioue
499 2944 679 2988 adjungens
691 2958 701 2977 .-
728 2949 796 2977 Nos
817 2946 921 2977 laudis
944 2958 1042 2979 amore
1055 2971 1066 2986 ,
1091 2949 1183 2988 &ja-

170 3017 234 3046 mp,
258 3011 284 3037 6.
300 2996 426 3030 ovantia·
442 2999 519 3027 vitio
528 3000 658 3036 corrupti
674 3000 763 3028 etiam
788 2994 854 3028 huic
865 2997 1016 3036 Praecepto
1039 3001 1183 3029 contraria

300 3052 432 3091 gerimus
445 3070 455 3086 ‚
481 3053 571 3086 atque
581 3044 746 3078 hominibus
759 3056 850 3087 neque
864 3046 1044 3078 intellec‘lum
1052 3055 1182 3088 purum,

302 3108 396 3140 neque
406 3095 514 3138 sanam
522 3096 611 3138 fidem
617 3095 805 3138 gerentibus,
835 3094 952 3138 insuper
973 3102 1066 3128 etiam
1089 3107 1184 3130 macu-

304 3149 344 3184 lis
352 3154 540 3190 peccatorum
551 3150 664 3178 innixis
676 3170 687 3186 ,
707 3145 769 3187 fine
779 3146 842 3178 ulla
866 3144 1036 3188 difrretione
1048 3146 1196 3186 mysteria,

303 3209 370 3232 rum
382 3199 497 3231 5ecreta
507 3197 651 3229 credimus
659 3220 670 3235 ,
697 3194 917 3238 &priusquam
936 3202 1044 3229 mentis
1058 3185 1199 3237 Propofi-l

305 3256 370 3280 rum
392 3249 411 3279 ἆ
432 3245 515 3279 nobis
535 3269 544 3285 ,
572 3246 623 3279 vel
636 3244 740 3288 sensus
767 3252 919 3286 capacitas
941 3248 1099 3288 explorata
1121 3244 1162 3286 fit
1174 3233 1201 3290 ,l

306 3299 486 3333 Divinorum
497 3297 666 3342 dogmatum
679 3298 853 3332 veneranda
874 3302 916 3331 eis
926 3300 1045 3331 Arcana
1053 3301 1184 3330 commit·
1195 3292 1199 3304 '

1245 448 1296 476 11ae
1314 445 1449 485 poculum
1469 469 1480 485 ‚
1507 456 1565 477 non
1590 442 1685 487 solum
1707 455 1896 481 evomuerunt
1920 453 2003 491 quod
2022 449 2126 493 bause-

1242 502 1336 533 rant,
1359 492 1415 535 sed
1435 496 1469 528 (tr
1489 496 1732 528 contradixerunt
1759 520 1771 536 ,
1795 497 1829 529 (ν’
1850 498 2013 543 transversi
2027 500 2124 544 sunt,

1243 541 1468 587 &insurgentes
1492 551 1526 577 in
1545 557 1593 578 eos
1616 547 1735 586 injuriis
1758 556 1793 579 ac
1815 548 1981 583 maledmis
1996 575 2007 590 ,
2033 561 2124 594 atque

1243 591 1473 635 accusationibus
1495 606 1542 627 eos
1569 593 1785 638 opprobriisque
1803 605 1965 638 ruperunt.
1993 601 2075 645 Agit
2088 601 2124 634 in

1242 644 1389 686 garrulos
1401 644 1532 685 fideles,
1558 646 1615 688 qui
1629 646 1817 680 infidelibus
1837 647 1951 682 amicis
1977 651 2123 684 enuntia-

1244 693 1320 727 bant
1337 694 1446 727 nostra
1466 695 1615 736 mysteria
1630 721 1641 737 ,
1668 707 1705 730 ac
1716 697 1890 739 postmodo
1912 694 2029 733 abillis
2042 709 2121 733 tam-

1243 754 1340 784 quam
1364 743 1467 778 stultae
1495 745 1731 788 praedicationis
1762 747 1885 781 creduli
1911 748 2119 784 exfibilabau-

1242 804 1310 827 tur.
1341 794 1493 828 Eundem
1507 795 1616 829 locum
1630 796 1672 830 ita
1683 797 1822 839 exponit
1853 799 1886 831 in
1899 799 2049 843 vigesima
2061 809 2124 833 ter·

1242 845 1285 878 tia
1311 844 1404 886 super
1414 845 1518 879 Sanffi
1539 845 1688 880 Matthaei
1717 846 1937 892 Evangelium
1960 847 2126 890 homilia,

1240 894 1274 927 &
1293 894 1445 939 adjungit
1468 895 1510 929 de
1532 898 1663 930 curiofis
1689 897 1874 932 nostrorum
1896 898 2124 942 mysteriorum

1218 957 1220 959 ·
1242 945 1376 989 paganis
1402 957 1410 977 z
1436 945 1610 985 Modestiam
1623 946 1766 988 simulant
1791 973 1802 989 ,
1827 958 1861 981 ut
1887 951 2002 983 Secreta
2026 950 2127 982 condi·

1234 993 1322 1036 siant
1337 1020 1345 1027 .
1373 998 1452 1027 Cum
1473 999 1543 1029 verb
1567 998 1751 1038 didicerint,
1775 1001 1897 1040 repente
1922 1001 1975 1032 alu
1993 1010 2032 1032 ex
2054 1000 2126 1032 aliis

1239 1044 1333 1085 effec‘li
1353 1046 1506 1086 irrident,
1532 1045 1678 1088 insultant
1691 1072 1702 1088 ,
1728 1057 1817 1090 arque
1839 1050 1974 1083 illudunt
2003 1048 2086 1092 quasi
2102 1050 2124 1081 ἃ

1235 1094 1407 1137 fhquadam
1428 1105 1494 1128 arte
1517 1098 1664 1138 deceptis.
1693 1097 1730 1130 sn
1755 1098 1884 1139 fideles,
1911 1110 2051 1142 quorum
2074 1099 2122 1132 lo-

1239 1145 1386 1186 quacitas
1408 1146 1676 1189 autvfimplicitas
1703 1148 1767 1190 ipsa
1796 1148 1953 1191 prodebat
1977 1147 2122 1183 necdum

1241 1195 1382 1229 initiatis
1405 1218 1416 1234 ,
1455 1197 1597 1239 graviter
1620 1197 1759 1240 insurgit
1784 1222 1795 1237 ,
1829 1208 1927 1240 atque
1952 1198 2120 1243 adjungit:

1241 1249 1326 1276 Nam
1349 1243 1522 1283 &mysteria
1542 1246 1607 1278 ideo
1612 1247 1720 1285 januis
1745 1245 1845 1287 claufis
1857 1247 2038 1280 celebramus
2052 1271 2063 1288 ‚
2088 1248 2124 1281 Θ

1239 1305 1286 1326 eos
1307 1299 1358 1335 qui
1382 1296 1512 1326 nondum
1538 1301 1653 1327 initiati
1669 1293 1741 1338 sunt
1762 1320 1773 1336 ,
1798 1297 1890 1339 adesse
1910 1295 2097 1338 prohibemus
2110 1320 2124 1337 ‚

1241 1355 1296 1376 non
1319 1348 1389 1385 quia
1415 1344 1622 1386 infirmitatem
1647 1347 1781 1390 aliquam
1807 1346 1999 1384 mysteriorum
2023 1348 2126 1389 depr&

1240 1393 1397 1426 bendimus
1412 1418 1423 1434 ,
1442 1393 1501 1437 sed
1519 1396 1591 1437 qula
1606 1396 1648 1428 ad
1670 1402 1934 1438 participationem
1958 1407 2056 1430 eorum
2078 1397 2126 1430 illi

1239 1442 1335 1476 adbuc
1349 1466 1359 1482 ‚
1384 1456 1457 1486 quos
1482 1456 1615 1479 arcemus
1629 1470 1639 1485 ,
1669 1444 1777 1486 infirmi
1791 1446 1880 1490 sunt.
1909 1450 2033 1488 Propter
2043 1447 2126 1488 quod

1239 1499 1328 1526 otiam
1355 1492 1416 1537 ipse
1427 1498 1570 1528 Dominus
1595 1498 1691 1528 multa
1713 1498 1891 1542 adJudaeos
1916 1503 1949 1530 in
1967 1497 2124 1538 parabolis

1238 1543 1390 1586 differebat
1406 1569 1412 1576 .
1442 1544 1561 1579 Nostra
1574 1546 1724 1588 mysteria
1747 1558 1788 1580 ex
1802 1547 1935 1582 laudato
1948 1546 2123 1591 Evangelii

1245 1591 1343 1628 verbo
1356 1594 1435 1629 dicit
1447 1597 1509 1629 esse
1519 1596 1631 1630 similia
1649 1598 1830 1641 margaritis
1848 1622 1859 1637 ,
1883 1609 1951 1642 quae
1962 1608 2028 1630 non
2044 1596 2124 1630 ideo

1238 1644 1315 1687 quia
1338 1644 1419 1678 viles
1444 1646 1517 1679 sunt
1537 1669 1548 1685 ‚
1577 1647 1742 1681 calcantur
1765 1658 1941 1690 porcorum
1962 1646 2124 1689 pedibus,

1239 1692 1291 1727 sed
1302 1694 1378 1737 quia
1389 1694 1602 1729 dominorum
1630 1708 1686 1731 aut
1707 1696 1880 1730 custodum
1902 1697 2026 1730 incuria
2040 1695 2126 1730 deci·
2177 1738 2180 1740 v
2221 1685 2251 1694 ..
2282 1734 2286 1742 ,

1238 1743 1322 1778 dunt
1350 1744 1382 1777 in
1399 1745 1500 1778 issam
1514 1747 1673 1780 vilitatem
1688 1771 1695 1779 .
1723 1747 1881 1780 Nostrum
1903 1746 1965 1780 effe
1984 1746 2124 1782 affirmat

1237 1844 1353 1885 repetit
1377 1844 1410 1876 in
1435 1844 1571 1878 homilia
1590 1847 1820 1889 septuagesima
1843 1846 2002 1879 secunda.
2030 1845 2074 1878 Et
2085 1846 2123 1879 in

1238 1892 1388 1926 oratione
1400 1892 1568 1927 adversum
1580 1905 1636 1927 eos
1647 1919 1656 1933 ,
1683 1896 1739 1938 qui
1754 1896 1919 1937 Baptisma
1942 1895 2096 1928 differunt
2109 1918 2121 1935 ,

1239 1943 1371 1976 Sanetus
1399 1941 1575 1986 Gregorius
1602 1941 1769 1986 Nyffenus
1796 1944 1975 1989 Episcopus
2010 1945 2123 1979 scribit

1238 1991 1509 2024 Catechumenos
1533 1994 1594 2025 effe
1607 1992 1756 2034 puellos,
1780 1997 1837 2036 qui
1847 1995 1980 2034 Arcana
2002 2005 2062 2028 nec
2073 2004 2125 2028 ca-

1241 2050 1312 2083 pere
1327 2038 1445 2084 poffint
1458 2063 1469 2079 ,
1495 2051 1554 2075 nec
1563 2041 1685 2075 celare.
1712 2041 1865 2075 Laudato
1886 2043 2056 2085 Scriptum
2076 2044 2124 2076 lo·

1238 2102 1280 2124 co
1305 2090 1447 2124 eundem
1470 2091 1506 2125 in
1530 2091 1655 2126 sensum
1681 2091 1784 2126 utitur
1809 2091 1962 2134 Synodus
1982 2091 2126 2126 Alexan·

1238 2139 1329 2175 drina
1355 2142 1389 2174 in
1406 2141 1633 2185 Apologeticis
1647 2152 1703 2184 pro
1718 2142 1835 2175 Sansto
1847 2141 2026 2176 Athanasio
2040 2141 2127 2176 litte⁴

1241 2191 1282 2224 ris
1307 2190 1348 2224 ad
1372 2201 1487 2224 omnes
1509 2191 1630 2234 ubique
1652 2190 1870 2227 Orthodoxos
1893 2217 1900 2225 .
1934 2192 2044 2227 Etiam
2069 2191 2128 2228 alii

1243 2241 1355 2284 paffim
1373 2240 1482 2275 Patres
1496 2267 1504 2276 .

1291 2291 1343 2324 Ex
1357 2292 1475 2335 quibus
1495 2293 1651 2327 omnibus
1674 2293 1761 2328 vides
1786 2295 1949 2328 secretum
1970 2290 2035 2328 hoc
2061 2292 2127 2329 esse

1240 2354 1308 2376 non
1337 2342 1548 2377 solummodo
1575 2344 1748 2378 Canonem
1776 2343 2008 2387 Apostolicum
2031 2367 2042 2384 ‚
2069 2341 2126 2376 sed

1242 2392 1368 2434 insuper
1381 2393 1616 2437 Evangelicum
1632 2418 1642 2434 ‚
1653 2405 1749 2438 atque
1759 2394 1937 2428 naturalem
1949 2419 1957 2426 .
1985 2394 2029 2427 Et
2047 2391 2126 2427 hinc

1241 2442 1274 2474 in
1294 2441 1378 2474 libro
1402 2443 1441 2475 de
1452 2444 1572 2485 Spiritu
1586 2444 1701 2477 Sand’to
1720 2443 1864 2487 Magnus
1887 2443 2023 2477 Basilius
2046 2442 2128 2475 affir-

1242 2500 1309 2524 mat
1327 2491 1431 2533 ipsum
1445 2492 1486 2526 ab
1500 2493 1667 2536 Apostolis
1689 2495 1750 2527 esse
1762 2493 1943 2527 tradustum
1967 2493 2001 2526 in
2017 2492 2127 2525 Eccle-

1241 2543 1314 2575 siam
1339 2543 1469 2586 exlege
1483 2543 1629 2586 Moysis,
1656 2549 1707 2585 qui
1718 2555 1774 2576 non
1786 2550 1885 2576 omnia
1911 2543 2018 2584 templi
2023 2543 2125 2585 paffus

1240 2591 1298 2631 est,
1328 2593 1461 2625 omnibus
1473 2593 1661 2636 effepervia,
1686 2591 1744 2636 sed
1761 2593 1903 2635 profanos
1928 2591 2126 2635 extrasacros

1240 2643 1381 2674 cancellos
1399 2642 1523 2682 statuit.
1550 2647 1598 2677 Et
1620 2645 1740 2685 quidem
1755 2644 1866 2676 sanila
1878 2643 2049 2676 §anilorum
2072 2641 2126 2684 soli

1243 2691 1381 2733 Pontifici
1395 2716 1405 2731 ,
1430 2694 1519 2734 idque
1539 2691 1632 2735 semel
1649 2699 1683 2726 in
1705 2704 1805 2734 anno,
1832 2692 2038 2736 conspicienda
2056 2700 2128 2734 per.-

1241 2740 1335 2783 mifit,
1357 2741 1553 2785 probe-sciens
1563 2750 1619 2784 pro
1636 2742 1692 2786 sua
1700 2741 1851 2786 sapientIa
1864 2768 1874 2783 ,
1902 2754 1949 2777 ros
1969 2741 2022 2786 usu
2033 2747 2127 2776 tritas

1241 2793 1274 2825 (ιτ
1287 2792 1485 2835 undecumque
1508 2794 1662 2834 parabiles
1684 2795 1733 2836 esse
1757 2793 1901 2836 expofitas
1923 2797 2100 2835 contemptui
2105 2803 2124 2834 ,-

1242 2843 1378 2875 caetert'cm
1389 2848 1416 2876 ei
1428 2844 1507 2884 quod
1515 2842 1667 2886 sepositum
1676 2843 1714 2883 est
1729 2866 1739 2882 ,
1764 2846 1896 2886 quodque
1908 2855 2012 2877 rarum
2022 2868 2034 2884 ,
2058 2842 2127 2876 huic

1243 2902 1351 2925 natura
1362 2893 1548 2932 conjunfflam
1561 2894 1612 2936 effe
1620 2893 1769 2936 summam
1779 2896 2011 2927 admirationem
2022 2904 2057 2926 ac
2063 2891 2125 2933 fla-

1243 2945 1339 2975 dium.
1370 2943 1408 2976 In
1430 2944 1518 2977 sexta
1539 2944 1663 2978 decima
1692 2945 1784 2987 super
1808 2943 1959 2978 Genesim
1985 2941 2122 2976 homilia

1243 2994 1376 3028 sancius
1393 2994 1532 3037 loannes
1554 2993 1806 3037 Chrysostomus
1831 2994 1956 3029 rursum
1980 2991 2126 3036 praedione

1245 3043 1386 3077 Domini
1411 3043 1541 3078 verbum
1565 3044 1606 3078 de
1630 3056 1698 3078 non
1714 3044 1922 3088 projiciendis
1943 3038 2122 3086 margaritis

1243 3102 1319 3127 ante
1329 3104 1465 3136 porcos,
1491 3094 1829 3128 affirmatcontentum
1855 3095 1891 3129 in
1911 3093 1977 3127 illis
1987 3088 2124 3126 Manda-

1244 3155 1314 3177 tum
1327 3143 1484 3188 obligasse
1493 3146 1592 3178 etiam
1607 3145 1638 3178 in
1658 3144 1833 3186 Paradiso,
1860 3143 1953 3178 fuisse
1964 3141 2120 3177 violatum

1243 3194 1284 3227 ab
1296 3194 1384 3232 Eva,
1412 3205 1480 3237 qua:
1502 3194 1625 3229 Divina
1647 3195 1702 3228 fibi
1725 3197 1849 3229 credita
1871 3193 2029 3234 Praecepta
2054 3189 2125 3222 Ser-

1243 3244 1330 3287 penti
1358 3242 1502 3286 prodidit
1522 3268 1532 3284 ,
1559 3255 1655 3289 atque
1681 3245 1725 3279 ita
1745 3244 1787 3279 ab
1807 3245 1877 3287 ipso
1899 3251 1974 3275 cum
2000 3238 2122 3273 eisdem

1244 3294 1414 3338 Praeceptis
1424 3295 1543 3331 meruit
1553 3295 1742 3332 conculcari
1756 3319 1766 3328 .
1789 3295 1834 3330 Er
1845 3290 1995 3335 adjungit
2007 3302 2015 3322 :
2043 3291 2125 3332 Tang

2012 3347 2074 3373 rum

2141 2524 2215 2562 Cap.
2225 2529 2272 2559 ²7¹

2145 2575 2191 2601 29.
