2346 3724
663 193 704 236 C
776 205 803 233 A
874 204 896 232 P
966 201 982 230 1
1053 198 1077 226 τ

1149 197 1165 226 1
1238 196 1256 226 s
1327 182 1596 229 XXVIII.

1884 202 1981 248 237

223 288 280 322 ges
308 276 428 311 debent
454 274 631 309 secundum
658 276 746 321 leges
771 274 877 309 vivere
910 272 945 307 δε
971 279 1100 315 regere.
1146 267 1224 315 1bus
1246 268 1321 301 sunt
1345 275 1397 302 tot
1410 268 1617 313 Dogmatum
1641 266 1773 302 adversa
1787 269 1933 313 placita,
1960 283 2043 317 quot

220 327 316 373 Qid
326 325 468 369 ineptius
492 326 526 360 δε
539 325 704 360 barbarius
716 350 728 367 ,
753 325 850 370 quam
869 322 1039 357 defunctos
1050 331 1104 362 pa-

220 387 327 410 rentes
337 375 493 410 devorare
510 377 526 408 ?
554 377 597 410 Et
612 387 722 410 tamen
734 373 915 410 istiusmodi
931 371 1039 416 legem
1052 369 1105 402 ha-

221 425 336 460 bentes
348 426 421 460 Indi
436 450 447 466 ,
473 436 556 469 quos
578 426 738 461 Callatias
759 424 945 468 appellant,
969 420 1103 455 &Dario

221 475 390 510 Persarum
403 476 496 521 Rege
509 478 637 522 rogati,
659 485 816 519 quantum
832 473 944 508 mereri
962 470 1082 505 vellent
1093 494 1104 511 ,

223 535 260 559 ut
282 525 451 560 defunctos
476 536 639 570 parentes,
666 527 854 561 Graecorum
878 534 990 563 more,
1015 520 1105 555 dein-

223 587 298 619 ceps
321 587 404 620 rogo
426 587 625 618 cremarent,
652 576 782 611 fuerunt
802 574 962 613 attoniti,
987 571 1022 606 &
1041 572 1104 605 Re-

224 637 300 670 gem
325 637 500 671 rogarunt,
526 638 560 661 ut
575 627 762 671 dignaretur
785 624 872 659 bona
893 623 986 658 verba
1011 632 1104 655 cane-

224 687 276 709 re.
304 675 354 710 lta
379 676 475 711 habes
497 676 583 720 apud
606 676 836 711 Herodotum.
866 673 968 722 Qod
993 680 1105 718 gentes

225 724 307 758 olim
331 728 456 770 perire,
485 727 582 769 quam
604 726 638 768 in
664 726 789 761 alienos
813 734 918 760 mores
941 733 997 758 aut
1018 723 1106 766 leges

225 775 358 810 transire
380 778 553 817 maluerint
577 801 588 817 ,
613 776 723 812 doceri
750 777 846 820 poffit
869 773 979 809 multis
997 775 1105 807 'exem-

226 825 288 868 plis
302 850 308 857 .
338 827 380 860 Et
394 826 472 860 hinc
483 827 571 870 qudd
582 838 697 861 omnes
705 825 764 860 sub
777 826 863 859 coelo
874 834 988 870 gentes
1010 821 1107 856 reces-

227 876 326 909 serint
344 877 362 910 ὲ
377 877 440 910 suis
460 876 684 922 Dogmatibus
704 875 879 918 &legibus
892 899 903 914 ,
928 872 1107 909 &unicum

229 925 351 959 Christi
377 927 517 961 Domini
540 927 698 970 Dogma,
724 925 857 960 unicam
883 923 1056 967 Evangelii
1070 921 1108 955 le-

229 986 307 1019 gem
329 975 536 1014 admiserint,
559 975 605 1009 est
626 972 956 1019 incomprehensibile
977 972 1110 1006 miracu-

101 1050 155 1080 [Β
189 1059 201 1078 3
231 1026 301 1058 lum
325 1049 336 1064 ,
363 1025 466 1068 palam
489 1025 652 1059 Divinum
673 1036 756 1067 opus
778 1049 785 1056 .
813 1024 922 1066 Ipsum
942 1021 1110 1065 infigniter

100 1061 170 1129 ⁶³¹9:
188 1100 215 1127 3·
230 1074 374 1118 exponit(
390 1085 427 1107 ac
439 1075 587 1116 praedicat
601 1074 735 1107 sanstus
746 1074 902 1107 Irenaeus.
930 1078 1017 1109 Hanc
1030 1079 1111 1112 prae-

232 1126 412 1156 dicationem
433 1124 498 1155 cum
519 1129 661 1164 acceperit
673 1145 684 1161 .
711 1122 832 1156 &banc
848 1119 939 1164 fidem
963 1119 1090 1163 Ecclefia
1102 1145 1112 1160 ,

232 1175 267 1207 δ’
281 1174 401 1215 quidem
414 1178 446 1205 in
456 1171 626 1216 universum
645 1174 789 1206 mundum
809 1172 995 1215 disseminata
1010 1195 1022 1212 ‚
1047 1172 1113 1204 dili·

227 1232 337 1267 genter
358 1222 499 1263 custodit,
525 1222 608 1265 quali
615 1235 709 1257 unam
719 1225 839 1257 domum
860 1222 1055 1262 inhabitans,
1079 1222 1114 1254 6·

229 1269 363 1314 similiter
375 1273 468 1306 credit
480 1279 522 1305 eis
536 1298 545 1312 ‚
572 1274 710 1307 videlicet
720 1272 806 1315 quali*
821 1283 912 1314 unam
922 1277 1055 1305 animam
1064 1269 1115 1302 ha·

237 1321 333 1361 bens,
359 1324 495 1356 &unum
519 1334 586 1364 cor,
612 1322 849 1365 &consonanter
871 1321 1092 1364 haecpraedicat
1105 1343 1116 1360 ,

237 1373 273 1406 (ν
283 1372 363 1405 docet
377 1394 387 1412 ,
413 1374 446 1406 ὁ·
456 1373 575 1413 tradit,
601 1371 685 1415 quast*
693 1384 784 1406 unum
800 1373 942 1414 poffidens
954 1384 986 1405 os
998 1396 1006 1404 .
1032 1375 1118 1403 Nam

236 1421 291 1463 etfi
297 1427 329 1453 in
341 1424 450 1454 mundo
457 1423 578 1464 loquelae
597 1423 740 1462 diffimiles
749 1421 846 1465 sunt,
861 1421 925 1464 ‚sed
944 1430 1046 1454 tamen
1056 1425 1119 1454 vir·

236 1478 289 1504 rus
300 1471 472 1502 traditionis
494 1483 554 1504 una
575 1472 610 1504 6*
621 1468 725 1504 eadem
737 1468 783 1511 'est
794 1497 801 1503 .
829 1474 875 1504 Et
890 1482 983 1513 neque
993 1470 1040 1503 bae
1052 1481 1118 1512 quae

236 1524 273 1552 in
283 1522 444 1552 Germania
453 1518 679 1562 fiintfundatae
691 1520 826 1561 Ecclefiae
837 1544 848 1560 ‚
873 1520 961 1552 aliter
971 1520 1093 1552 credunt
1109 1542 1120 1559 ,

238 1578 293 1602 aut
302 1570 389 1603 aliter
401 1571 544 1603 tradunt:
572 1575 679 1614 Neque
699 1570 748 1604 bae
758 1582 827 1614 quae
853 1575 888 1603 in
897 1570 1017 1604 Hiberis
1024 1566 1119 1612 sunt,

238 1630 333 1661 neque
343 1617 468 1666 baqquae
489 1626 522 1653 in
533 1621 650 1662 Celtis,
676 1631 768 1663 neque
778 1620 827 1654 hae
851 1631 920 1662 quae
930 1625 963 1653 in
977 1624 1098 1653 Oriente
1110 1642 1122 1659 ,

241 1668 394 1711 nequehae
404 1680 473 1711 quae
493 1675 525 1702 in
538 1672 689 1714 AEgypto,
715 1664 808 1713 neque
825 1669 862 1712 bf
872 1681 940 1712 quae
963 1674 996 1702 in
1009 1668 1121 1708 tybia,

242 1729 338 1763 neque
347 1717 397 1752 bae
406 1730 474 1761 quae
489 1726 524 1751 in
546 1723 643 1755 medio
653 1722 758 1755 mundi
774 1719 849 1763 sunt
859 1720 1051 1761 constituta:
1066 1720 1125 1751 sed

239 1766 314 1812 ficut
335 1769 405 1807 Iol,
420 1777 569 1811 creatura
591 1774 649 1803 Dei
669 1794 681 1812 ,
707 1777 740 1804 in
757 1769 895 1814 universo
914 1771 1024 1803 mundo
1045 1780 1122 1802 unus

244 1818 367 1851 &idem
377 1817 437 1860 est;
458 1818 497 1860 fic
506 1820 647 1854 &lumen
659 1844 671 1859 ‚
693 1821 861 1862 predicatio
870 1821 1037 1857 veritatis,
1060 1817 1122 1851 ubi-

245 1879 303 1910 que
313 1869 409 1908 lucet,
436 1869 631 1902 &illuminat
651 1880 750 1902 omues
773 1869 905 1903 homines
919 1894 931 1910 ,
957 1875 1007 1911 qui
1019 1870 1125 1902 volunt

245 1918 290 1950 ad
299 1922 492 1961 cognitionem
503 1923 646 1953 veritatis
668 1921 773 1953 venire
785 1945 792 1951 .
819 1921 850 1951 E
853 1929 866 1952 t
877 1931 969 1961 neque
988 1924 1039 1962 qui
1053 1919 1126 1952 vai-

245 1968 284 2001 d?
291 1967 434 2010 prevalet
455 1973 488 2002 In
499 1967 654 2011 sermone,
677 1981 717 2002 ex
740 1975 778 2001 iis
803 1975 856 2011 qui
876 1967 1000 2010 presunt
1022 1970 1126 2001 Eccle-

240 2016 315 2059 fiis,
341 2019 404 2050 alia
415 2021 509 2059 quam
530 2017 662 2059 hei-sunt
674 2042 684 2058 ,
710 2019 809 2051 dicet.
835 2022 934 2051 Nemo
947 2023 1026 2050 enim
1040 2017 1131 2059 super*

247 2066 422 2110 Magistrum
433 2065 471 2105 est
483 2092 491 2099 .
521 2071 627 2109 Neque
647 2066 782 2108 infirmus
803 2071 836 2098 in
859 2068 982 2100 dicendo
1002 2067 1126 2100 demino-

247 2115 333 2149 rabit
359 2117 551 2149 traditionem
575 2141 582 2149 .
610 2118 688 2150 Cum
704 2124 783 2151 enim
803 2128 864 2151 una
886 2118 1035 2152 &eadem
1050 2117 1129 2159 fides

244 2164 284 2206 fit
297 2189 307 2204 ,
334 2176 424 2208 neque
433 2173 460 2199 is
477 2190 488 2206 ‚
514 2171 565 2209 qui
573 2168 698 2201 multum
719 2170 758 2202 de
767 2179 801 2201 ea
807 2167 900 2210 potest
920 2169 1033 2208 dicere,
1061 2179 1129 2200 am-

246 2217 330 2256 pliat
343 2239 355 2254 ,
381 2227 475 2257 neque
491 2221 516 2249 is
527 2221 578 2258 qui
588 2223 687 2251 minus
700 2243 709 2258 ,
736 2219 917 2251 deminorat.
947 2219 1047 2252 Hanc
1060 2217 1131 2250 uni-

250 2273 351 2299 tatem
374 2266 512 2299 affirmat
532 2267 593 2301 effe
614 2268 868 2312 irrefragabilem
887 2279 926 2303 ac
947 2267 1131 2304 evidentem

251 2314 466 2348 characterem
480 2316 612 2350 Divinae
626 2318 769 2353 veritatis
779 2343 786 2349 -

304 2363 356 2396 Ex
368 2365 482 2399 eadem
495 2366 606 2410 regula
620 2368 760 2400 affirmat
770 2379 904 2401 omnem
918 2368 950 2401 in
964 2369 1134 2410 Dogmate

251 2413 462 2447 diversitatem
488 2415 551 2447 effe
573 2415 786 2450 manifestum
810 2418 924 2451 erroris
951 2416 1111 2449 indicium
1126 2439 1133 2447 .

254 2463 387 2496 Etenim
411 2461 559 2498 adversus
572 2464 770 2506 Gnosticos,
796 2478 838 2500 ex
860 2465 1134 2510 superiuslaudati

253 2513 375 2548 Secreti
389 2513 624 2549 sceleratiffimo
633 2513 733 2549 abusu
746 2517 924 2560 garrientes
945 2516 975 2549 Ie
988 2516 1079 2558 loqui
1092 2516 1135 2549 sa·

254 2564 412 2606 pientiam
433 2563 517 2596 inter
538 2566 713 2607 perfectos,
739 2565 849 2600 scribit
864 2567 898 2600 in
911 2567 1010 2601 tertio
1031 2565 1135 2600 libro:

132 2638 240 2674 Cap-2.
258 2616 303 2645 Et
323 2612 400 2644 banc
418 2610 600 2654 sapientiam
622 2614 819 2659 unusquisque
843 2627 942 2650 eorum
966 2617 1016 2659 esse
1042 2617 1113 2649 dicit
1126 2640 1137 2656 ‚

258 2674 348 2704 quam
360 2663 379 2693 ἃ
386 2659 543 2704 semetipsb
553 2666 714 2698 adinvenit
726 2690 738 2706 ,
759 2666 906 2709 fic‘lionem
917 2665 1057 2700 videlicet
1073 2689 1084 2705 ,
1105 2675 1137 2699 ut

259 2715 310 2755 dig
315 2712 349 2744 m?
355 2709 516 2753 secundum
529 2724 576 2745 eos
580 2712 620 2753 fit
631 2719 746 2748 veritas
757 2740 768 2756 ,
794 2718 955 2759 aliquando
975 2717 1095 2758 quidem
1105 2720 1138 2749 in

262 2763 438 2801 Valentino,
463 2761 624 2804 aliquando
641 2773 740 2798 autem
762 2771 794 2799 in
808 2770 958 2799 Marcione
969 2788 979 2804 ,
1004 2765 1138 2807 aliquan·

261 2813 300 2845 do
310 2817 343 2843 in
353 2810 514 2852 Cerintho,
540 2814 647 2847 deinde
667 2820 701 2848 in
714 2815 859 2857 Bafilide.
888 2819 965 2849 Fuit
986 2824 1086 2848 autem
1103 2816 1137 2848 ὀ·

264 2867 295 2898 in
308 2862 357 2893 illo
369 2885 378 2902 ,
405 2866 457 2903 qui
466 2870 568 2894 contra
579 2862 715 2906 disputat
732 2888 744 2906 ,
770 2872 823 2908 qui
833 2864 1052 2908 nibilfiriutare
1060 2865 1138 2907 loqui

259 2916 378 2953 potuit.
406 2909 607 2953 Unusquisque
628 2920 706 2947 enlm
727 2914 855 2957 ipsorum
877 2920 955 2948 omni
976 2915 1059 2947 modo
1065 2922 1138 2957 per·-

264 2958 367 3002 versus
390 2958 578 3003 semetipsum
615 2966 745 3006 regulam
770 2970 911 2998 veritatis
938 2966 1137 3006 depravans,

260 3010 418 3053 predicare
430 3021 487 3043 non
509 3011 697 3052 confunditur
709 3038 717 3045 .
745 3014 878 3049 Etenim
890 3014 1006 3049 veritas
1016 3013 1061 3048 est
1074 3025 1138 3048 una

265 3062 390 3103 semper
409 3059 590 3100 arcadem,
617 3062 758 3105 ideoque
778 3066 893 3108 nequit
917 3065 951 3098 in
973 3064 1067 3097 variis
1079 3066 1139 3099 effe

268 3111 373 3144 varia.
401 3111 481 3144 Hoc
504 3111 607 3154 ipsum
631 3112 768 3147 Irenaeus
789 3114 925 3149 nervose
940 3114 1138 3148 demonstrat

124 3172 250 3208 Capio.
266 3160 301 3193 in
324 3160 445 3203 quinto
467 3160 550 3195 libro
571 3185 583 3201 ,
607 3172 705 3205 atque
724 3163 893 3198 concludit
918 3176 925 3196 :
953 3166 999 3197 Et
1019 3162 1141 3206 Ecclefie

269 3211 387 3250 quidem
405 3212 574 3252 predicatio
592 3222 669 3244 vera
687 3213 723 3246 Θ
738 3215 829 3257 firma
848 3213 886 3252 eli
907 3239 918 3254 ‚
945 3214 1030 3255 apud
1048 3225 1139 3256 quam

271 3269 331 3291 una
356 3262 459 3294 eadem
480 3259 588 3303 salutis
614 3268 669 3295 via
695 3268 728 3295 in
753 3263 891 3306 universo
915 3265 1026 3296 mundo
1049 3263 1142 3304 ‹sten-

271 3308 353 3342 ditur
370 3334 377 3340 .
417 3311 509 3345 Hinc
533 3311 704 3354 praescribit
729 3313 816 3355 apud
837 3312 1017 3348 Gnosticos
1036 3338 1048 3356 ,
1072 3316 1142 3358 qui-

368 3358 472 3401 Christ.
486 3364 564 3404 Lupi
575 3366 671 3404 opera
692 3366 726 3396 T.
736 3365 793 3396 IX.

1163 316 1338 352 hominum
1351 319 1457 361 capita
1469 344 1479 359 ,
1508 330 1576 353 non
1588 318 1651 352 effe
1664 318 1833 352 veritatem
1843 344 1850 350 .

1200 368 1338 402 ‘Eadem
1351 369 1593 412 praescriptione
1603 366 1772 402 adversum
1787 367 1929 403 Arianos
1941 372 2045 407 utitur

1164 418 1294 452 inlibro
1316 417 1359 452 de
1371 419 1517 452 Nicaenae
1540 419 1616 452 fidei
1628 419 1780 452 Decretis
1801 419 1932 452 sanstus
1944 419 2046 455 Atha-

1167 469 1287 502 nasius:
1314 468 1368 509 Est
1379 468 1420 501 ibi
1431 491 1443 507 ‚
1468 478 1503 502 ut
1517 471 1626 502 Patres
1639 470 1853 509 tradiderunt,
1880 480 1952 509 vere
1963 467 2050 510 disci-

1161 520 1249 561 pline
1268 518 1474 562 &Magisterii
1498 529 1705 562 argumentum
1717 543 1727 558 ‚
1755 519 1806 552 ubi
1828 520 1937 552 eadem-
1953 517 2047 559 confi·-

1166 578 1265 602 tentur
1278 593 1289 610 ‚
1315 580 1367 602 nec
1389 569 1427 601 ab
1450 574 1582 602 invicem
1604 594 1614 609 ,
1640 580 1691 602 nec
1713 570 1731 600 ὰ
1755 570 1916 609 Majoribus
1943 570 1976 601 di
1998 579 2049 601 en-

1165 627 1262 652 tiunt.
1294 621 1360 662 ,Qut
1368 623 1459 662 igitur
1471 619 1521 651 boc
1532 626 1632 652 animo
1654 631 1711 652 non
1719 618 1794 661 sunt
1808 642 1819 657 ,
1844 619 2025 660 mali'potius
2037 641 2050 658 ,

1167 672 1258 710 quam
1284 675 1350 702 veri
1375 671 1564 711 Preceptores
1591 670 1740 711 appellari
1777 669 1885 703 debent
1909 694 1916 703 .
1956 669 2051 702 Certe

1168 719 1294 752 Ethnici
1306 744 1316 760 ,
1341 720 1405 761 cum
1416 730 1466 753 nec
1484 720 1591 753 eadem
1605 720 1824 761 profiteantur,
1847 718 1905 762 ſsd
1930 723 2007 752 inter
2016 716 2051 760 se

1168 767 1331 812 discrepent
1344 794 1355 810 ,
1381 781 1488 807 veram
1507 768 1694 812 disciplinam
1716 781 1773 803 non
1795 768 1926 804 babent.
1952 767 2052 801 sandi

1168 817 1347 862 contrasunt
1363 819 1471 862 sincere
1482 826 1625 853 veritatis
1643 828 1802 862 precones,
1831 823 1864 853 eo
1885 820 1965 862 quod
1973 824 2052 851 inter

1165 868 1197 911 se
1205 868 1362 912 sententiis
1388 876 1567 904 conveniunt
1579 896 1590 912 ‚
1619 870 1741 904 &nullo
1764 870 1872 909 diffidio
1892 869 2030 903 laborant
2043 893 2051 900 .

1173 919 1294 954 Eadem
1306 920 1542 964 praescriptione
1553 919 1722 959 adversum
1733 921 1861 955 eosdem
1883 917 2052 954 haereticos

1172 978 1307 1004 utuntur
1332 971 1467 1005 Sanctus
1495 966 1640 1006 ‘Bifflius
1656 974 1682 1011 ,²
1704 971 1839 1005 Sanctus
1873 970 2053 1014 Gregorius

1173 1018 1404 1055 Nazianzenus
1424 1044 1435 1061 ‚
1460 1022 1494 1055 &
1520 1021 1578 1055 alii
1607 1021 1719 1064 paffim
1745 1019 1857 1055 Patres
1881 1045 1889 1053 .
1918 1021 2054 1054 Etenim

1176 1070 1313 1111 Ariani,
1339 1082 1407 1104 non
1429 1071 1540 1105 minus
1551 1071 1648 1114 quam
1661 1070 1814 1104 Gnostici
1829 1095 1841 1110 ,
1868 1070 1973 1104 statim
1989 1071 2055 1102 fue·

1174 1120 1390 1153 runtlaeerati
1414 1121 1447 1152 in
1465 1120 1605 1162 plurima
1627 1120 1727 1153 frusta
1740 1143 1751 1158 ,
1778 1121 1890 1153 omnia
1907 1120 1963 1153 fibi
1976 1120 2057 1151 invi-

1176 1181 1245 1204 cem
1257 1171 1418 1203 contraria
1431 1194 1442 1212 ‚
1470 1170 1503 1203 &
1516 1170 1581 1203 sese
1602 1168 1722 1203 mutuo
1735 1169 1938 1202 mordentia.
1967 1170 2058 1202 Fuis-

1178 1221 1209 1254 se
1233 1219 1364 1254 Divinae
1388 1218 1610 1253 Providentia:
1631 1244 1642 1260 ‚
1669 1229 1740 1262 quae
1762 1218 1972 1252 mendacium
1993 1220 2060 1253 toti

1178 1270 1302 1303 mundo
1316 1269 1360 1310 ita
1373 1271 1553 1313 patefacere
1565 1269 1673 1304 voluit
1685 1293 1698 1308 ,
1726 1280 1810 1316 opus
1820 1269 1983 1305 affirmant
1992 1269 2062 1305 lau·

1179 1319 1248 1354 dati
1270 1318 1399 1354 Patres.
1428 1319 1484 1352 Ab
1506 1320 1620 1353 eadem
1650 1316 1859 1362 providentia
1871 1319 2064 1354 Donatista:

1179 1370 1273 1404 fuiffe
1292 1369 1500 1403 ad=eundem
1522 1370 1624 1404 finem
1657 1369 1813 1402 laceratos
1834 1368 1868 1401 in
1893 1368 2065 1404 primiani-

1182 1419 1244 1453 stas
1262 1442 1274 1459 ,
1299 1417 1564 1454 Maximianistas
1586 1442 1598 1458 ,
1625 1417 1814 1463 Rogatistas
1833 1442 1844 1457 ‚
1873 1417 2070 1465 Claudiani-

1183 1469 1243 1503 stas
1256 1492 1268 1508 ,
1294 1467 1491 1503 Urbanistas
1504 1493 1515 1507 ,
1541 1469 1575 1503 δε
1586 1468 1649 1502 alia
1665 1468 1699 1502 id
1711 1469 1816 1512 genus
1827 1468 1970 1502 monstra
1982 1493 1993 1509 ,
2008 1468 2067 1503 fre-

1184 1526 1321 1561 quenter
1332 1518 1470 1551 affirmat
1486 1519 1621 1554 Sanctus
1632 1517 1856 1561 Augustinus.
1884 1518 1977 1552 Idem
1995 1531 2068 1553 eve-

1186 1567 1236 1602 nit
1274 1566 1521 1609 Apollinaristis,
1539 1591 1550 1607 ‚
1596 1565 1808 1611 pelagianis,
1835 1567 2073 1609 Nestorianisg-

1188 1614 1465 1658 Eutychianistis‚
1490 1617 1662 1654 &cunetis
1674 1617 1784 1659 passim
1807 1618 1896 1651 aliis.
1925 1619 2077 1664 Etistud„

1189 1667 1291 1710 ipsum
1314 1662 1414 1700 hodie
1440 1666 1587 1701 videmus
1607 1667 1643 1700 in
1657 1665 1869 1708 Lutheranis‚
1896 1679 1934 1702 ac
1947 1669 2071 1712 praeser·

1191 1718 1251 1751 tim
1263 1717 1297 1750 in
1311 1715 1520 1750 Calvinistis.
1547 1718 1636 1761 ipsos
1647 1727 1683 1751 ut
1692 1717 1735 1751 ad
1749 1718 1851 1751 unicae
1873 1720 1985 1752 matris
1994 1730 2071 1763 gre-

1190 1767 1295 1802 mium
1319 1765 1451 1801 redeant
1475 1789 1488 1808 ‚
1515 1765 1561 1802 ita
1586 1763 1737 1802 hortatur
1762 1767 1888 1803 Divina
1916 1768 2080 1815 Clemenq

1189 1829 1233 1854 ua
1245 1844 1254 1850 ·
1961 1854 1963 1856 ,

1241 1866 1298 1901 Est
1313 1866 1435 1911 praescri
1440 1868 1510 1911 prio
1521 1868 1606 1904 adeo
1618 1868 1787 1905 manifesta
1798 1884 1814 1911 ,²
1827 1879 1862 1905 ut
1875 1863 1988 1906 eadem
2001 1866 2079 1915 gen-¹

1190 1919 1264 1953 tiles
1276 1942 1287 1958 ,
1300 1919 1371 1962 ‚qui
1383 1920 1519 1954 cunctos
1531 1932 1605 1954 cum
1620 1918 1807 1954 Catholicis
1829 1920 1993 1956 haereticos
2004 1932 2082 1955 cena

1193 1968 1300 2002 sebant
1323 1968 1387 2001 effe
1398 1968 1534 2007 unicum
1551 1968 1730 2004 Christiani
1749 1970 1914 2013 dogmatis
1936 1981 2052 2017 corpus
2061 1986 2082 2010 3.

1192 2019 1255 2052 sint
1277 2017 1447 2051 adversum
1472 2030 1531 2052 nos
1555 2020 1598 2052 uli
1618 2044 1625 2051 .
1653 2021 1702 2054 Ita
1724 2020 1857 2057 testatur
1879 2020 1913 2054 in
1939 2020 2079 2068 septimo

1195 2068 1392 2102 Stromatum
1419 2066 1504 2101 libro
1526 2070 1666 2102 Sanetus‘
1696 2070 1852 2104 Clemens
1878 2070 2080 2112 Alexandri-

1196 2129 1256 2153 nus
1279 2130 1289 2150 :
1318 2117 1454 2163 Gentiles
1473 2124 1608 2166 primum
1632 2118 1682 2153 hoc
1708 2121 1872 2164 adversum
1895 2133 1948 2156 nos
1974 2124 2079 2159 addu-
2095 2135 2235 2175 Pol-7533

1194 2177 1280 2209 cunt,
1309 2165 1438 2200 dicentes
1452 2178 1519 2210 'non
1531 2176 1660 2214 oportere
1670 2172 1788 2209 credere
1800 2179 1925 2215 propter
1936 2175 2026 2218 diffin
2037 2167 2078 2210 ro·

1200 2229 1266 2251 nem
1278 2215 1415 2259 haerefion
1425 2242 1432 2249 .
1460 2218 1647 2254 Retardatur
1657 2216 1738 2254 enlm*
1745 2233 1779 2255 ac
1789 2212 1928 2263 differtur
1939 2232 2056 2260 veritas
2065 2252 2077 2269 ,

1196 2269 1268 2300 dum
1292 2268 1343 2310 alii
1354 2267 1417 2300 alia
1436 2267 1611 2309 constituunt
1635 2272 1794 2316 dogmata.
1822 2273 1933 2309 Etiam
1953 2276 1988 2310 in
2009 2278 2078 2312 alio

1197 2317 1338 2359 ejusdem
1366 2316 1439 2350 libri
1464 2317 1540 2352 loco
1561 2319 1670 2354 scribit
1689 2335 1696 2355 ε
1724 2324 1802 2356 Cum
1823 2335 1898 2358 unus
1910 2324 1951 2367 fit
1973 2330 2075 2369 Deus,
2092 2332 2231 2372 Fol.765.'

1201 2368 1321 2399 &unus
1339 2364 1376 2404 fit
1394 2367 1533 2400 Dominus
1546 2393 1556 2409 ,
1578 2375 1738 2412 propterea
1764 2377 1803 2407 id
1822 2379 1913 2408 etiam
1937 2379 2018 2419 quod
2036 2378 2076 2418 est

1193 2414 1308 2458 summe
1332 2417 1515 2460 venerabile,
1546 2421 1630 2455 &ssex
1650 2433 1682 2456 eo
1700 2423 1833 2465 quodfit
1850 2423 1945 2467 solum
1957 2429 2076 2462 clauda·

1196 2475 1267 2506 tur,
1295 2472 1339 2499 uti
1361 2470 1442 2509 quod
1455 2468 1495 2510 fit
1503 2476 1632 2504 imitatio
1650 2478 1795 2515 principii
1815 2478 1896 2517 quod
1915 2476 1952 2515 est
1963 2488 2052 2511 unum
2067 2504 2074 2511 .

1196 2520 1231 2548 In
1241 2520 1328 2548 unius
1349 2520 1415 2560 ergb
1433 2528 1541 2560 nature
1554 2518 1665 2562 sbrtem
1688 2514 1994 2567 cooptatur⁴Ecclefia,
2019 2539 2075 2570 que

1198 2564 1234 2603 est
1245 2577 1323 2605 una.
1335 2577 1440 2609 *quam
1460 2578 1604 2603 conantur
1625 2570 1739 2615 hereses
1748 2580 1782 2607 in
1806 2576 1918 2608 multas
1929 2575 2077 2620 dist-inde-

1199 2627 1228 2647 re
1240 2640 1247 2648 .
1277 2613 1383 2650 Addit
1398 2617 1574 2654 Ecclesiam
1595 2622 1657 2655 effe
1668 2634 1767 2656 unam
1789 2633 1914 2667 propter
1928 2634 2075 2662 unitatem

1198 2670 1285 2699 unius
1301 2666 1403 2709 fidei,
1429 2680 1486 2712 quq
1505 2668 1544 2709 est
1566 2681 1605 2704 ex
1625 2679 1758 2715 propriis
1784 2674 1965 2713 testamentis
1987 2700 1998 2716 ,
2023 2680 2078 2711 vel

1195 2716 1292 2757 potius
1303 2727 1341 2750 ex
1350 2717 1520 2756 testamento
1531 2742 1542 2758 ,
1566 2723 1648 2762 quod
1655 2722 1692 2761 est
1714 2733 1805 2754 unum
1827 2722 1946 2763 diverfi}
1966 2734 2076 2768 tempo-

1199 2765 1280 2798 ribus
1291 2789 1299 2797 .
1329 2765 1373 2800 Et
1385 2767 1418 2800 in
1430 2767 1516 2802 libro
1530 2769 1723 2803 Anchorato
1735 2771 1843 2805 scribit
1857 2772 1990 2808 Sanstus
2001 2774 2079 2818 Epi·

1201 2814 1337 2859 phanius
1350 2829 1363 2848 .·
1379 2817 1497 2856 Nostra
1511 2817 1640 2858 profeffio
1657 2821 1727 2860 jam
1748 2829 1812 2854 tum
1833 2823 1854 2853 ἃ
1879 2824 1977 2866 Lege,
2005 2827 2077 2859 Pro-

1200 2865 1301 2907 phetis
1311 2888 1323 2905 ‚
1351 2868 1533 2910 Evangeliis
1545 2891 1556 2906 ,
1583 2868 1721 2909 apostolis
1732 2893 1744 2909 ‚
1770 2881 1806 2902 ac
1826 2871 1990 2912 Apostolicii·
2005 2882 2077 2909 tem-

1197 2915 1319 2957 poribus
1330 2916 1375 2947 ad
1383 2914 1434 2957 ch
1447 2915 1541 2956 nostra
1551 2921 1582 2949 in
1598 2917 1724 2959 Ecclefia
1742 2918 1896 2955 catholica
1905 2928 2076 2967 incorrupta

1198 2965 1340 3008 servatur
1354 2989 1365 3006 ,
1391 2976 1514 3007 quaeque
1522 2964 1579 3008 p'er
1588 2970 1742 3001 invidiam
1767 2980 1802 3003 ac
1811 2971 1915 3004 turbas
1925 2975 2076 3010 adversas

1200 3027 1291 3048 unam
1312 3025 1348 3049 ac
1369 3026 1474 3050 veram
1498 3017 1588 3057 fidem
1605 3013 1765 3052 concitatas
1779 3019 1902 3064 singull:
1916 3024 2075 3067 quibusque

1203 3065 1402 3107 temporibus,
1430 3071 1586 3099 variarum
1597 3066 1718 3109 berefion
1736 3068 2076 3116 infidationejat‘iata,

1202 3126 1238 3148 ac
1254 3113 1356 3153 multi‘s
1374 3117 1563 3149 incommodis
1583 3129 1684 3151 earum
1704 3120 1956 3162 importunitatem
1977 3126 2081 3166 confli·'

1202 3166 1309 3209 datm,
1334 3167 1387 3199 iila
1409 3191 1418 3205 ,
1445 3172 1592 3208 inquam,
1617 3167 1684 3210 ipsa
1701 3168 1800 3211 fides,
1821 3170 1892 3214 spes
1906 3197 1917 3212 ‚
1941 3185 1976 3207 ac
1991 3173 2081 3218 salus?

1210 3217 1306 3256 nostra
1325 3220 1358 3263 in
1366 3214 1425 3259 sua
1447 3221 1578 3249 veritate
1592 3217 1742 3261 perstitit,
1769 3219 1834 3255 turn
1844 3233 1880 3255 ex
1892 3223 2019 3267 adversb
2028 3224 2079 3267 bq-

1210 3266 1287 3309 reses
1299 3267 1462 3299 identidem
1479 3264 1573 3308 suase
1592 3268 1659 3302 labo
1678 3277 1877 3305 contaminent
1889 3297 1899 3312 ,
1926 3275 2008 3308 &ab
2020 3278 2079 3309 Ec-

1209 3315 1288 3358 clefiq
1308 3315 1444 3360 societate
1461 3314 1656 3359 separentur.
1683 3316 1739 3355 Est
1752 3331 1834 3366 opus
1844 3324 2081 3359 manifeste-Di.-

1655 3365 1690 3403 Χ
1900 3373 2010 3409 vinum
2021 3398 2032 3418 ‚

2090 2796 2164 2836 Cap.
2174 2802 2222 2836 83.
