2346 3724
132 371 184 414 Ep·
196 376 262 404 161..
275 380 404 415 parum.
421 372 472 409 >Et
487 372 571 408 reste
580 397 588 405 .

139 679 198 722 ΒΡ·
214 690 259 722 55-

120 2405 183 2446 tib.
210 2418 236 2442 2.

351 153 450 195 290
835 134 1169 186 Seno

283 220 364 256 fiam
376 246 387 262 ‚
398 221 450 255 sed
461 219 558 256 etiam
570 219 797 265 Apostolicam
808 221 924 259 Sedern
936 224 955 256 ἕ
983 224 1025 257 Et
1036 223 1167 268 quidem

283 272 320 307 in
344 272 459 306 litteris
480 273 520 306 ad
533 274 689 315 quosdam
710 274 898 308 Donatissas
917 275 948 308 S.
963 273 1167 319 Augustinus

283 323 424 357 affirmat
439 322 508 358 istic
525 317 640 366 semper
651 325 775 368 viguisse
784 324 947 365 apostolica
956 328 976 358 s
978 326 1042 358 edis
1055 328 1167 358 Princi-

614 375 703 421 Qia
717 374 832 418 nempe
844 374 915 408 istic
929 375 963 408 in
980 374 1165 418 Episcopali

279 422 362 459 Sede
372 433 441 457 non
451 424 650 468 quicumque
661 422 741 457 sedit
754 421 785 457 A
789 424 1001 467 postolus,sed
1013 427 1165 459 omnium

279 472 519 517 Apostolorum
529 472 683 518 Princeps
692 473 804 508 Petrus
811 496 818 507 .
846 474 1012 510 Praeterire
1021 487 1087 510 non
1097 474 1166 519 pos-

277 522 338 559 sim
347 535 467 569 magna
476 524 584 558 Sancti
594 524 756 567 Cypriani
767 524 970 560 testimonia.
998 526 1036 560 In
1049 525 1165 560 litteris

277 573 321 608 ad
332 575 484 609 Sanctum
497 574 690 608 Cornelium
704 573 828 617 Papam
849 575 960 610 scribit
973 575 1088 610 Romae
1101 577 1164 610 esse

279 626 368 659 Petri
387 623 575 658 cathedram
597 626 632 658 <⁵5
652 624 811 667 Ecclefiam
827 627 1028 669 principalem
1048 647 1059 665 ,
1082 627 1163 659 unde

276 680 380 707 unitas
393 676 591 708 sacerdotalis
611 681 715 708 exorta
735 675 776 716 est
789 700 796 708 .
822 677 866 712 Et
879 677 912 711 in
926 676 1010 711 libro
1031 675 1072 709 de
1085 677 1163 710 uni·-

275 733 344 759 tate
357 724 504 760 Ecclefiae
516 738 527 759 .-
555 727 613 757 Hoc
622 734 710 764 erant
723 732 824 760 caeteri
842 723 964 769 Apostoli
976 749 986 765 ‚
1010 728 1093 769 quod
1093 726 1161 769 fuit

273 774 311 809 ό·
322 774 451 814 Petrus,
472 779 548 816 pari
564 770 705 817 consortio
725 778 856 818 praediti
877 779 911 812 (9·
923 777 1041 810 honoris
1065 778 1099 811 Ca·
1110 786 1160 819 po-

273 824 388 865 testatis
404 848 414 864 ,
436 822 492 867 sed
501 827 659 859 exordium
680 826 720 859 ab
734 832 851 861 unitate
859 825 1065 870 proficisi-itur.
1093 830 1159 861 Pri-

273 884 375 910 matus
390 876 480 908 Petro
495 875 609 917 datur,
638 882 673 909 ut
695 888 759 910 una
773 876 882 918 christi
906 876 1034 919 Ecclefia
1054 879 1161 912 &Ca-

270 921 383 957 tbedra
404 932 468 959 una
489 925 684 965 monstretur.
712 927 756 960 Et
769 927 920 962 Ecclefiae
939 929 973 963 ἃ
986 926 1158 963 Cathedrae

270 975 432 1009 unitatem
455 977 518 1010 effe
544 977 710 1011 Divinum
740 976 928 1013 institutum
956 978 1157 1014 demonstrat

268 1023 457 1070 insigniter,
484 1026 785 1069 atqueconcludit:
807 1028 876 1072 ,Qut
901 1025 1035 1070 Ecnlefiae
1055 1034 1155 1063 reniti-

267 1080 318 1108 tur
338 1077 372 1110 (ν
397 1075 498 1118 resistit
512 1101 523 1117 ‚
549 1082 602 1119 qui
628 1076 817 1112 Catbedram
829 1081 915 1112 Petri
928 1102 939 1119 ‚
960 1077 1056 1123 supra
1066 1090 1156 1121 quam

256 1124 401 1168 fundata
420 1126 460 1166 est
482 1125 610 1168 Ecclefia
629 1150 640 1169 ,
662 1165 667 1171 j
683 1126 793 1171 deserit
815 1153 826 1169 ,
852 1135 886 1162 in
910 1129 1038 1171 Ecclesia
1052 1129 1085 1172 se
1105 1130 1155 1173 esse

264 1175 405 1217 confidit.
434 1177 477 1210 Et
491 1178 524 1210 in
538 1177 637 1212 variis
657 1176 804 1221 epistolis
825 1179 964 1214 affirmat
977 1179 1153 1215 Ecclesiam

263 1228 329 1262 esic
343 1227 360 1259 ὲ
375 1225 509 1261 Christo
525 1224 679 1262 Domino
703 1226 870 1262 fundatam
894 1231 985 1273 supra
999 1231 1152 1265 Sanctum

262 1270 401 1311 Petrum
415 1277 615 1321 Apostolum
626 1302 637 1318 ‚
662 1279 739 1322 quia
752 1274 940 1326 *nempehic
954 1280 1018 1314 fuit
1031 1280 1152 1323 primus

263 1326 448 1370 Episcopus
468 1327 717 1360 Romanorum.
746 1326 798 1362 Ex
824 1328 959 1363 laudato
984 1328 1024 1362 de
1042 1330 1153 1363 Eccle-

260 1375 311 1409 fiae
326 1375 454 1410 unitate
477 1375 562 1409 libro
574 1378 707 1410 Sanctus
720 1375 809 1419 Papa
821 1377 966 1411 Gelafius
976 1378 1150 1421 desumpsit

260 1426 317 1459 sua
353 1436 421 1469 jam
458 1421 588 1460 laudata
626 1425 722 1460 verba
746 1426 899 1461 adversus
926 1426 1150 1462 Timotheum

260 1473 422 1510 AElurum
445 1487 482 1510 ac
494 1471 628 1510 Petrum
652 1476 817 1521 Mogum.
847 1476 903 1511 Ad
926 1488 1062 1513 manum
1076 1479 1150 1513 sunt

257 1526 291 1559 &
307 1527 445 1569 plurima
464 1526 529 1560 alia
553 1526 744 1562 testimonia
759 1550 766 1558 .
795 1526 878 1561 Haec
895 1527 1062 1563 sufficiunt
1074 1553 1084 1568 ,
1113 1539 1150 1563 ut

258 1577 398 1620 quisque
419 1576 528 1612 videat
539 1574 703 1619 Ioannem
716 1575 898 1613 Calvinum
920 1574 986 1612 tine
1011 1578 1091 1614 teste
1103 1579 1151 1613 lo·

255 1628 312 1669 qui
332 1639 374 1661 ex
387 1627 520 1670 proprio
531 1623 665 1662 cerebro
677 1650 685 1660 .

306 1678 459 1721 Ejusdem
484 1677 595 1713 farinae
606 1678 679 1712 sunt
694 1674 760 1712 hoec
770 1677 839 1721 ejus
850 1674 964 1713 verba:
993 1682 1083 1722 Atqui
1100 1687 1150 1713 ve·

256 1732 306 1762 ius
319 1729 399 1761 illud
408 1736 602 1762 commentum
615 1727 692 1761 nibil
702 1727 791 1762 babet
802 1731 905 1762 coloris
920 1754 927 1762 .
955 1733 1023 1763 Nec
1042 1730 1129 1763 video
1141 1753 1152 1770 ,

256 1789 307 1811 cur
332 1777 459 1820 Eusebio
479 1779 513 1811 (τ
532 1779 601 1810 altis
619 1779 789 1819 placuerit,
815 1777 869 1817 nili
886 1784 957 1821 qula
981 1780 1030 1813 illo
1053 1790 1151 1813 errore

249 1830 322 1870 jam
345 1831 476 1870 occupati
495 1836 582 1860 erant
596 1850 608 1867 ,
636 1829 759 1860 Petrum
784 1830 887 1860 Romae
900 1827 1009 1870 fuiffe.
1039 1828 1148 1861 Etiam

256 1877 345 1913 haec:
373 1882 481 1920 Neque
508 1877 638 1910 deterret
657 1887 704 1910 eos
726 1882 855 1910 nominis
874 1877 1007 1919 infamia
1026 1902 1037 1918 ,
1065 1879 1150 1910 moda

256 1929 343 1962 Sedis
366 1927 531 1970 Apostolicae
550 1926 673 1959 titulum
678 1932 851 1968 praetexere
861 1925 927 1968 ipfis
949 1928 1055 1961 liceat.
1085 1932 1151 1961 Nec

257 1976 405 2019 Christum
424 1977 602 2019 magnopere?
620 1983 747 2015 curant,
777 1977 863 2008 modo
887 1979 996 2009 Petrus
1018 1975 1085 2017 ipsis
1103 1988 1150 2010 re-

254 2027 408 2072 linquatur
421 2051 429 2060 .
455 2026 643 2061 Maledicus
664 2024 768 2060 homo
779 2025 849 2069 agit
870 2025 904 2058 in
930 2025 1151 2060 Commenta-

254 2082 340 2116 rium
356 2100 368 2119 ,
391 2086 459 2122 quo
482 2086 602 2111 veteres
628 2075 778 2110 Ecclefiae
798 2075 910 2109 Patres
936 2076 1069 2110 censent
1095 2085 1150 2118 per

254 2127 462 2172 Babylonem
485 2126 518 2161 in
534 2128 637 2170 prima
650 2127 758 2162 saneti
779 2123 870 2160 Petri
882 2125 1017 2168 epistola
1030 2125 1151 2159 intelli-

240 2182 293 2235 *ἰ
316 2179 429 2214 urbem
452 2178 662 2212 Romanam.
690 2177 845 2211 Affirmat
871 2176 1149 2210 commentarium

254 2230 352 2266 nullo
374 2229 487 2265 colore
509 2226 636 2268 fulciri,
663 2237 701 2262 ac
723 2225 893 2270 peripsum
908 2227 1060 2261 infamari
1082 2224 1151 2260 Ro-

255 2288 388 2318 manam
404 2278 579 2315 Ecclesiam
593 2302 600 2310 .
629 2277 672 2311 Et
685 2277 818 2322 quidam
833 2276 1025 2311 existimant
1046 2274 1151 2310 homi·

256 2334 293 2369 ni
306 2333 367 2367 effe
380 2330 635 2365 fundamentum
647 2329 679 2362 in
700 2326 894 2372 Presbytero
906 2324 1045 2362 Ruffino
1056 2349 1067 2365 ,
1093 2325 1151 2359 de-

256 2380 466 2419 clamantein
484 2381 639 2416 Sannum
663 2374 935 2420 Hieronymum.-
961 2378 1150 2414 meronymus

257 2435 296 2468 de
307 2433 379 2468 urbe
404 2434 498 2464 Roma
510 2455 522 2471 ,
548 2432 612 2464 Deo
614 2425 748 2471 favente
760 2451 772 2468 ‚
797 2432 895 2469 capite
905 2424 1151 2466 christianorum,

256 2495 295 2518 aa
305 2485 379 2517 dicit
391 2501 402 2522 5
425 2491 496 2524 quae
508 2479 685 2514 dicebamur
700 2486 772 2513 tune
784 2487 850 2510 cum
856 2477 986 2520 gentiles
998 2483 1033 2509 in
1055 2486 1092 2508 ea
1098 2482 1150 2516 po-

258 2532 355 2576 puin
373 2533 408 2565 Θ·
430 2527 628 2571 persecutores
651 2530 809 2570 Principes
831 2527 1043 2560 morabantur.
1070 2526 1152 2559 Cen-

261 2584 335 2622 sent
357 2579 377 2614 ὸ,
399 2580 538 2613 Ruffino
553 2579 676 2621 culpari
689 2579 786 2613 istum
801 2597 812 2617 ‚
839 2577 896 2622 qui
909 2577 1010 2611 etiam
1034 2576 1153 2611 San-sto

262 2632 483 2673 Hieronymo
504 2627 629 2670 placuit
649 2646 660 2668 ‚
688 2626 985 2661 commentarium.
1014 2626 1062 2659 At
1090 2634 1153 2660 ma·

264 2681 422 2717 nist-,stum
443 2677 488 2712 est
509 2675 586 2711 istos
606 2675 672 2710 labi
698 2697 706 2709 .
734 2674 950 2710 Manifestum
981 2674 1027 2709 est
1059 2675 1154 2710 istum

262 2724 543 2767 commentarium
574 2725 706 2770 probari
731 2725 803 2761 istic
822 2726 922 2760 etiam
954 2725 973 2760 ὸ,
1000 2725 1156 2760 Ruffino.

264 2778 335 2817 Hic
358 2778 450 2814 enim
471 2774 553 2810 dicit
576 2776 663 2810 duo.
693 2774 808 2810 Primo
829 2795 841 2817 ,
867 2774 958 2820 quod
977 2776 1155 2820 ‘gentilium

263 2828 530 2878 persecutionum
557 2833 704 2870 tempore
735 2826 815 2861 sacri
848 2825 951 2860 nostri
979 2827 1156 2870 Scriptores

264 2881 377 2918 acerba
400 2877 546 2912 dixerint
566 2876 608 2912 de
630 2876 764 2912 civitate
785 2876 959 2911 Romana.
988 2876 1094 2911 Lucet
1113 2888 1155 2912 ex

266 2928 470 2977 Apocalypsi
493 2927 605 2963 Sanffl
629 2926 785 2970 Joannis.
813 2927 857 2961 Et
880 2928 966 2961 inter
979 2924 1046 2961 haec
1056 2928 1101 2962 est
1112 2935 1155 2962 et·

265 2984 335 3019 iam
353 2978 469 3015 titulus
481 2976 664 3020 Babylonis
675 3002 683 3010 .
713 2975 868 3011 Secundo
883 2977 1037 3011 Ruffinus
1053 2977 1155 3018 dicit,

267 3027 359 3076 quod
372 3028 506 3065 sanstus
518 3028 745 3071 Hieronymus
756 3027 833 3062 talia
845 3027 945 3061 etiam
958 3038 1047 3062 nune
1060 3027 1155 3062 Chri·

266 3083 384 3121 stianis
395 3076 595 3121 temporibus
606 3079 640 3112 in
653 3079 774 3113 almam
788 3077 901 3112 urbem
913 3097 923 3117 ,
949 3076 1053 3111 immo
1074 3078 1154 3112 &in

267 3130 420 3168 Sanctam
433 3126 502 3172 ejus
516 3127 689 3163 Ecclesiam
700 3127 860 3164 effutiret.
889 3128 1014 3163 Revera
1034 3129 1124 3162 enim
1135 3127 1155 3160 a

269 3182 388 3218 Siricio
402 3178 567 3214 pontifice
577 3178 610 3212 ὅ(
622 3178 815 3221 quibusdam
828 3178 897 3223 ejus
908 3175 1044 3212 Clericis
1055 3178 1155 3212 offen·

268 3230 321 3268 sus
342 3234 570 3273 Hieronymus
593 3230 636 3263 est
649 3227 856 3273 prolapsusin
877 3228 1012 3263 nimiam
1023 3227 1153 3262 dicendi

271 3277 440 3316 licentiam
453 3304 461 3312 ·
492 3278 637 3315 Unde&
646 3279 686 3314 ad
699 3279 785 3315 hanc
798 3277 925 3314 Ruffini
936 3276 1132 3313 Investivam
1143 3297 1154 3317 ‚

268 3324 349 3365 lieet
370 3332 450 3367 alias
470 3327 687 3367 vocalissimus
709 3350 722 3374 ,
747 3329 844 3376 plene
868 3328 971 3373 tacuit
991 3350 1001 3363 .
1037 3327 1152 3364 Solam
1178 3366 1190 3375 x

1238 152 1554 184 LION

1233 221 1333 266 igitur
1345 223 1590 266 Hieronymum
1605 224 1750 269 culpavit
1761 250 1772 267 ,
1798 227 1901 262 sacros
1912 236 2019 262 autern
2034 225 2118 263 nov‘t-

1233 274 1437 322 Testamenti
1450 274 1626 318 Scriptores
1646 275 1786 310 omnino
1796 279 2019 321 comprobavit
2032 279 2114 314 Ruf-

1233 324 1339 365 finus,
1366 335 1464 371 atque
1475 326 1520 358 ita
1530 324 1910 368 comprobavit&istum
1933 324 2125 364 Commem-

1231 375 1349 409 tarium
1365 400 1372 408 .
1400 374 1687 409 praedamnavit&
1702 374 1916 420 Calvinistas,
1941 381 1998 424 qui
2012 378 2114 424 longe

1232 426 1339 468 pejora
1355 447 1366 467 ,
1389 427 1425 460 &
1449 425 1582 470 quidem
1605 425 1671 458 fine
1694 425 1929 469 fundamento,
1954 440 2113 467 evomunt

1230 474 1264 509 in
1277 476 1466 510 Romanam
1480 476 1657 511 Ecclesiam
1668 500 1676 508 .
1705 476 1777 523 Qi
1788 487 1859 511 eam
1871 502 1882 519 ,
1906 482 1993 523 quod
2006 481 2046 514 de
2061 492 2114 524 pa.

1228 536 1315 570 gana
1330 527 1464 560 civitate
1472 538 1508 561 ac
1521 538 1649 572 pagano
1661 525 1728 568 ejus
1741 526 1884 569 Imperio
1895 528 1979 564 dixit
2001 530 2114 565 divina.

1230 576 1465 619 Apocalypsis,
1488 576 1648 611 blaterant
1658 577 1720 611 effe
1731 578 1930 612 meretricem
1947 590 2114 626 magnam.-

1229 622 1273 659 Et
1296 637 1373 660 cum
1395 626 1557 661 maledico
1579 627 1828 662 Donatistarum
1853 626 2012 673 Episcopo
2026 631 2115 665 Peti-

1228 675 1319 709 liano
1329 677 1474 710 crustant
1487 677 1588 720 ipsam
1600 680 1662 712 esse
1685 677 1884 712 Cathedram
1903 679 2112 722 pestilentiae·-

1275 724 1381 760 Porro
1403 726 1609 761 Caesareenfis
1638 726 1768 762 Eusebii
1804 728 1899 762 verba
1925 729 1997 763 sunt
2021 730 2086 766 haec
2101 743 2114 765 .·

1227 776 1349 816 Constat
1362 778 1485 810 Petrum
1496 780 1589 811 Marci
1603 785 1779 811 mentionem
1785 776 1885 819 facere
1897 784 1929 811 in
1949 785 2042 821 priori
2052 786 2118 821 epi-

1218 826 1315 867 stola,
1344 838 1433 870 quam
1454 831 1556 861 Romae
1577 830 1695 870 texuisse
1718 831 1843 862 dicitur.
1873 831 1976 872 ,Quam
1997 831 2116 871 quidem

1224 876 1372 919 epistolam
1385 878 1429 910 ibi
1434 875 1629 920 perscriptam
1651 878 1772 917 ostendit
1785 902 1795 919 ‚
1821 883 1897 911 -dum
1907 885 2061 913 civitatem
2081 880 2117 912 il-

1223 929 1285 961 lam
1299 928 1384 962 verbi
1394 929 1593 962 translatione
1608 930 1741 970 appellat
1755 927 1934 968 Babylonem
1946 954 1953 962 .
1970 929 2114 963 *Conso-

1221 988 1279 1012 nat
1298 979 1333 1011 in
1348 978 1680 1012 virorumillustrium
1704 978 1857 1022 catalogo
1879 981 2012 1029 Sanetus
2035 980 2116 1014 Hie-

1226 1037 1410 1071 ronymus.-
1439 1029 1579 1062 Meminit
1593 1031 1688 1062 Marci
1699 1030 1808 1063 Petrus
1820 1029 1853 1063 ln
1864 1030 1979 1071 epistola
1985 1035 2087 1072 prima
2102 1051 2115 1071 ,

1218 1077 1274 1122 βό
1291 1084 1404 1111 nomine
1427 1078 1585 1116 Babylonis
1605 1079 1767 1122 figuraliter
1788 1082 1911 1113 Romam
1928 1081 2110 1123 intelligens.

1221 1127 1323 1175 Qod
1346 1128 1451 1172 ipsum
1472 1129 1612 1163 insinuat
1637 1128 1671 1162 in
1694 1129 1829 1172 epistola
1842 1130 1881 1162 ad
1895 1125 2087 1163 Mammam
2103 1153 2111 1161 .

1222 1178 1373 1213 Eundem
1393 1178 1667 1213 commentarium
1682 1179 1822 1221 probant
1835 1179 2030 1214 venerabilis
2051 1179 2114 1213 Be-

1221 1228 1260 1261 da
1277 1249 1289 1269 ,
1315 1228 1551 1267 OEcumenius,
1575 1228 1610 1261 ἀ
1633 1228 1690 1261 alii
1718 1229 1840 1270 plures.
1870 1229 2005 1262 Nam&
2025 1231 2112 1263 sacra

1221 1275 1438 1320 Apocalypsis
1452 1277 1639 1311 Romanam
1665 1276 1777 1311 urbem
1791 1288 1902 1311 onerat
1914 1277 2028 1311 eodem
2045 1279 2114 1312 elo-

1221 1327 1280 1371 gio
1294 1348 1321 1361 u
1331 1325 1462 1370 Nempe
1471 1327 1516 1360 ob
1530 1327 1598 1360 illic
1611 1326 1774 1360 liberrime
1795 1327 1988 1371 grassantem
2001 1328 2114 1362 omnis

1220 1375 1416 1419 idololatriae
1428 1376 1463 1410 &
1477 1375 1692 1420 plurimorum
1707 1377 1862 1411 vitiorum
1873 1377 2110 1412 confusionem.

1220 1427 1268 1461 lta
1295 1427 1403 1461 afferit
1430 1427 1464 1460 in
1494 1427 1600 1470 primo
1627 1428 1776 1461 sermone
1803 1427 1844 1462 de
1870 1427 2111 1470 Apostolorum

1218 1476 1427 1521 Principibus
1451 1477 1585 1511 Sanctus
1606 1476 1678 1511 Leo
1699 1477 1865 1521 Magnus.
1895 1478 2007 1511 Aliam
2026 1478 2113 1511 insu-

1219 1536 1274 1571 per
1287 1528 1450 1562 rationem
1467 1525 1601 1561 adducit
1614 1527 1648 1561 in
1662 1524 1839 1561 Catholica
1862 1526 2112 1562 Concordantia.

1221 1577 1382 1612 Nicolaus
1403 1576 1590 1612 Cardinalis
1611 1577 1759 1612 Cusanus
1773 1599 1781 1609 .
1807 1578 1850 1612 Et
1873 1576 2024 1622 adjungit
2050 1577 2115 1620 pri-

1220 1637 1312 1666 mum
1336 1627 1427 1661 istius
1453 1627 1683 1661 commentarii
1722 1627 1985 1672 impugnatorem
2016 1627 2112 1662 fuisse

1222 1676 1406 1711 Marfilium
1430 1676 1624 1711 Paduanum
1648 1701 1655 1709 .
1683 1677 1764 1722 Qo
1796 1678 1962 1712 evinceret
1987 1675 2112 1711 Roma-

1221 1738 1303 1762 num
1316 1727 1420 1762 Sanffl
1433 1727 1523 1761 Petri
1539 1726 1792 1770 Episcopatum,
1819 1726 1984 1763 autetiam
2005 1726 2117 1770 pra-di·

1221 1781 1386 1813 cationem
1410 1789 1477 1815 non
1504 1777 1592 1821 posse
1616 1777 1744 1811 ostendi
1766 1787 1806 1810 ex
1833 1777 1928 1812 sacris
1956 1777 2114 1812 Litteris.

1224 1828 1274 1862 Ex
1285 1828 1354 1870 ejus
1364 1827 1463 1871 igitur
1473 1828 1565 1861 sonte
1575 1825 1716 1860 eundem
1729 1837 1804 1860 cum
1825 1837 2006 1872 augmento
2024 1827 2112 1869 spiri·

1221 1886 1290 1910 tum
1314 1875 1396 1910 bibit
1417 1878 1559 1919 Joannes
1591 1875 1752 1908 Calvinus
1770 1899 1779 1907 .
1805 1875 1911 1910 Porro
1951 1876 2112 1912 Eusebius

1222 1937 1290 1960 non
1312 1925 1450 1966 definit,
1476 1924 1528 1959 sed
1550 1924 1688 1957 affirmat
1713 1924 1759 1958 ita
1782 1923 1849 1958 dici
1874 1950 1881 1957 .
1908 1926 2042 1960 Etenim
2066 1938 2112 1961 an

1221 1976 1314 2011 istam
1333 1975 1503 2018 epistolam
1513 1975 1646 2007 Sanetus
1660 1973 1775 2008 Petrus
1797 1974 1913 2009 Romae
1926 1976 2110 2020 scripserit,

1221 2024 1296 2059 licet
1309 2022 1450 2056 omnino
1470 2023 1516 2055 ita
1538 2032 1688 2064 appareat
1703 2045 1715 2061 ,
1740 2034 1856 2056 omnes
1880 2026 2018 2060 fatemur
2038 2036 2111 2060 non

1216 2071 1285 2108 ‘esse
1306 2072 1436 2116 penitus
1458 2081 1600 2105 certum.
1628 2071 1705 2105 Hac
1728 2071 1769 2105 de
1793 2082 1827 2105 re
1847 2071 2003 2106 scribitin
2021 2074 2115 2108 sexto

1222 2123 1305 2158 libro
1315 2123 1356 2160 de
1366 2121 1548 2157 Sacerdotii
1560 2132 1597 2155 ac
1608 2119 1740 2164 Imperii
1751 2122 1929 2156 concordia
1941 2121 2116 2162 Dominus

1222 2171 1338 2208 Petrus
1361 2171 1401 2206 de
1425 2171 1539 2206 Marca
1564 2170 1693 2205 Archi·
1708 2171 1886 2215 Episcopus
1907 2170 2113 2207 Parifienfis:

1223 2224 1332 2257 Petrus
1353 2235 1391 2257 ex
1406 2226 1438 2268 J
1441 2223 1532 2256 udaea
1541 2221 1618 2254 abiit
1629 2222 1866 2262 Alexandriam,
1893 2232 1958 2264 quae
1983 2225 2112 2267 AEgyptt

1222 2275 1392 2315 Metropolis
1416 2282 1482 2306 erat
1495 2297 1507 2314 ,
1531 2274 1609 2306 &in
1622 2283 1681 2314 qua
1690 2270 1868 2306 babitabant
1880 2274 1996 2316 Judaei
2009 2271 2112 2315 secun·

1222 2326 1272 2358 dae
1293 2321 1477 2366 disperfionis
1501 2347 1513 2364 ,
1542 2321 1726 2365 institutoque
1762 2323 1821 2355 illic
1843 2319 1986 2365 Episcopo
2010 2325 2113 2357 Marco

1222 2373 1442 2416 Evangelista,
1468 2371 1653 2405 Antiochiam
1671 2371 1824 2414 profhdius
1844 2371 1902 2413 est,
1929 2381 2018 2415 atque
2039 2371 2112 2408 bine

1225 2423 1403 2460 Babylonem
1422 2445 1433 2462 ,
1459 2421 1509 2455 ubi
1533 2421 1659 2465 degebat
1680 2421 1894 2456 baereditarius
1929 2422 2112 2456 PatrIarcbae

1215 2476 1247 2518 J
1250 2473 1401 2505 udaeorum
1410 2478 1519 2513 primae
1529 2469 1724 2513 dispersionis.
1752 2474 1803 2503 Ea
1813 2477 1846 2504 in
1857 2470 1929 2504 urbe
1940 2471 2110 2511 constitutus

1204 2517 1207 2560 ὲ
1218 2522 1330 2567 scripfit
1352 2522 1499 2564 epistolam
1521 2527 1655 2563 primam
1678 2527 1867 2561 canonicam,
1894 2526 1939 2554 uti
1956 2529 2047 2563 patet
2068 2533 2108 2556 ex

1218 2572 1432 2617 subscriptione
1454 2596 1465 2612 ,
1491 2582 1557 2614 quae
1578 2570 1666 2604 babet
1688 2583 1694 2603 :
1723 2571 1847 2605 Salutat
1872 2581 1931 2605 vos
1948 2567 2109 2613 Ecclesia,

1222 2635 1292 2667 quae
1303 2622 1348 2657 est
1371 2624 1403 2655 in
1419 2621 1608 2665 Babylone.
1638 2620 1766 2662 Tametsi
1783 2630 1899 2662 veteres
1920 2620 2110 2661 existimave-

1223 2679 1288 2706 rint
1303 2676 1416 2706 Divum
1433 2674 1557 2706 Petrum
1570 2671 1708 2705 vocabulo
1720 2671 1878 2711 Babylonis
1881 2670 2052 2715 fignificaffi
2062 2682 2112 2706 ur·

1223 2724 1286 2756 bem
1298 2727 1440 2761 Romam,
1463 2721 1628 2764 probabilis
1648 2721 1686 2762 est
1696 2721 2030 2770 scaligericoniet‘lura,
2056 2728 2109 2764 qut

1223 2784 1260 2808 ex
1283 2771 1348 2817 ipsa
1375 2772 1519 2812 Babylone
1525 2771 1672 2816 scriptam
1692 2774 1712 2804 a*
1726 2767 1913 2813 Petro'putat
1922 2770 1999 2805 banc
2009 2771 2108 2813 episto-

1223 2826 1284 2857 lam
1295 2826 1338 2857 ad
1340 2827 1373 2868 J
1375 2825 1473 2857 udaeor
1484 2820 1630 2865 dispersos
1642 2846 1653 2863 ‚
1679 2826 1730 2864 qui
1743 2821 1923 2855 babitabant
1931 2828 1965 2856 in
1977 2824 2108 2856 Provin-

1222 2881 1293 2914 ciis,
1321 2886 1446 2917 quarum
1465 2876 1620 2916 synagoga>
1628 2872 1801 2914 pendebant
1811 2873 1833 2904 ἃ
1845 2871 2028 2906 Patricrrcba
2044 2873 2108 2909 Ba·

1222 2925 1344 2965 bylonis.
1373 2923 1469 2958 Certe
1491 2923 1633 2967 Scaliger
1656 2932 1724 2957 non
1743 2922 1790 2960 est
1814 2921 1909 2966 hujus
1937 2922 2107 2966 opinionis

1223 2974 1342 3009 author
1354 2997 1365 3015 ,
1391 2973 1444 3009 sed
1461 2970 1624 3008 Mar-filius
1638 2970 1828 3008 paduanus.
1857 2973 1918 3008 Per
1929 2970 2111 3008 Calvinum.

1223 3026 1314 3060 venit
1326 3025 1367 3059 ad
1380 3023 1598 3068 Scaligetum.
1630 3021 1672 3057 Et
1698 3022 1797 3058 habet
1811 3022 1904 3057 valde
1913 3030 2022 3066 parum
2035 3030 2107 3063 pro-

1222 3073 1416 3111 babilitatis.
1444 3074 1577 3110 Etenim
1590 3072 1727 3113 adducta
1750 3073 1891 3108 Domini
1910 3068 2104 3112 Archi-Epi-

1222 3125 1309 3170 scopi
1329 3124 1425 3160 verba
1447 3133 1515 3159 non
1538 3134 1649 3159 carent
1671 3119 2101 3161 temerariisaffertionibus.

1221 3174 1395 3224 Qidquid
1406 3175 1441 3209 fit
1452 3199 1462 3216 ,
1489 3174 1566 3210 licet
1576 3174 1634 3208 ista
1648 3175 1866 3218 epistolari-»on
1878 3170 1975 3206 fuerit
1987 3170 2112 3212 script&

1221 3226 1357 3266 Romae,
1385 3224 1463 3261 hinc
1484 3237 1554 3260 non
1576 3224 1737 3259 evincitur
1750 3222 1880 3257 Petrum
1903 3220 2017 3257 Romae
2031 3230 2111 3254 non*

1219 3277 1399 3321 praedicasse
1411 3301 1423 3318 ‚
1447 3287 1502 3311 aut
1518 3287 1585 3310 non
1599 3275 1709 3310 sedisse
1726 3272 1921 3315 Episcopum
1933 3294 1941 3302 .
1968 3269 2110 3305 Etenim.

1220 3338 1279 3372 pro
1302 3326 1416 3363 nostro
1440 3326 1569 3365 Afferto
1592 3324 1729 3360 adducta
1750 3322 1886 3358 Patrum
1911 3318 2109 3404 ιείὶὶίηιὲεῃίφ,

1989 3380 2008 3404 u

2125 1602 2187 1636 Lib.
2217 1617 2245 1635 2.

2125 1655 2189 1686 cap.
2201 1654 2246 1683 34·
