2346 3724
867 127 1201 172 Seno

361 142 428 178 60

297 198 348 251 1'10
372 213 479 250 sanni
502 212 628 249 Marci.
654 207 801 248 ‘Proinde
824 212 946 248 Christi
969 215 1112 251 ,Domini
1138 226 1209 280 ηο-1
1238 210 1240 212 ’

295 277 373 301 meu
389 263 527 300 {intima
542 265 589 298 sui
605 266 765 309 praedicati
790 264 929 299 exordio
941 266 1004 300 fuit
1026 266 1111 310 apud
1126 276 1194 298 om·

297 325 354 348 nes
363 324 464 351 tantae
475 314 591 359 gloriae
611 316 647 355 ,ἀ
660 315 870 350 authoritatis
882 339 892 356 ,
919 326 955 349 ut
970 328 1037 350 non
1064 316 1120 350 nifi
1136 317 1194 353 sub

289 363 364 406 ejus
383 364 464 403 suco
491 364 655 402 Diabolus
678 366 821 409 pbtuerit
850 365 1002 402 homines
1024 367 1193 405 seducere„

295 415 391 452 Hinc
412 416 507 458 ipso,
533 417 581 450 uti
605 417 705 450 ovina
730 416 806 454 lana
832 417 949 460 lupos,
975 414 1201 451 circumvesti-'

294 473 349 499 tos
372 464 542 504 haereticos
579 467 681 511 elegit
705 466 742 504 ,in
769 468 831 506 suae
858 466 1022 510 pravitatis
1049 468 1191 503 ministe—

292 514 391 557 rium,
404 516 437 555 ἀ
450 527 504 559 per
518 516 601 558 ipso-s
614 528 751 551 conatus
762 518 806 551 est
821 517 943 556 Christi
955 518 1098 558 Domini
1111 529 1191 557 oves

292 565 558 600 circumscribere
571 591 583 610 ‚
611 569 734 601 auferre
754 568 788 602 <Sc
801 571 941 603 mastare
952 594 959 601 .

346 615 473 654 Verft'lm
490 618 577 653 varia
602 618 647 651 est
670 618 812 657 Diaboli
837 619 983 660 uafrities
1003 645 1010 653 .
1038 617 1188 667 Qibus-

292 666 371 701 dam
381 667 422 701 ad
436 676 527 703 veros
542 667 750 707 Christianos
763 670 1072 709 circumveniendos
1090 694 1100 710 ,
1120 670 1186 712 qui-

292 712 430 750 busdam
444 716 600 752 haereticis
622 719 706 753 istud
714 720 900 771 gloriosum
915 732 1037 759 nomen
1051 720 1189 754 circum·

291 766 402 809 posuit
425 767 582 811 adipsum
606 769 858 811 infamandum,
885 771 1073 815 &gentiles
1092 768 1133 803 ab
1145 781 1187 804 eo

290 814 498 851 hostilissime
510 819 721 858 alienandos?
750 821 884 859 Etenim
908 822 948 855 de
961 820 1128 858 Gnosticis
1141 831 1186 853 re-

148 876 268 916 3jb,27,
288 867 340 903 ,ste
362 868 474 902 scribit
495 869 628 904 Sanstus
651 869 856 914 Epiphanius
880 883 890 906 z
918 873 1014 915 ,Quod
1037 870 1185 904 bominum

148 926 216 957 cap.
239 928 268 956 3·
284 928 383 965 genus
392 918 582 960 ssdEcclefiae
594 924 652 954 Dei
665 921 810 967 pnobrum
830 920 1082 967 &effi-ndiculum
1100 923 1185 954 ador-

289 967 368 1009 nasse
400 969 435 1001 6·
453 966 607 1012 submififfe
631 973 768 1009 ‚Satanas
805 972 929 1005 videtur
951 998 958 1004 .
986 974 1109 1016 ‚Quippe
1133 976 1184 1014 qul

287 1015 491 1055 christianum
512 1030 615 1057 nomen
633 1019 688 1060 fibi
710 1023 902 1062 indidemn,
930 1031 962 1054 ut
974 1031 1098 1064 propter
1117 1023 1182 1056 illos

284 1065 403 1109 offensae
418 1074 553 1107 nationes
573 1073 595 1106 ,ἃ
604 1068 720 1112 sanc‘lae
735 1075 792 1104 Dei
815 1071 947 1113 Ecclefiae
974 1074 1107 1111 utilitate
1129 1072 1179 1105 ab·

287 1116 442 1154 horrerent
457 1142 468 1158 ,
493 1125 767 1163 annunticstamque
788 1128 949 1155 veritatem
975 1122 1011 1157 „b
1034 1128 1182 1158 immania

285 1168 402 1200 illorum
406 1166 543 1209 facinora
566 1171 813 1204 &incredibilem
828 1178 989 1214 nequitiam
999 1175 1156 1217 repudient
1167 1188 1179 1211 ;

283 1219 324 1249 Ut
339 1241 351 1258 ,
376 1224 503 1260 inquam
529 1244 540 1259 ‚
558 1220 772 1263 frequentibus
796 1224 912 1255 illorum
932 1222 1091 1266 sceleribus
1115 1235 1179 1255 ani-

283 1267 448 1310 madverfis
471 1293 482 1308 ,
508 1281 553 1303 eos
584 1282 697 1313 quoque
716 1277 768 1314 qui
796 1275 813 1305 e*
838 1272 948 1316 sanc‘la
972 1277 1029 1309 Dei
1053 1274 1178 1315 Ecclesia

278 1316 371 1359 suni,
397 1320 473 1352 tales
487 1320 538 1361 effe
552 1320 609 1361 fibi·
629 1317 833 1365 persuadeam
844 1348 854 1366 ‚
883 1330 1025 1368 atquetta
1037 1326 1057 1356 a*
1070 1325 1174 1363 veriffi-

281 1378 333 1399 ma
355 1371 414 1400 Dei
424 1368 561 1401 Acerina
583 1381 669 1404 aures
696 1382 843 1410 avertent
856 1397 866 1414 ‚
890 1384 946 1408 ,am
968 1375 1045 1406 cem3
1067 1382 1176 1414 pauco-

281 1427 348 1449 rum
369 1416 561 1458 improbitate
568 1418 718 1464 constetit:
744 1426 777 1452 in
791 1418 942 1464 universos
967 1425 1072 1455 eadem
1086 1425 1174 1455 male-

281 1466 363 1499 dffla
385 1468 542 1507 conjiciam
557 1492 564 1499 .
594 1475 687 1517 Atque
709 1482 744 1503 ea
767 1472 885 1504 demum
913 1470 1001 1513 causa
1027 1471 1064 1511 est
1088 1496 1098 1511 ‚
1125 1483 1176 1504 cur

277 1518 413 1559 plerique
424 1518 593 1556 Gentilium
607 1543 617 1563 ‚
643 1519 818 1561 ubicumque
845 1521 926 1559 istius
937 1522 1030 1554 [σθω
1040 1522 1174 1557 homines

280 1566 528 1609 deprehenderint
549 1591 560 1608 ,
599 1569 714 1601 nnllam
739 1568 886 1612 nobiseum
911 1573 1008 1607 ‘velint
1034 1595 1044 1610 ‚
1084 1583 1176 1613 neque

280 1619 348 1650 dati
369 1618 403 1653 ὁ·
415 1622 547 1659 accepti,
575 1629 666 1660 neque
693 1619 798 1661 confilir‘
809 1644 820 1660 ,
848 1631 941 1662 neque
962 1622 1107 1655 audiendi
1122 1622 1176 1654 Di-

279 1673 348 1705 vini
374 1666 461 1700 verbi
473 1667 645 1710 fhcietatem
670 1672 859 1713 conjungere,
886 1682 921 1703 ac
940 1683 976 1704 ne
999 1683 1087 1705 aures
1113 1679 1175 1714 qui-

281 1718 349 1751 dem
358 1718 494 1758 praebere
508 1717 672 1761 sustineant
690 1745 696 1752 .
725 1720 822 1763 Usque
835 1722 910 1754 adea
925 1721 1050 1762 nefariis
1078 1732 1176 1755 eorum

276 1767 402 1812 flagitiis
423 1768 598 1809 consternati
625 1772 659 1808 ei·
680 1771 814 1804 deterriti
830 1770 923 1813 sunt.
954 1773 1078 1809 Eorum
1102 1771 1175 1806 hor-

279 1819 377 1852 renda
389 1829 426 1852 ac
441 1820 581 1855 nefanda
593 1845 602 1860 ,
629 1820 663 1858 ὅ(
674 1821 807 1867 quidem
823 1821 856 1857 in
870 1822 994 1866 dogma
1008 1833 1046 1857 ac
1061 1823 1174 1862 solem-

278 1879 354 1902 nem
385 1869 613 1911 profeffionem
642 1871 800 1910 admissa,
826 1871 963 1905 crimina
986 1883 1078 1909 erant
1101 1884 1176 1921 prae·

282 1919 390 1957 sertim
411 1918 491 1957 tria:
522 1919 784 1958 Eucharisticum
811 1921 1074 1964 infanticidium,
1100 1934 1176 1967 epu-

275 1970 319 2007 lae
331 1969 535 2012 Thyestem,
561 1981 599 2005 ac
612 1973 817 2015 promiscuus
830 1973 996 2011 incaestus.
1024 1973 1173 2020 Qidam

276 2018 571 2058 ,omnibustribus,
597 2022 733 2067 quidam
744 2021 925 2066 aliquibus,
954 2023 1090 2068 quidam
1101 2023 1173 2058 aliis

279 2067 367 2113 aeque
387 2068 587 2103 detestandis
608 2071 781 2108 sceleribus
805 2073 936 2107 fuerunt
955 2069 1062 2117 palam
1077 2074 1173 2109 foeda-

279 2121 322 2152 ti.
353 2118 433 2152 Haec
456 2120 599 2153 monstra
613 2120 777 2154 Diabolus
794 2118 1048 2158 circumvestivit
1078 2124 1174 2159 Chri·

281 2168 387 2202 stiano
401 2171 538 2202 nomine
550 2194 559 2208 ‚
585 2170 766 2214 gentilibus
777 2169 838 2204 hac
861 2183 928 2206 arte
941 2173 1091 2216 persuasit
1105 2186 1175 2208 om·

283 2231 360 2253 nem
384 2219 606 2254 Christianam
634 2221 862 2263 professionem
882 2225 945 2256 effe
967 2223 1174 2265 istiusmodi,

218 2262 225 2271 ⁹
282 2267 407 2303 &hinc
438 2270 575 2313 gentilis
589 2269 818 2309 Romanorum
841 2273 1036 2315 Respublica
1059 2283 1175 2308 omnes

281 2318 488 2357 Christianos
507 2319 662 2355 detestata
686 2321 730 2354 est
745 2333 779 2359 ut
802 2322 904 2363 pestes
925 2323 959 2354 ἀ
973 2322 1088 2364 probra
1111 2322 1176 2355 hu-

281 2371 373 2407 mani
396 2371 526 2414 generis
546 2394 557 2412 ‚
583 2371 615 2408 ἀ
642 2372 830 2403 innumeros
853 2370 1029 2406 trucidavit
1049 2394 1056 2402 .
1086 2370 1177 2416 Justi-

281 2431 342 2454 nus
369 2421 521 2467 Mai-tyr,
547 2419 680 2458 §ansius
701 2419 934 2464 Athenagoras
958 2443 969 2460 ‚
996 2421 1176 2463 Septimius

276 2468 512 2504 'Tertullianus
525 2494 536 2510 ‚
561 2470 685 2513 aliique
696 2469 869 2514 primitivae
893 2470 1040 2507 Ecclesiae
1053 2470 1177 2504 Docto-

283 2530 333 2552 res
363 2519 499 2552 eruditis
519 2519 685 2564 apologiis
716 2519 910 2559 studuerunt
948 2521 991 2554 ἀ·
1008 2518 1176 2554 Christum

284 2569 475 2603 Dominum
495 2569 530 2602 ὅ(
554 2570 751 2614 semet-ipsos
768 2569 944 2608 defendere
962 2582 1000 2604 ac
1021 2582 1176 2618 expurga·

283 2629 341 2659 xe,
367 2619 478 2658 verum
501 2620 609 2653 multo
627 2630 775 2662 tempore
797 2631 864 2654 non
885 2631 1081 2663 potuerunt.
1110 2621 1176 2655 Pri-

286 2680 341 2703 ma
354 2668 588 2708 Romanorum
601 2669 826 2707 Praefeetorum
850 2670 885 2703 in
911 2672 1038 2704 nostros
1052 2671 1176 2715 Marty-

284 2730 334 2753 res
355 2718 488 2762 quaestio
509 2730 578 2754 erat
599 2720 641 2754 de
662 2720 730 2754 istis
754 2719 949 2757 criminibus
976 2745 983 2752 .
1010 2721 1115 2759 Lucet
1135 2733 1175 2759 ex

286 2768 389 2802 Plinii
411 2769 545 2807 secundi
567 2770 654 2814 apud
674 2769 842 2812 Bithynos
861 2769 1113 2808 Pro-Consulis
1135 2772 1176 2806 de

287 2818 382 2857 nobis
394 2819 554 2857 relatione
574 2819 615 2854 ad
639 2821 872 2863 Imperatorem
886 2820 1070 2864 Trajanum
1082 2848 1090 2856 .
1123 2823 1176 2856 Et-

285 2869 350 2904 iam
365 2869 595 2913 Lugdunenfis
605 2870 722 2910 Gallia:
733 2870 789 2904 sub
801 2869 980 2907 Antonino
994 2871 1084 2907 Vero
1096 2871 1178 2910 1³1ae-

286 2919 333 2951 ses
359 2920 495 2960 primam
524 2922 612 2954 suam
640 2921 674 2954 in
701 2919 863 2965 gloriosos
889 2922 1116 2966 Lugdunensis
1138 2935 1176 2957 ac

287 2966 491 3005 Viennensis
505 2969 651 3007 Ecclesiae
671 2970 835 3014 Martyres
850 2972 1062 3014 quaestionem
1084 2985 1176 3008 exor—

287 3018 341 3051 sus
362 3018 407 3052 est
430 3017 602 3059 &Thyesteis
626 3026 730 3062 cenis,
756 3021 952 3063 &incestibus
975 3024 1084 3063 oedypi
1096 3048 1103 3054 .
1134 3024 1176 3057 Et

289 3067 366 3102 licet
397 3068 447 3102 isti
472 3067 589 3102 affidue
609 3070 786 3105 clamarent
806 3096 816 3112 ‚
849 3065 917 3105 *Nil
935 3073 1018 3113 apud
1048 3083 1098 3104 nos
1120 3075 1178 3112 ad·

289 3123 423 3154 mittitur
428 3116 568 3160 sceleris,
595 3130 646 3151 nos
655 3132 746 3163 neque
754 3133 893 3155 varamus
902 3121 1036 3154 hommes
1050 3145 1061 3160 ,
1087 3135 1178 3165 neque

290 3169 374 3205 aliud
383 3170 548 3216 quidquam
552 3166 666 3211 sceleris
673 3178 836 3211 patramus
844 3195 855 3212 ‚
883 3182 951 3209 non
974 3172 1064 3207 fueru
1071 3183 1105 3206 nt
1120 3185 1174 3207 ex·

292 3218 415 3252 auditi.
443 3219 538 3265 Qin
566 3216 668 3252 immo
689 3220 793 3261 iilos,
820 3221 877 3266 qui
894 3223 1065 3258 tormentis
1084 3223 1174 3257 frasti

293 3265 458 3301 Christum
477 3268 664 3302 Dominum
685 3268 921 3315 abnegaverant
935 3295 945 3311 ,
972 3270 1084 3305 Praeses
1106 3274 1177 3307 reti-

291 3318 366 3358 nuit
379 3316 568 3360 incarcere,
594 3329 748 3369 tanquam
759 3321 867 3358 adhuc
888 3332 960 3357 reos
970 3321 1175 3367 publicorum

1271 138 1297 172 1',
1366 141 1383 172 1
1455 142 1487 173 Ο
1558 142 1589 173 N

1250 214 1426 250 criminum
1449 241 1456 248 .
1485 215 1533 250 Ita
1558 211 1657 250 habes
1682 217 1767 261 apud
1791 214 2046 252 Ecclesiasticam
2074 214 2147 251 Cae-
2187 261 2193 267 .

1250 267 1403 302 saraeenfis
1431 265 1563 300 Eusebii
1589 264 1754 303 historiam
1783 267 1819 302 in
1851 266 2079 312 Lugdunensis
2104 277 2148 301 ac
2164 259 2224 290 hb·
2256 268 2282 295 5·

1252 316 1447 355 Viennensis
1471 315 1616 353 Ecciefiae
1628 317 1741 356 litteris
1759 316 1803 356 ad
1824 318 1981 352 Ecclesias
2004 317 2085 351 Asse
2107 317 2144 351 δε
2161 309 2223 339 ⁶²¹³·
2237 312 2260 330 ¹⁶

1251 365 1421 411 Phrygiae.
1449 367 1528 401 Hoc
1552 366 1780 413 stratagemate
1802 367 1968 404 Diabolus
1989 369 2055 403 fuit
2068 377 2144 412 prae-

1248 417 1359 454 sertim
1371 418 1447 454 ,usus
1458 443 1469 461 ‚
1481 418 1561 453 dum
1573 428 1736 463 paganum
1748 419 1828 466 esset
1840 418 2016 462 Imperium
2031 441 2042 459 ‚
2053 417 2145 461 apud*

1247 468 1339 509 quod
1354 469 1424 502 nost
1431 480 1470 506 ra:
1480 469 1643 514 apologiae
1655 470 1755 505 essent
1767 468 1854 514 parvi
1867 469 2022 515 ponderis
2036 493 2043 501 .
2060 467 2144 501 Prte-

1247 516 1357 554 sertim
1366 519 1455 561 ‚apud
1469 530 1591 553 coecam
1609 520 1719 553 omnis
1737 519 1852 564 speciei
1876 517 2065 554 idololatria
2078 519 2144 562 ple-

1247 566 1323 604 bem
1344 592 1352 600 .
1381 568 1464 606 Haec
1485 570 1577 602 enim
1604 568 1807 607 tenacissime
1833 569 2026 613 sequebatur
2052 566 2139 602 banc

1248 618 1436 660 paroemiam
1459 631 1469 656 ;
1498 620 1613 655 Pluvia
1632 620 1739 668 defecit
1762 643 1774 660 ,
1797 620 1916 662 Tyberts
1938 620 2141 659 exundavit,

1236 667 1347 715 fames
1365 668 1514 712 graffatur
1527 694 1538 713 ,
1560 669 1654 713 causa
1670 669 1742 717 sunt
1768 668 1927 711 cbrffltant
1949 694 1956 703 ·
1986 670 2028 705 Et
2054 668 2140 705 hinc

1247 718 1360 761 passim
1380 715 1423 752 eir
1446 719 1688 761 amphitheatro
1711 720 1871 757 clamabat
1891 720 1933 757 ad
1948 719 2140 766 Augustum

1249 768 1435 812 Principem
1458 780 1517 803 aut
1537 769 1720 805 Provinciae
1735 771 1930 807 Rectorem:
1954 770 2140 809 christianos

1244 820 1291 853 ad
1300 821 1443 852 Leonem.
1472 818 1597 857 Verum
1625 821 1691 855 Dei
1715 821 1820 857 Patris
1844 821 1973 856 Veritas
1992 817 2142 857 Christus

1248 869 1419 902 Dominus
1430 869 1539 906 noster
1559 870 1762 916 pedetentim
1775 872 1922 909 defendit
1933 884 1971 908 ac
1981 878 2141 915 expurga.-

1222 952 1224 954 ,
1248 919 1293 953 vit
1318 920 1407 957 suam
1434 920 1585 964 sponsam
1608 945 1620 962 ,
1644 921 1681 959 ἀ
1708 922 1882 957 mendaces
1902 919 2141 959 demonstravit

1246 980 1302 1002 eois
1329 993 1340 1008 ,
1373 971 1430 1013 qui
1459 971 1560 1013 ipsam
1589 982 1645 1014 per
1670 972 1851 1006 calumnias
1877 973 2136 1010 maculaverant.

1247 1020 1335 1057 Nam
1359 1020 1497 1056 ,Sanetus
1516 1021 1704 1065 Cyprianus
1724 1024 1758 1056 ἃ.
1783 1022 1841 1056 alii
1862 1023 2055 1065 posteriores
2079 1023 2143 1058 Ρι-

1244 1081 1307 1103 tres
1331 1094 1342 1109 ,
1368 1071 1447 1104 item
1472 1071 1598 1108 Decius
1625 1096 1636 1113 ‚
1660 1070 1781 1107 Gallus
1803 1097 1814 1114 ,
1843 1072 2041 1108 Volusianus
2063 1081 2142 1114 ‚ac

1244 1121 1311 1162 ipre
1337 1121 1439 1154 nostri
1461 1122 1612 1167 peffimus
1635 1125 1709 1157 osor
1720 1122 1888 1168 Augustus
1905 1124 2141 1159 Diocletianus

1244 1171 1370 1204 nullam
1396 1171 1535 1214 amplius
1559 1174 1703 1208 fecerunt
1740 1173 1876 1207 istorum
1899 1175 2078 1211 criminum
2100 1176 2138 1210 in

1244 1231 1303 1253 nos
1322 1221 1514 1257 memoriam
1528 1248 1538 1259 ,
1568 1223 1708 1261 Eramus
1730 1223 1826 1267 plene
1849 1224 1979 1269 purgati
1993 1251 2000 1258 .
2015 1224 2142 1271 vOmni-

1243 1271 1289 1306 lm
1294 1271 1384 1315 perio
1406 1272 1664 1311 demonstratum
1676 1282 1745 1310 erat
1755 1273 1844 1310 aliud
1858 1275 1921 1311 esse
1934 1274 2143 1317 Gnosticos5

1241 1320 1330 1354 aliud
1355 1333 1430 1354 vero
1444 1320 1672 1356 Christianos.
1703 1323 1746 1356 Et
1757 1334 1838 1357 tunc
1861 1324 1914 1357 sua
1941 1325 2012 1359 vela
2040 1325 2141 1360 vettii

1238 1370 1339 1402 etiam
1363 1369 1547 1403 Diabolus.
1578 1370 1659 1404 Non
1690 1370 1798 1416 palam
1820 1372 2010 1410 facinorosis
2028 1385 2071 1409 ac
2081 1373 2137 1410 fla·

1238 1418 1362 1464 gitiosis
1385 1419 1606 1453 nebulonibus
1630 1444 1641 1460 ‚
1668 1420 1719 1455 sed
1743 1420 1961 1465 hypocriticis
1981 1422 2142 1460 Christiana

1241 1481 1287 1502 nae
1311 1468 1441 1512 justitiae
1470 1467 1686 1510 histrionibus
1711 1470 1870 1514 imposuit
1905 1467 2140 1510 Christianum·

1239 1530 1360 1552 nomen
1375 1543 1385 1559 ‚
1412 1518 1498 1561 ipsos
1512 1520 1544 1554 in
1557 1518 1707 1556 dealbata
1723 1521 1889 1565 sepulchra
1901 1533 1939 1556 ac
1952 1522 1986 1557 in
1997 1522 2138 1569 dolosos¹

1239 1567 1297 1602 sub
1320 1568 1419 1603 ovina
1435 1570 1519 1612 pelle
1532 1570 1625 1613 lupos
1651 1571 1827 1618 formavit,
1855 1582 1911 1614 per
1930 1573 2017 1616 ipsos
2038 1575 2136 1611 semi-⁴

1238 1621 1330 1654 navit
1352 1630 1475 1655 errores
1486 1619 1615 1661 varios,
1642 1620 1741 1666 atqu'e
1770 1622 1816 1656 ita
1828 1621 1954 1657 studuit
1965 1634 2035 1659 non
2058 1635 2137 1659 am·-

1239 1670 1325 1713 plius
1338 1668 1489 1715 paganos
1500 1691 1511 1708 ‚
1537 1670 1589 1704 sed
1602 1670 1713 1714 ‘potius
1726 1671 1962 1721 Christianos&
1971 1674 2085 1723 nolim
2097 1667 2139 1712 'fid‘

1237 1721 1278 1758 de
1290 1721 1322 1753 &
1335 1719 1469 1757 Christo
1485 1720 1637 1757 Domino
1648 1723 1819 1757 seducere.
1911 1764 1913 1766 η
2011 1728 2014 1732 ’
2031 1726 2040 1747 l
2068 1717 2090 1747 ⁷³
2108 1739 2114 1747 Δ
2129 1727 2138 1770 ζ

1292 1771 1339 1804 At
1366 1771 1549 1807 Christiani
1575 1771 1722 1808 nominis
1742 1772 1877 1816 pallium
1898 1774 1938 1807 ad
1962 1771 2139 1820 hunc‘scoof

1240 1833 1317 1865 pum
1344 1822 1542 1865 quandoque
1567 1833 1635 1857 non
1666 1823 1793 1856 suffecit
1812 1848 1820 1856 .
1848 1823 2138 1870 Vesorum-cnm

1238 1873 1419 1908 stianorum
1444 1871 1547 1905 menti
1573 1873 1637 1904 alte
1663 1873 1804 1907 nimium
1834 1875 1995 1919 insculpta
2009 1874 2054 1909 est
2066 1874 2137 1920 hiae*

1240 1922 1395 1965 Apostoli
1419 1922 1551 1966 regula,
1576 1925 1684 1955 Vocum
1697 1928 1844 1958 novitates
1856 1924 1980 1957 devita.
2013 1924 2057 1959 Et
2083 1926 2139 1960 fita

1239 1972 1376 2009 ,miffima
1397 1972 1483 2015 apud
1505 1983 1566 2005 nos
1587 1972 1712 2015 semper
1733 1973 1796 2006 fuit
1820 1974 1970 2009 adversus
1992 1968 2133 2010 omnem

1240 2023 1429 2056 haereticum
1444 2021 1511 2058 haec
1533 2023 1745 2066 praescriptio:
1773 2026 1941 2067 ‚Quidquid
1961 2036 2070 2058 novum
2092 2025 2133 2067 est

1238 2079 1271 2105 in
1294 2076 1460 2117 Dogmate‚
1487 2071 1667 2116 estfalsum.
1700 2072 1744 2106 Et
1756 2074 1801 2107 ita
1814 2074 1920 2108 fidelis
1937 2075 2080 2118 populus
2090 2074 2137 2111 ad·

1237 2124 1390 2167 quamvis
1412 2134 1533 2157 novam
1548 2122 1809 2166 praedicationem
1833 2124 1940 2160 statim
1963 2125 2072 2162 horret
2094 2121 2135 2160 ae

1239 2173 1405 2214 infremit,
1435 2173 1582 2217 agnoscit
1595 2173 1854 2214 Haerefiarchas,
1880 2176 1914 2212 ὃς
1936 2175 2012 2209 istos
2035 2175 2133 2220 lupos

1240 2233 1307 2259 non
1332 2223 1462 2259 tantum
1485 2223 1685 2259 clamoribus
1701 2247 1712 2263 ‚
1739 2225 1792 2258 sed
1820 2226 1922 2262 etiam
1945 2225 2083 2262 fustibus
2094 2237 2134 2260 ac

1242 2271 1404 2315 lapidibus
1427 2272 1543 2315 incipit
1570 2273 1726 2316 impetere
1747 2285 1786 2309 ac
1798 2274 1931 2318 fugare.
1961 2277 2056 2313 Hine
2067 2277 2134 2311 alia

1242 2324 1373 2362 insuper
1394 2323 1567 2355 ovinarum
1591 2324 1739 2360 lanarum
1763 2325 1864 2366 specie
1877 2325 1952 2361 illos
1967 2324 2135 2361 Diabolus

1238 2370 1363 2406 censuit
1387 2368 1591 2404 induendos.
1619 2370 1765 2412 ipsorum
1791 2375 1823 2405 in
1843 2386 1901 2409 ore
1914 2377 2009 2416 ponit
2020 2376 2136 2410 ortho-

1238 2420 1366 2459 doxas,
1393 2418 1506 2452 verum
1541 2419 1761 2457 ambidextras
1784 2445 1795 2460 ‚
1822 2433 1864 2455 ex
1889 2422 1993 2457 Sacris
2019 2425 2133 2466 pasfim

1240 2470 1354 2504 litteris
1374 2468 1561 2514 desumptas
1582 2469 1722 2515 syllabas
1743 2496 1754 2511 ,
1783 2470 1833 2506 his
1856 2472 1941 2509 indit
1963 2471 2132 2509 haereticos

1239 2521 1369 2563 sensus,
1396 2530 1494 2564 atque
1516 2521 1559 2553 ita
1585 2531 1625 2554 ex
1648 2519 1718 2567 ipsis
1742 2532 1796 2562 per
1817 2522 1918 2563 istos,
1944 2524 1992 2557 uti
2018 2524 2131 2566 perlu-

1239 2581 1298 2617 pos
1320 2581 1361 2603 ex
1384 2570 1493 2604 ovinis
1515 2569 1618 2610 lanis,
1646 2571 1763 2614 incipit
1776 2572 2130 2609 circumiensinfidiari

1242 2631 1340 2664 atque
1360 2619 1469 2654 venari
1483 2643 1491 2655 ,
1519 2620 1572 2654 De
1585 2618 1637 2653 his
1653 2618 1737 2654 lanis
1759 2622 1840 2656 dicit
1860 2622 1915 2659 hic
1928 2624 2127 2666 Septimius:

1239 2673 1306 2714 ,Qui
1318 2671 1382 2711 lupi
1397 2678 1521 2712 rapaces
1536 2693 1547 2709 ,
1573 2669 1741 2714 nififi‘nsus
1752 2674 1785 2707 (ἓν
1792 2670 2059 2716 spiritussubdolt,
2086 2675 2133 2707 ad

1240 2727 1271 2753 t'n
1288 2719 1442 2760 estandum
1455 2723 1578 2764 Gregem
1592 2719 1702 2764 Christi
1712 2722 1887 2766 intrinsecus
1899 2723 2102 2767 delitescentes
2114 2726 2129 2758 ἒ

1242 2770 1380 2807 Subdoli
1403 2771 1528 2812 spiritus
1550 2771 1624 2804 sunt
1648 2772 1705 2815 ipsi
1728 2772 1889 2808 haeretici:
1916 2774 1966 2811 Hi
1991 2777 2065 2809 suos
2077 2785 2130 2808 ne-

1241 2832 1337 2867 quam
1361 2821 1467 2859 sensus
1488 2820 1694 2858 abscondunt
1738 2823 1795 2856 sub
1818 2823 2018 2860 orthodoxis
2041 2825 2134 2861 voci·

1242 2872 1324 2911 bus,
1348 2872 1382 2908 3<
1404 2871 1520 2907 dolose
1540 2871 1665 2907 faciunt
1688 2872 1870 2908 delitescere
1893 2899 1900 2907 .
1939 2875 1983 2910 Et
2005 2875 2066 2910 hac
2091 2877 2127 2910 in

1240 2931 1307 2956 arte
1328 2921 1515 2959 excelluisse
1540 2921 1796 2959 Valentinianos
1820 2925 1960 2960 affirmat
1991 2926 2127 2962 Sanctus
2170 2962 2174 2967 .

1240 2973 1377 3011 lrenaeus
1389 2997 1396 3004 .
1413 2972 1564 3010 Affirmat
1577 2971 1700 3009 Christi
1715 2975 1855 3008 Domini
1868 2975 2050 3018 Apostolos
2062 2975 2126 3008 alia
2147 2960 2206 2991 hb·
2226 2971 2254 2998 ³·

1242 3023 1274 3056 in
1299 3034 1433 3066 aperte,
1458 3022 1523 3056 alia
1538 3022 1571 3055 in
1585 3021 1780 3058 abscondito
1800 3036 1867 3059 non
1891 3024 2058 3063 docuiffe,
2088 3024 2128 3059 ac
2143 3010 2260 3040 “9³5⁶

1241 3074 1364 3117 pergit:
1394 3078 1453 3108 Hoc
1463 3072 1682 3114 enimfidlorum
1695 3098 1705 3114 ‚
1733 3076 1767 3108 (δ’
1785 3075 1885 3121 prave
1901 3072 2103 3117 seducentium
2116 3081 2130 3114 ,·'

1244 3125 1277 3156 (a'
1298 3123 1510 3165 hypocritarum
1523 3124 1561 3164 est
1573 3125 1709 3158 molimen
1718 3148 1728 3166 ‚
1752 3125 1998 3167 quemadmodum
2003 3123 2129 3165 saevum·

1241 3172 1273 3205 ln·
1285 3197 1295 3213 ‚
1322 3179 1375 3215 qui
1395 3176 1415 3210 ᾶ
1436 3174 1596 3209 Valentino
1614 3173 1689 3217 sunt
1709 3198 1716 3205 .
1742 3177 1782 3206 ΗΔ
1799 3179 1878 3209 enim
1901 3177 1946 3206 ad
1966 3175 2130 3210 multitudi-

1243 3235 1309 3257 nem
1317 3231 1438 3266 propter
1450 3235 1496 3259 eos
1507 3247 1518 3264 ,
1545 3223 1676 3267 quisunt
1687 3223 1726 3258 ab
1737 3222 1862 3265 Ecclefia
1876 3248 1886 3267 ,
1913 3236 1985 3267 quos
2001 3235 2130 3270 *commu-

1244 3285 1296 3306 nes
1323 3273 1527 3316 Ecclefiasticos
1540 3274 1593 3317 lpfi
1603 3277 1727 3313 dicunt,
1752 3273 1886 3315 inferunt
1895 3273 2130 3317 sermones,per

1243 3335 1312 3371 quos
1325 3331 1447 3367 capiunt
1464 3323 1653 3367 simpliciores
1665 3348 1676 3365 ‚
1702 3324 1737 3359 ἐν
1761 3322 1885 3360 illiciunt
1897 3336 1944 3359 eos
1958 3349 1970 3367 ,
1988 3324 2130 3370 fimatur»

2037 3384 2082 3411 tes
