2346 3724
734 151 1322 196 Capirrs
1438 146 1635 192 XIV.
1934 163 2025 208 151

272 232 329 269 ted
348 231 392 267 ab
413 229 524 273 aliquo
543 229 703 265 Romano
733 230 896 266 Pontifice
914 255 924 264 .
950 230 1035 272 Item
1057 241 1150 274 urget
1209 230 1316 264 firmat
1341 227 1445 271 ipsum
1461 228 1697 263 Ecclefiisaeffe
1714 229 1873 266 traditum
1889 231 1930 267 ab
1952 231 2092 277 Aposto-

271 281 398 317 Ruffini
409 280 528 315 verba:
554 283 693 315 Tradunt
706 280 952 323 Majores’nostrt.
981 279 1151 321 Verbum,
1210 281 1249 317 lis
1271 305 1279 313 .
1318 279 1432 327 Qare
1457 279 1533 313 licet
1559 279 1600 312 de
1625 276 1819 321 quibusdam
1840 282 2091 319 circumstantiis

266 334 408 365 >Tradunt
423 355 433 370 ‚
453 332 562 365 censet
576 332 638 366 ess‘e
650 333 868 367 dubitativum
882 356 889 364 .
919 331 962 366 Et
973 342 1049 364 cum
1068 331 1152 365 Eras-
1212 330 1386 364 haereamus
1398 354 1408 369 ,
1429 327 1504 363 certi
1521 331 1629 364 sumus
1641 328 1683 363 de
1695 328 1867 363 substantia
1878 355 1887 363 .
1917 332 2020 368 Porro
2035 345 2093 369 cur

267 393 327 417 mo
338 382 372 417 id
384 382 491 416 firmat
513 393 555 415 ex
567 381 640 416 aliis
650 382 776 417 Ruffini
803 382 923 417 verbis:
952 383 1014 414 Sed
1024 379 1152 424 quisym-
1213 381 1320 414 nullus
1337 380 1563 414 Ecclefiasticae
1576 379 1731 413 Historiae
1752 378 1913 420 Scriptor,
1941 394 1997 415 cur
2021 384 2094 418 nul-

263 425 365 473 bolu'm
397 432 604 465 tradiderunt.
637 432 680 466 Et
702 434 829 476 insuper
852 432 985 476 quaerit:
1013 432 1045 466 Si
1064 430 1101 464 fit
1112 432 1152 465 ab
1213 433 1260 464 lus
1279 431 1412 464 sanstus
1431 429 1550 470 Pater,
1577 442 1635 464 cur
1659 429 1767 463 nullus
1792 428 2011 470 Orthodqxus
2038 441 2097 467 un.

271 480 442 525 Apostolis
468 507 478 523 ,
507 483 606 526 quare
632 485 741 519 nullus
767 484 923 517 sacrarum
951 483 1153 522 litterarum,
1189 476 1308 523 ⁸quam
1322 481 1444 523 scripsit
1465 492 1520 515 aut
1531 481 1618 515 dixit
1631 479 1714 519 istud
1730 479 1917 523 symbolum
1942 481 2005 513 effe
2017 492 2096 516 con-

264 538 327 578 ant
359 531 446 566 certe
465 542 564 566 nemo
593 533 816 568 Ecclefiaflicae
835 531 973 571 historiae
998 532 1153 575 antiquus
1214 532 1326 565 flatum
1338 529 1377 564 ab
1389 531 1500 574 aliquo
1514 528 1669 566 Romano
1687 530 1849 573 Episcopo
1873 540 1927 562 aut
1940 530 2007 571 ejus
2022 530 2094 565 Cle·

269 581 414 625 Scriptor
438 581 530 627 istius
551 582 768 618 institutionis
802 583 978 628 meminit?
1006 583 1151 625 Respon-
1213 583 1270 615 ro?
1298 582 1365 615 Cur
1379 581 1462 615 istud
1487 581 1634 615 hesterno
1658 582 1711 625 die
1723 579 1809 614 dixit
1836 579 1921 614 solus
1934 578 2096 615 Gerardus

269 630 333 665 deo
359 632 543 667 meminisse
569 635 722 668 Sanstum
750 633 903 667 Irenaeum
931 658 941 673 ,
975 631 1153 666 Tertullia-
1215 633 1355 676 Ioannes
1369 631 1522 666 Vosfius?
1549 633 1635 679 Qia
1648 631 1693 665 est
1707 626 1915 670 hesternum,
1941 642 2006 663 non
2023 630 2098 664 Cal-

268 692 348 716 nurn
364 706 375 722 ‚
402 683 650 724 Novatianum,
676 685 708 718 &
730 683 887 726 plurimos
906 681 1017 717 Patres
1040 708 1047 715 .
1075 683 1154 716 San·
1215 683 1306 723 vini,
1332 684 1387 724 qui
1402 683 1445 714 ita
1460 683 1574 726 nugari
1591 688 1659 717 non·
1669 681 1730 715 fuit
1743 682 1837 714 ausus
1850 705 1861 721 ‚
1891 682 1942 714 sed
1956 691 2098 724 quorun-

136 757 191 789 Η)
226 768 237 787 1
267 733 336 766 dus
354 731 516 773 Irenaeus,
544 745 641 777 quem
661 734 920 778 SanctiJoannis
941 731 1155 776 Apostolidi-
1215 732 1290 766 dam
1332 733 1585 775 Calvinistarum
1615 733 1779 766 somnium
1802 756 1809 763 .
1847 731 1938 777 Qia
1964 731 2100 765 adducta

105 788 107 791 “
133 769 200 835 ωῬζ
225 779 250 827 2]
266 782 411 827 scipulus
434 785 568 819 sanstus
590 784 794 829 polycarpus
812 784 950 826 docuit,
978 779 1092 818 diserte
1112 783 1156 816 af·
1217 783 1322 818 Voffii
1336 794 1530 828 argumenta
1551 783 1774 818 suntfrivolx.

613 999 1245 1118 CAPUT
1413 1033 1812 1121 XIV:

261 1209 263 1211 ’
321 1196 596 1313 Melius
632 1202 732 1282 ef?
754 1194 1160 1310 stmpliciter
1198 1203 1458 1281 credere
1482 1266 1500 1294 ‚
1541 1181 2046 1308 qudmfimper

983 1343 985 1345 ’
1019 1346 1315 1423 quaerere
1345 1380 1358 1395 .

509 1482 591 1526 AEc
627 1479 773 1540 regula
809 1477 836 1526 a
873 1479 1049 1527 Christo
1078 1515 1091 1540 ‚
1137 1495 1187 1529 ut
1224 1480 1479 1546 probabitur
1510 1479 1711 1527 instituta
1749 1513 1763 1537 ,
1798 1479 1946 1526 nullas*
1975 1476 2107 1526 habet

262 1475 504 1702 H
541 1546 656 1616 apud
692 1565 771 1596 nos
807 1549 1063 1614 quaestiones
1098 1585 1111 1608 ‚
1167 1550 1244 1597 nisi
1279 1567 1388 1616 quas
1436 1547 1607 1597 haereses
1643 1548 1836 1597 inferunt
1871 1583 1884 1607 ,
1933 1551 1976 1596 δι
2011 1565 2109 1614 quae

542 1619 763 1668 haereticos
801 1618 970 1668 faciunt
995 1655 1006 1667 .
1081 1620 1303 1669 Caeterum
1341 1636 1542 1669 manente
1580 1618 1718 1668 forma
1772 1624 1863 1685 ejus
1909 1620 1955 1666 in
1991 1616 2109 1665 ordi-

541 1706 596 1737 ne
633 1689 739 1750 suo,
783 1689 1111 1755 quantumlibet
1148 1707 1313 1757 quaeras
1350 1695 1392 1739 δε
1429 1694 1617 1749 macies,
1668 1694 1712 1739 &
1747 1707 1924 1739 omnem
1962 1687 2109 1736 libidi-

259 1774 361 1807 nem
398 1758 658 1809 curiositatis
694 1758 887 1809 effundas
922 1797 935 1821 ,
972 1761 1001 1808 fi
1038 1760 1147 1828 quid
1186 1761 1268 1809 tibi
1304 1760 1479 1811 videtur
1515 1761 1587 1811 vel
1624 1760 1912 1823 ambiguitate
1949 1758 2110 1825 pende-

259 1843 308 1877 re
330 1864 343 1889 ,
383 1830 456 1878 vel
492 1829 754 1879 obscuritate
792 1830 1079 1891 obumbrari,
1131 1831 1192 1880 est
1228 1835 1381 1898 utique
1419 1830 1550 1880 frater
1586 1831 1747 1896 aliquis
1783 1829 1934 1879 donstor
1970 1831 2110 1892 gratia

258 1896 461 1957 scientiae,
484 1899 697 1946 donatus:
738 1900 811 1949 Est
845 1903 1006 1966 aliquis
1043 1904 1157 1950 inter
1192 1905 1456 1951 exercitatos
1493 1899 1812 1957 conversatus;
1850 1902 2008 1964 aliquis
2045 1915 2110 1949 te-

256 1984 359 2016 cum
394 1965 586 2016 curiosus
617 2005 630 2029 ,
666 1983 812 2017 tecum
850 1984 998 2018 tamen
1035 1988 1228 2036 quaerens
1256 2009 1267 2019 .
1320 1970 1566 2021 Novissime
1605 1974 1801 2034 ignorare
1839 1970 1991 2016 melius
2022 1968 2106 2029 est,

257 2051 313 2086 ne
334 2035 472 2102 ‘quod
509 2055 598 2086 non
633 2036 793 2088 debeas
830 2042 945 2088 noris
974 2077 987 2100 ,
1023 2043 1129 2108 quia
1163 2040 1287 2108 quod
1323 2041 1484 2091 debeas
1522 2041 1669 2090 nosti.
1742 2038 1857 2086 Fides
1878 2073 1895 2099 ‚
1933 2040 2104 2104 inquit,

259 2123 328 2156 tua
364 2123 399 2154 te
423 2103 592 2173 salvum
615 2107 751 2173 ficit:
791 2114 900 2159 Non
936 2114 1192 2161 exercitatio
1230 2115 1545 2179 Scripturarum
1578 2146 1590 2157 .
1665 2107 1794 2158 Fides
1832 2111 1878 2156 in
1921 2111 2108 2171 regula.⁴

258 2176 531 2248 pofita'est:
570 2178 716 2228 Habes
753 2181 893 2242 legem
915 2215 928 2238 ‚
969 2186 1012 2229 &
1049 2180 1229 2230 salutem
1266 2181 1321 2229 de
1357 2180 1660 2229 observatione
1697 2181 1811 2242 legis
1844 2200 1856 2236 3
1895 2184 2106 2229 exercita-

259 2249 327 2298 tio
362 2264 509 2299 autem
561 2251 608 2298 in
659 2249 909 2298 curiositate
946 2250 1139 2298 consistit
1176 2287 1189 2310 ‚
1239 2250 1403 2299 habens
1439 2251 1626 2314 gloriam
1672 2246 1807 2299 solam
1844 2247 1899 2299 de
1938 2254 2106 2317 peritiae

257 2316 400 2367 studio
433 2355 446 2368 .
520 2319 665 2368 Cedat
701 2320 924 2368 curiositas
960 2319 1102 2379 fidei,
1142 2319 1272 2367 cedat
1309 2322 1447 2381 gloria
1483 2321 1609 2368 saluti
1645 2357 1657 2367 .
1732 2322 1868 2370 Certe
1904 2336 1980 2370 aut
2016 2339 2107 2371 non

256 2387 505 2454 obstrepant
527 2425 542 2448 ,
576 2403 653 2437 aut
687 2386 912 2454 quiescant
947 2387 1151 2437 adversus
1189 2389 1380 2451 regulam
1426 2408 1438 2437 ε
1490 2390 1621 2438 Nihil
1658 2390 1772 2439 ultra
1807 2390 1911 2438 scire
1947 2428 1960 2451 ,
2011 2410 2107 2440 om-

255 2454 332 2507 nia
365 2455 470 2508 scire
503 2458 566 2508 est
598 2494 613 2507 .
686 2463 753 2508 Ut
789 2475 878 2507 non
913 2458 1084 2507 inimici
1119 2456 1252 2507 essent
1289 2461 1488 2508 veritatis
1527 2461 1723 2509 haeretici
1750 2497 1763 2521 ‚
1814 2477 1863 2510 ut
1899 2460 1955 2510 de
1991 2462 2106 2511 refu-

256 2526 427 2592 giendis
461 2531 523 2579 eis
559 2546 650 2578 non
687 2545 1048 2596 praemoneremur
1083 2550 1095 2588 3
1145 2530 1276 2596 quale
1312 2530 1373 2578 est
1425 2529 1624 2579 conferre
1673 2548 1773 2579 cum
1811 2532 2063 2580 hominibus
2089 2570 2104 2593 ,

257 2600 338 2665 qui
373 2603 417 2648 &
451 2599 530 2667 ipfi
565 2598 707 2649 adhuc
743 2598 784 2648 se
820 2616 1008 2667 quaerere
1045 2599 1374 2667 profiteantur3
1432 2604 1476 2650 Si
1512 2603 1629 2649 enim
1665 2600 1810 2651 adhuc
1847 2603 1950 2652 vere
1987 2620 2106 2669 quae-

259 2683 363 2717 runt
386 2704 399 2729 ‚
437 2670 548 2718 nihil
583 2669 726 2720 adhuc
766 2673 877 2720 certi
912 2687 1199 2738 repererunt:
1238 2675 1296 2720 Et
1331 2669 1435 2720 ideo
1469 2689 1756 2738 quaecumque
1791 2671 2000 2721 videntur
2037 2676 2105 2720 in-

260 2740 393 2788 terim'
428 2755 574 2791 tenere
597 2778 610 2802 ‚
646 2739 969 2792 dubitationem
1020 2739 1135 2790 suam
1173 2739 1403 2790 ostendunt
1440 2742 1651 2808 quamdiu
1693 2758 1892 2806 quaerunt
1927 2777 1940 2788 .
2014 2745 2105 2790 Ita-

260 2827 348 2876 que
383 2825 434 2859 tu
467 2810 648 2878 perinde
684 2816 836 2879 quaeris
863 2849 876 2872 ‚
912 2810 1102 2878 speetans
1138 2811 1195 2861 ad
1233 2828 1309 2860 eos
1344 2814 1424 2878 qui
1460 2816 1502 2859 δε
1540 2810 1617 2877 ipfi
1653 2825 1850 2876 quaerunt
1879 2846 1894 2870 ,
1941 2808 2100 2861 dubius

260 2878 288 2929 a
323 2879 468 2929 dubiis
507 2917 521 2940 ,
570 2885 758 2932 incertus
795 2883 851 2932 ab
887 2884 1063 2930 incertis
1101 2919 1114 2943 ,
1162 2872 1306 2931 coecus
1343 2880 1369 2930 ὲ
1405 2882 1537 2929 coecis
1574 2883 1620 2928 in
1657 2880 1833 2931 foveam
1869 2879 2102 2931 deducaris

260 2949 430 3000 neceffe
466 2951 528 3001 est
564 2987 578 2999 .
648 2953 727 3002 Sed
763 2971 898 3021 quum
935 2951 1184 3019 decipiendi
1222 2955 1363 3016 gratia
1398 2949 1670 3019 praetendunt
1718 2949 1761 3000 se
1803 2951 1946 3000 adhuc
1981 2969 2100 3018 quae-

262 3038 355 3071 rere
379 3059 394 3083 ‚
430 3037 480 3071 ut
514 3022 640 3071 nobis
677 3041 753 3090 per
788 3021 1094 3073 sollicitudinis
1131 3026 1408 3088 injectionem
1445 3023 1672 3070 Tradiatus
1717 3019 1811 3070 suos
1838 3022 2062 3071 ‘infinuent
2084 3059 2098 3084 ‚

264 3091 454 3160 denique
489 3092 564 3141 ubi
599 3091 786 3143 adierint
821 3094 878 3144 ad
913 3110 993 3143 nos
1017 3129 1030 3153 ,
1068 3093 1212 3143 statim
1240 3131 1253 3155 ,
1300 3111 1397 3160 quae
1430 3092 1644 3142 dicebant
1676 3092 1908 3159 quaerenda
1942 3089 2060 3146 effed
2082 3128 2098 3153 ‚

262 3162 543 3214 defendunt:
581 3169 688 3228 Jam
725 3165 823 3213 illos
858 3165 915 3214 fic
949 3163 1156 3214 debemus
1191 3164 1379 3215 refutare
1401 3201 1414 3224 ,
1464 3180 1512 3213 ut
1549 3162 1685 3212 sciant
1722 3181 1800 3213 nos
1836 3181 1926 3213 non
1964 3164 2096 3212 Chri-

267 3231 334 3282 sto
358 3272 372 3297 ,
408 3233 480 3285 sed
515 3234 593 3283 fibi
631 3250 856 3297 negatores
891 3232 973 3284 effe
1009 3271 1021 3282 .
1093 3235 1217 3285 Cum
1259 3239 1376 3284 enim
1412 3250 1607 3301 quaerunt
1642 3232 1784 3284 adhuc
1804 3270 1818 3294 ,
1860 3231 2098 3282 nondum...

268 3318 458 3355 tenent:
496 3305 613 3356 Cum
650 3322 793 3356 autem
830 3323 918 3356 non
955 3320 1105 3357 tenent
1128 3343 1142 3368 ‚
1178 3305 1372 3358 nondum
1409 3303 1686 3356 crediderunt
1720 3341 1733 3354 .
1796 3304 1913 3355 Cum
1949 3319 2096 3353 autem

499 3405 501 3407 .
1894 3374 2046 3408 nondum
