<?xml version="1.0" encoding="UTF-8"?>
<!DOCTYPE html PUBLIC "-//W3C//DTD XHTML 1.0 Transitional//EN"
    "http://www.w3.org/TR/xhtml1/DTD/xhtml1-transitional.dtd">
<html xmlns="http://www.w3.org/1999/xhtml" xml:lang="en" lang="en">
 <head>
  <title>
</title>
<meta http-equiv="Content-Type" content="text/html;charset=utf-8" />
  <meta name='ocr-system' content='tesseract 3.04.00' />
  <meta name='ocr-capabilities' content='ocr_page ocr_carea ocr_par ocr_line ocrx_word'/>
</head>
<body>
  <div class='ocr_page' id='page_1' title='image "./operaomniastudio09lupuuoft/operaomniastudio09lupuuoft_0383.png"; bbox 0 0 2346 3724; ppageno 0'>
   <div class='ocr_carea' id='block_1_1' title="bbox 719 139 1133 186">
    <p class='ocr_par' dir='ltr' id='par_1_1' title="bbox 719 139 1133 186">
     <span class='ocr_line' id='line_1_1' title="bbox 719 139 1133 186; baseline -0.005 0"><span class='ocrx_word' id='word_1_1' title='bbox 719 139 1133 186; x_wconf 72' lang='lat' dir='ltr'>CAPrr</span> 
     </span>
    </p>
   </div>
   <div class='ocr_carea' id='block_1_2' title="bbox 119 216 1157 1912">
    <p class='ocr_par' dir='ltr' id='par_1_2' title="bbox 262 216 1140 266">
     <span class='ocr_line' id='line_1_2' title="bbox 262 216 1140 266; baseline 0.001 -11"><span class='ocrx_word' id='word_1_2' title='bbox 262 221 489 256; x_wconf 74' lang='lat' dir='ltr'>Turonenfis:</span> <span class='ocrx_word' id='word_1_3' title='bbox 515 216 564 254; x_wconf 84' lang='lat' dir='ltr'>At</span> <span class='ocrx_word' id='word_1_4' title='bbox 586 231 661 256; x_wconf 85' lang='lat' dir='ltr'>ecce</span> <span class='ocrx_word' id='word_1_5' title='bbox 683 221 808 266; x_wconf 87' lang='lat' dir='ltr'>ipsum,</span> <span class='ocrx_word' id='word_1_6' title='bbox 835 222 893 257; x_wconf 86' lang='lat' dir='ltr'>ubi</span> <span class='ocrx_word' id='word_1_7' title='bbox 913 221 1087 257; x_wconf 77' lang='lat' dir='ltr'>Ithacianae</span> <span class='ocrx_word' id='word_1_8' title='bbox 1099 222 1140 256; x_wconf 88' lang='lat' dir='ltr'>fa-</span> 
     </span>
    </p>

    <p class='ocr_par' dir='ltr' id='par_1_3' title="bbox 263 270 1144 366">
     <span class='ocr_line' id='line_1_3' title="bbox 263 270 1142 312; baseline 0 -7"><span class='ocrx_word' id='word_1_9' title='bbox 263 272 368 306; x_wconf 70' lang='lat' dir='ltr'>&amp;ioni</span> <span class='ocrx_word' id='word_1_10' title='bbox 380 270 639 305; x_wconf 72' lang='lat' dir='ltr'>communicavit</span> <span class='ocrx_word' id='word_1_11' title='bbox 659 271 704 307; x_wconf 93' lang='lat' dir='ltr'>ob</span> <span class='ocrx_word' id='word_1_12' title='bbox 716 271 899 308; x_wconf 86' lang='lat' dir='ltr'>humanum</span> <span class='ocrx_word' id='word_1_13' title='bbox 911 271 996 306; x_wconf 89' lang='lat' dir='ltr'>diem</span> <span class='ocrx_word' id='word_1_14' title='bbox 1010 296 1021 312; x_wconf 93' lang='lat'>,</span> <span class='ocrx_word' id='word_1_15' title='bbox 1048 273 1142 307; x_wconf 82' lang='lat' dir='ltr'>fuiffe</span> 
     </span>
     <span class='ocr_line' id='line_1_4' title="bbox 263 319 1144 366; baseline 0.001 -11"><span class='ocrx_word' id='word_1_16' title='bbox 263 321 449 364; x_wconf 86' lang='lat' dir='ltr'>suspensum</span> <span class='ocrx_word' id='word_1_17' title='bbox 461 319 501 353; x_wconf 86' lang='lat' dir='ltr'>ab</span> <span class='ocrx_word' id='word_1_18' title='bbox 514 320 572 355; x_wconf 87' lang='lat' dir='ltr'>ista</span> <span class='ocrx_word' id='word_1_19' title='bbox 585 323 691 366; x_wconf 85' lang='lat' dir='ltr'>gratia</span> <span class='ocrx_word' id='word_1_20' title='bbox 702 323 835 357; x_wconf 84' lang='lat' dir='ltr'>testatur</span> <span class='ocrx_word' id='word_1_21' title='bbox 856 323 892 357; x_wconf 91' lang='lat' dir='ltr'>in</span> <span class='ocrx_word' id='word_1_22' title='bbox 903 322 970 364; x_wconf 82' lang='lat' dir='ltr'>ejus</span> <span class='ocrx_word' id='word_1_23' title='bbox 988 322 1054 356; x_wconf 87' lang='lat' dir='ltr'>vita</span> <span class='ocrx_word' id='word_1_24' title='bbox 1067 322 1144 356; x_wconf 86' lang='lat' dir='ltr'>San·</span> 
     </span>
    </p>

    <p class='ocr_par' dir='ltr' id='par_1_4' title="bbox 259 369 1144 466">
     <span class='ocr_line' id='line_1_5' title="bbox 260 369 1144 420; baseline 0.003 -17"><span class='ocrx_word' id='word_1_25' title='bbox 260 372 329 403; x_wconf 67' lang='lat' dir='ltr'>&amp;us</span> <span class='ocrx_word' id='word_1_26' title='bbox 342 369 499 412; x_wconf 81' lang='lat' dir='ltr'>Sulpitius</span> <span class='ocrx_word' id='word_1_27' title='bbox 519 372 670 406; x_wconf 85' lang='lat' dir='ltr'>Severus.</span> <span class='ocrx_word' id='word_1_28' title='bbox 698 373 801 420; x_wconf 78' lang='lat' dir='ltr'>Qiod</span> <span class='ocrx_word' id='word_1_29' title='bbox 824 384 941 416; x_wconf 83' lang='lat' dir='ltr'>nempe</span> <span class='ocrx_word' id='word_1_30' title='bbox 962 372 1018 406; x_wconf 83' lang='lat' dir='ltr'>illa</span> <span class='ocrx_word' id='word_1_31' title='bbox 1032 383 1090 406; x_wconf 90' lang='lat' dir='ltr'>nec</span> <span class='ocrx_word' id='word_1_32' title='bbox 1103 370 1144 406; x_wconf 85' lang='lat' dir='ltr'>ad</span> 
     </span>
     <span class='ocr_line' id='line_1_6' title="bbox 259 416 1143 466; baseline 0.002 -13"><span class='ocrx_word' id='word_1_33' title='bbox 259 416 431 454; x_wconf 76' lang='lat' dir='ltr'>schismata</span> <span class='ocrx_word' id='word_1_34' title='bbox 443 420 607 456; x_wconf 84' lang='lat' dir='ltr'>derivetur</span> <span class='ocrx_word' id='word_1_35' title='bbox 619 447 626 455; x_wconf 91' lang='lat'><strong>.</strong></span> <span class='ocrx_word' id='word_1_36' title='bbox 653 421 707 456; x_wconf 89' lang='lat' dir='ltr'>Sic</span> <span class='ocrx_word' id='word_1_37' title='bbox 718 423 802 466; x_wconf 89' lang='lat' dir='ltr'>apud</span> <span class='ocrx_word' id='word_1_38' title='bbox 817 422 965 457; x_wconf 86' lang='lat' dir='ltr'>Colchos</span> <span class='ocrx_word' id='word_1_39' title='bbox 987 423 1022 457; x_wconf 88' lang='lat'>&amp;</span> <span class='ocrx_word' id='word_1_40' title='bbox 1034 420 1143 456; x_wconf 83' lang='lat' dir='ltr'>Iberos</span> 
     </span>
    </p>

    <p class='ocr_par' dir='ltr' id='par_1_5' title="bbox 261 468 1144 566">
     <span class='ocr_line' id='line_1_7' title="bbox 261 468 1144 516; baseline 0.002 -14"><span class='ocrx_word' id='word_1_41' title='bbox 261 468 333 513; x_wconf 80' lang='lat' dir='ltr'>post</span> <span class='ocrx_word' id='word_1_42' title='bbox 346 468 490 514; x_wconf 72' lang='lat' dir='ltr'>rejectam</span> <span class='ocrx_word' id='word_1_43' title='bbox 505 472 533 505; x_wconf 90' lang='lat' dir='ltr'>F</span> <span class='ocrx_word' id='word_1_44' title='bbox 535 472 702 506; x_wconf 83' lang='lat' dir='ltr'>lorentinae</span> <span class='ocrx_word' id='word_1_45' title='bbox 714 472 841 516; x_wconf 88' lang='lat' dir='ltr'>Synodi</span> <span class='ocrx_word' id='word_1_46' title='bbox 866 472 1025 507; x_wconf 87' lang='lat' dir='ltr'>unionem</span> <span class='ocrx_word' id='word_1_47' title='bbox 1035 471 1144 506; x_wconf 77' lang='lat' dir='ltr'>cessas-</span> 
     </span>
     <span class='ocr_line' id='line_1_8' title="bbox 261 519 1144 566; baseline 0.002 -14"><span class='ocrx_word' id='word_1_48' title='bbox 261 519 446 553; x_wconf 76' lang='lat' dir='ltr'>seeandem</span> <span class='ocrx_word' id='word_1_49' title='bbox 468 521 643 556; x_wconf 78' lang='lat' dir='ltr'>testaturin</span> <span class='ocrx_word' id='word_1_50' title='bbox 661 534 760 566; x_wconf 87' lang='lat' dir='ltr'>opere</span> <span class='ocrx_word' id='word_1_51' title='bbox 778 522 821 557; x_wconf 90' lang='lat' dir='ltr'>de</span> <span class='ocrx_word' id='word_1_52' title='bbox 833 534 946 557; x_wconf 88' lang='lat' dir='ltr'>eorum</span> <span class='ocrx_word' id='word_1_53' title='bbox 965 533 1041 557; x_wconf 89' lang='lat' dir='ltr'>cum</span> <span class='ocrx_word' id='word_1_54' title='bbox 1057 521 1144 555; x_wconf 89' lang='lat' dir='ltr'>Lati-</span> 
     </span>
    </p>

    <p class='ocr_par' dir='ltr' id='par_1_6' title="bbox 121 568 1145 767">
     <span class='ocr_line' id='line_1_9' title="bbox 121 568 1144 608; baseline 0.003 -7"><span class='ocrx_word' id='word_1_55' title='bbox 121 578 188 608; x_wconf 78' lang='lat' dir='ltr'>cap·</span> <span class='ocrx_word' id='word_1_56' title='bbox 201 578 243 599; x_wconf 89' lang='lat'>12·</span> <span class='ocrx_word' id='word_1_57' title='bbox 261 568 314 604; x_wconf 81' lang='lat' dir='ltr'>nis</span> <span class='ocrx_word' id='word_1_58' title='bbox 340 569 464 605; x_wconf 88' lang='lat' dir='ltr'>unione</span> <span class='ocrx_word' id='word_1_59' title='bbox 477 571 634 607; x_wconf 83' lang='lat' dir='ltr'>Clemens</span> <span class='ocrx_word' id='word_1_60' title='bbox 647 571 811 607; x_wconf 85' lang='lat' dir='ltr'>Galanus.</span> <span class='ocrx_word' id='word_1_61' title='bbox 840 573 951 608; x_wconf 86' lang='lat' dir='ltr'>Etiam</span> <span class='ocrx_word' id='word_1_62' title='bbox 973 571 1144 607; x_wconf 87' lang='lat' dir='ltr'>miraculo-</span> 
     </span>
     <span class='ocr_line' id='line_1_10' title="bbox 260 619 1143 667; baseline 0 -14"><span class='ocrx_word' id='word_1_63' title='bbox 260 620 327 653; x_wconf 83' lang='lat' dir='ltr'>sam</span> <span class='ocrx_word' id='word_1_64' title='bbox 352 619 515 655; x_wconf 74' lang='lat' dir='ltr'>paschalis</span> <span class='ocrx_word' id='word_1_65' title='bbox 537 621 673 656; x_wconf 87' lang='lat' dir='ltr'>luminis</span> <span class='ocrx_word' id='word_1_66' title='bbox 692 623 830 667; x_wconf 83' lang='lat' dir='ltr'>gratiam</span> <span class='ocrx_word' id='word_1_67' title='bbox 857 633 936 657; x_wconf 90' lang='lat' dir='ltr'>tunc</span> <span class='ocrx_word' id='word_1_68' title='bbox 959 622 1085 657; x_wconf 72' lang='lat' dir='ltr'>cessasse</span> <span class='ocrx_word' id='word_1_69' title='bbox 1110 621 1143 653; x_wconf 92' lang='lat' dir='ltr'>in</span> 
     </span>
     <span class='ocr_line' id='line_1_11' title="bbox 262 669 1144 714; baseline -0.001 -10"><span class='ocrx_word' id='word_1_70' title='bbox 262 669 569 713; x_wconf 81' lang='lat' dir='ltr'>Hierosolymitana</span> <span class='ocrx_word' id='word_1_71' title='bbox 590 672 734 707; x_wconf 76' lang='lat' dir='ltr'>Ecclesia</span> <span class='ocrx_word' id='word_1_72' title='bbox 757 698 769 714; x_wconf 88' lang='lat'>,</span> <span class='ocrx_word' id='word_1_73' title='bbox 795 672 840 707; x_wconf 88' lang='lat' dir='ltr'>est</span> <span class='ocrx_word' id='word_1_74' title='bbox 865 674 985 707; x_wconf 65' lang='lat' dir='ltr'>cunctis</span> <span class='ocrx_word' id='word_1_75' title='bbox 1010 682 1144 706; x_wconf 84' lang='lat' dir='ltr'>notum.</span> 
     </span>
     <span class='ocr_line' id='line_1_12' title="bbox 312 719 1145 767; baseline 0.001 -14"><span class='ocrx_word' id='word_1_76' title='bbox 312 719 438 755; x_wconf 68' lang='lat' dir='ltr'>Verum</span> <span class='ocrx_word' id='word_1_77' title='bbox 458 722 536 763; x_wconf 89' lang='lat' dir='ltr'>quid</span> <span class='ocrx_word' id='word_1_78' title='bbox 559 722 598 756; x_wconf 90' lang='lat' dir='ltr'>ad</span> <span class='ocrx_word' id='word_1_79' title='bbox 620 722 803 766; x_wconf 80' lang='lat' dir='ltr'>praesentem</span> <span class='ocrx_word' id='word_1_80' title='bbox 826 723 974 767; x_wconf 89' lang='lat' dir='ltr'>Septimii</span> <span class='ocrx_word' id='word_1_81' title='bbox 1008 722 1145 757; x_wconf 85' lang='lat' dir='ltr'>locum?</span> 
     </span>
    </p>

    <p class='ocr_par' dir='ltr' id='par_1_7' title="bbox 179 768 1149 867">
     <span class='ocr_line' id='line_1_13' title="bbox 179 768 1145 813; baseline 0.002 -11"><span class='ocrx_word' id='word_1_82' title='bbox 179 768 208 783; x_wconf 78' lang='lat'>&#39;¹</span> <span class='ocrx_word' id='word_1_83' title='bbox 260 769 372 813; x_wconf 71' lang='lat' dir='ltr'>lpsum</span> <span class='ocrx_word' id='word_1_84' title='bbox 391 771 480 805; x_wconf 85' lang='lat' dir='ltr'>enirn</span> <span class='ocrx_word' id='word_1_85' title='bbox 498 772 533 805; x_wconf 92' lang='lat' dir='ltr'>in</span> <span class='ocrx_word' id='word_1_86' title='bbox 557 773 655 807; x_wconf 91' lang='lat' dir='ltr'>tertio</span> <span class='ocrx_word' id='word_1_87' title='bbox 677 771 762 807; x_wconf 88' lang='lat' dir='ltr'>libro</span> <span class='ocrx_word' id='word_1_88' title='bbox 774 772 922 808; x_wconf 75' lang='lat' dir='ltr'>adversus</span> <span class='ocrx_word' id='word_1_89' title='bbox 938 773 1145 807; x_wconf 82' lang='lat' dir='ltr'>Marcionem</span> 
     </span>
     <span class='ocr_line' id='line_1_14' title="bbox 261 817 1149 867; baseline -0.001 -13"><span class='ocrx_word' id='word_1_90' title='bbox 261 817 384 854; x_wconf 84' lang='lat' dir='ltr'>Christi</span> <span class='ocrx_word' id='word_1_91' title='bbox 397 821 443 854; x_wconf 89' lang='lat' dir='ltr'>sui</span> <span class='ocrx_word' id='word_1_92' title='bbox 457 822 523 854; x_wconf 85' lang='lat' dir='ltr'>fine</span> <span class='ocrx_word' id='word_1_93' title='bbox 536 822 654 866; x_wconf 68' lang='lat' dir='ltr'>previis</span> <span class='ocrx_word' id='word_1_94' title='bbox 664 821 897 867; x_wconf 82' lang='lat' dir='ltr'>Prophetarum</span> <span class='ocrx_word' id='word_1_95' title='bbox 913 821 1149 867; x_wconf 82' lang='lat' dir='ltr'>praedicationi-</span> 
     </span>
    </p>

    <p class='ocr_par' dir='ltr' id='par_1_8' title="bbox 260 867 1147 916">
     <span class='ocr_line' id='line_1_15' title="bbox 260 867 1147 916; baseline 0.001 -14"><span class='ocrx_word' id='word_1_96' title='bbox 260 867 322 904; x_wconf 74' lang='lat' dir='ltr'>bus</span> <span class='ocrx_word' id='word_1_97' title='bbox 334 872 541 913; x_wconf 87' lang='lat' dir='ltr'>repentinum</span> <span class='ocrx_word' id='word_1_98' title='bbox 551 873 728 907; x_wconf 87' lang='lat' dir='ltr'>adventum</span> <span class='ocrx_word' id='word_1_99' title='bbox 741 884 796 916; x_wconf 88' lang='lat' dir='ltr'>per</span> <span class='ocrx_word' id='word_1_100' title='bbox 808 872 874 907; x_wconf 86' lang='lat' dir='ltr'>sola</span> <span class='ocrx_word' id='word_1_101' title='bbox 895 879 1046 907; x_wconf 73' lang='lat' dir='ltr'>virtutum</span> <span class='ocrx_word' id='word_1_102' title='bbox 1056 873 1147 905; x_wconf 69' lang='lat' dir='ltr'>,docu-</span> 
     </span>
    </p>

    <p class='ocr_par' dir='ltr' id='par_1_9' title="bbox 262 921 1145 966">
     <span class='ocr_line' id='line_1_16' title="bbox 262 921 1145 966; baseline 0.001 -14"><span class='ocrx_word' id='word_1_103' title='bbox 262 929 366 953; x_wconf 78' lang='lat' dir='ltr'>menta</span> <span class='ocrx_word' id='word_1_104' title='bbox 377 921 574 956; x_wconf 86' lang='lat' dir='ltr'>sufficienter</span> <span class='ocrx_word' id='word_1_105' title='bbox 586 922 713 966; x_wconf 88' lang='lat' dir='ltr'>probati</span> <span class='ocrx_word' id='word_1_106' title='bbox 729 923 893 958; x_wconf 90' lang='lat' dir='ltr'>volentem</span> <span class='ocrx_word' id='word_1_107' title='bbox 908 948 918 963; x_wconf 95' lang='lat'>,</span> <span class='ocrx_word' id='word_1_108' title='bbox 945 923 1060 957; x_wconf 81' lang='lat' dir='ltr'>acriter</span> <span class='ocrx_word' id='word_1_109' title='bbox 1069 932 1145 955; x_wconf 85' lang='lat' dir='ltr'>con·</span> 
     </span>
    </p>

    <p class='ocr_par' dir='ltr' id='par_1_10' title="bbox 122 969 1147 1065">
     <span class='ocr_line' id='line_1_17' title="bbox 122 969 1144 1026; baseline 0 -24"><span class='ocrx_word' id='word_1_110' title='bbox 122 995 168 1026; x_wconf 51' lang='lat' dir='ltr'>ca</span> <span class='ocrx_word' id='word_1_111' title='bbox 258 969 372 1004; x_wconf 71' lang='lat' dir='ltr'>firmat</span> <span class='ocrx_word' id='word_1_112' title='bbox 385 983 396 1003; x_wconf 93' lang='lat'>.·</span> <span class='ocrx_word' id='word_1_113' title='bbox 423 976 462 1004; x_wconf 70' lang='lat' dir='ltr'>At</span> <span class='ocrx_word' id='word_1_114' title='bbox 485 983 535 1016; x_wconf 79' lang='lat' dir='ltr'>ege</span> <span class='ocrx_word' id='word_1_115' title='bbox 555 972 666 1017; x_wconf 80' lang='lat' dir='ltr'>negabo</span> <span class='ocrx_word' id='word_1_116' title='bbox 677 971 773 1015; x_wconf 81' lang='lat' dir='ltr'>solam</span> <span class='ocrx_word' id='word_1_117' title='bbox 782 973 860 1006; x_wconf 84' lang='lat' dir='ltr'>hane</span> <span class='ocrx_word' id='word_1_118' title='bbox 868 974 913 1006; x_wconf 81' lang='lat' dir='ltr'>illi</span> <span class='ocrx_word' id='word_1_119' title='bbox 919 970 1045 1015; x_wconf 81' lang='lat' dir='ltr'>speciem</span> <span class='ocrx_word' id='word_1_120' title='bbox 1053 971 1097 1002; x_wconf 85' lang='lat' dir='ltr'>ad</span> <span class='ocrx_word' id='word_1_121' title='bbox 1105 980 1144 1003; x_wconf 83' lang='lat' dir='ltr'>te-</span> 
     </span>
     <span class='ocr_line' id='line_1_18' title="bbox 170 1003 1147 1065; baseline 0 -13"><span class='ocrx_word' id='word_1_122' title='bbox 170 1003 196 1034; x_wconf 56' lang='grc' dir='ltr'>μ</span> <span class='ocrx_word' id='word_1_123' title='bbox 215 1003 244 1032; x_wconf 72' lang='grc'>3’</span> <span class='ocrx_word' id='word_1_124' title='bbox 255 1019 424 1060; x_wconf 80' lang='lat' dir='ltr'>stimonium</span> <span class='ocrx_word' id='word_1_125' title='bbox 436 1023 594 1065; x_wconf 80' lang='lat' dir='ltr'>competiffe</span> <span class='ocrx_word' id='word_1_126' title='bbox 607 1047 618 1063; x_wconf 89' lang='lat'>,</span> <span class='ocrx_word' id='word_1_127' title='bbox 644 1023 777 1065; x_wconf 78' lang='lat' dir='ltr'>quam&amp;</span> <span class='ocrx_word' id='word_1_128' title='bbox 789 1020 851 1064; x_wconf 72' lang='lat' dir='ltr'>ipse</span> <span class='ocrx_word' id='word_1_129' title='bbox 869 1021 1047 1062; x_wconf 84' lang='lat' dir='ltr'>postmodum</span> <span class='ocrx_word' id='word_1_130' title='bbox 1057 1032 1147 1056; x_wconf 61' lang='lat' dir='ltr'>exaut</span> 
     </span>
    </p>

    <p class='ocr_par' dir='ltr' id='par_1_11' title="bbox 196 1069 1150 1263">
     <span class='ocr_line' id='line_1_19' title="bbox 196 1069 1149 1113; baseline 0.003 -12"><span class='ocrx_word' id='word_1_131' title='bbox 196 1091 197 1094; x_wconf 57' lang='lat'><em>=</em></span> <span class='ocrx_word' id='word_1_132' title='bbox 259 1069 414 1103; x_wconf 74' lang='lat' dir='ltr'>tharavit.</span> <span class='ocrx_word' id='word_1_133' title='bbox 442 1073 474 1104; x_wconf 77' lang='lat' dir='ltr'>Si</span> <span class='ocrx_word' id='word_1_134' title='bbox 496 1074 614 1113; x_wconf 86' lang='lat' dir='ltr'>quidem</span> <span class='ocrx_word' id='word_1_135' title='bbox 635 1073 750 1105; x_wconf 82' lang='lat' dir='ltr'>edicens</span> <span class='ocrx_word' id='word_1_136' title='bbox 760 1071 865 1104; x_wconf 80' lang='lat' dir='ltr'>multos</span> <span class='ocrx_word' id='word_1_137' title='bbox 882 1081 1023 1104; x_wconf 81' lang='lat' dir='ltr'>venturos</span> <span class='ocrx_word' id='word_1_138' title='bbox 1036 1094 1047 1110; x_wconf 96' lang='lat'>‚</span> <span class='ocrx_word' id='word_1_139' title='bbox 1074 1069 1149 1112; x_wconf 74' lang='lat' dir='ltr'>&amp;ſs-</span> 
     </span>
     <span class='ocr_line' id='line_1_20' title="bbox 257 1118 1148 1164; baseline 0.004 -14"><span class='ocrx_word' id='word_1_140' title='bbox 257 1130 324 1162; x_wconf 83' lang='lat' dir='ltr'>gna</span> <span class='ocrx_word' id='word_1_141' title='bbox 327 1118 487 1159; x_wconf 60' lang='lat' dir='ltr'>facquros,</span> <span class='ocrx_word' id='word_1_142' title='bbox 514 1122 686 1154; x_wconf 74' lang='lat' dir='ltr'>&amp;virtutes</span> <span class='ocrx_word' id='word_1_143' title='bbox 700 1131 825 1164; x_wconf 85' lang='lat' dir='ltr'>magnas</span> <span class='ocrx_word' id='word_1_144' title='bbox 849 1121 981 1154; x_wconf 80' lang='lat' dir='ltr'>edituros</span> <span class='ocrx_word' id='word_1_145' title='bbox 995 1146 1005 1162; x_wconf 91' lang='lat'>‚</span> <span class='ocrx_word' id='word_1_146' title='bbox 1031 1119 1148 1162; x_wconf 81' lang='lat' dir='ltr'>averfio-</span> 
     </span>
     <span class='ocr_line' id='line_1_21' title="bbox 261 1169 1150 1211; baseline 0.002 -10"><span class='ocrx_word' id='word_1_147' title='bbox 261 1174 429 1207; x_wconf 67' lang='lat' dir='ltr'>nemetiam</span> <span class='ocrx_word' id='word_1_148' title='bbox 442 1169 610 1203; x_wconf 67' lang='lat' dir='ltr'>Elellorum</span> <span class='ocrx_word' id='word_1_149' title='bbox 623 1194 634 1211; x_wconf 91' lang='lat'>‚</span> <span class='ocrx_word' id='word_1_150' title='bbox 660 1181 712 1203; x_wconf 85' lang='lat' dir='ltr'>nec</span> <span class='ocrx_word' id='word_1_151' title='bbox 721 1171 783 1203; x_wconf 70' lang='lat' dir='ltr'>ideo</span> <span class='ocrx_word' id='word_1_152' title='bbox 800 1179 901 1204; x_wconf 80' lang='lat' dir='ltr'>tamen</span> <span class='ocrx_word' id='word_1_153' title='bbox 925 1172 1128 1205; x_wconf 76' lang='lat' dir='ltr'>admittendos</span> <span class='ocrx_word' id='word_1_154' title='bbox 1140 1193 1150 1208; x_wconf 91' lang='lat'>‚</span> 
     </span>
     <span class='ocr_line' id='line_1_22' title="bbox 263 1217 1149 1263; baseline 0.003 -13"><span class='ocrx_word' id='word_1_155' title='bbox 263 1223 453 1251; x_wconf 74' lang='lat' dir='ltr'>temerariam</span> <span class='ocrx_word' id='word_1_156' title='bbox 458 1217 604 1262; x_wconf 76' lang='lat' dir='ltr'>signorum</span> <span class='ocrx_word' id='word_1_157' title='bbox 626 1220 659 1253; x_wconf 59' lang='grc' dir='ltr'>Θ</span> <span class='ocrx_word' id='word_1_158' title='bbox 668 1225 814 1254; x_wconf 82' lang='lat' dir='ltr'>virtutum</span> <span class='ocrx_word' id='word_1_159' title='bbox 821 1220 914 1263; x_wconf 79' lang='lat' dir='ltr'>fidem</span> <span class='ocrx_word' id='word_1_160' title='bbox 927 1220 1048 1262; x_wconf 71' lang='lat' dir='ltr'>ostendit</span> <span class='ocrx_word' id='word_1_161' title='bbox 1064 1230 1097 1254; x_wconf 87' lang='lat' dir='ltr'>ut</span> <span class='ocrx_word' id='word_1_162' title='bbox 1110 1230 1149 1254; x_wconf 85' lang='lat' dir='ltr'>et-</span> 
     </span>
    </p>

    <p class='ocr_par' dir='ltr' id='par_1_12' title="bbox 262 1268 1151 1313">
     <span class='ocr_line' id='line_1_23' title="bbox 262 1268 1151 1313; baseline 0.004 -13"><span class='ocrx_word' id='word_1_163' title='bbox 262 1272 326 1300; x_wconf 74' lang='lat' dir='ltr'>iam</span> <span class='ocrx_word' id='word_1_164' title='bbox 348 1270 434 1309; x_wconf 80' lang='lat' dir='ltr'>apud</span> <span class='ocrx_word' id='word_1_165' title='bbox 453 1268 746 1312; x_wconf 79' lang='lat' dir='ltr'>Pseudo-Prophetas</span> <span class='ocrx_word' id='word_1_166' title='bbox 763 1271 967 1313; x_wconf 82' lang='lat' dir='ltr'>facillimam.</span> <span class='ocrx_word' id='word_1_167' title='bbox 995 1272 1038 1306; x_wconf 92' lang='lat' dir='ltr'>Et</span> <span class='ocrx_word' id='word_1_168' title='bbox 1059 1270 1151 1305; x_wconf 90' lang='lat' dir='ltr'>scele-</span> 
     </span>
    </p>

    <p class='ocr_par' dir='ltr' id='par_1_13' title="bbox 260 1317 1151 1415">
     <span class='ocr_line' id='line_1_24' title="bbox 260 1317 1150 1364; baseline 0.002 -13"><span class='ocrx_word' id='word_1_169' title='bbox 260 1327 335 1355; x_wconf 75' lang='lat' dir='ltr'>rato</span> <span class='ocrx_word' id='word_1_170' title='bbox 354 1317 503 1353; x_wconf 90' lang='lat' dir='ltr'>Hierocli</span> <span class='ocrx_word' id='word_1_171' title='bbox 529 1344 540 1360; x_wconf 93' lang='lat'>,</span> <span class='ocrx_word' id='word_1_172' title='bbox 580 1321 635 1364; x_wconf 87' lang='lat' dir='ltr'>qui</span> <span class='ocrx_word' id='word_1_173' title='bbox 664 1319 785 1360; x_wconf 77' lang='lat' dir='ltr'>Christi</span> <span class='ocrx_word' id='word_1_174' title='bbox 816 1321 958 1356; x_wconf 88' lang='lat' dir='ltr'>Domini</span> <span class='ocrx_word' id='word_1_175' title='bbox 996 1320 1150 1356; x_wconf 83' lang='lat' dir='ltr'>miracula</span> 
     </span>
     <span class='ocr_line' id='line_1_25' title="bbox 264 1367 1151 1415; baseline 0.003 -14"><span class='ocrx_word' id='word_1_176' title='bbox 264 1367 443 1411; x_wconf 77' lang='lat' dir='ltr'>Apollonii</span> <span class='ocrx_word' id='word_1_177' title='bbox 468 1368 635 1413; x_wconf 84' lang='lat' dir='ltr'>Thyanaei</span> <span class='ocrx_word' id='word_1_178' title='bbox 657 1371 824 1405; x_wconf 87' lang='lat' dir='ltr'>miraculis</span> <span class='ocrx_word' id='word_1_179' title='bbox 845 1371 990 1415; x_wconf 83' lang='lat' dir='ltr'>aequabat</span> <span class='ocrx_word' id='word_1_180' title='bbox 1010 1396 1022 1413; x_wconf 90' lang='lat'>,</span> <span class='ocrx_word' id='word_1_181' title='bbox 1057 1370 1151 1405; x_wconf 88' lang='lat' dir='ltr'>ideo-</span> 
     </span>
    </p>

    <p class='ocr_par' dir='ltr' id='par_1_14' title="bbox 261 1418 1151 1515">
     <span class='ocr_line' id='line_1_26' title="bbox 261 1418 1150 1465; baseline 0.004 -15"><span class='ocrx_word' id='word_1_182' title='bbox 261 1427 328 1459; x_wconf 87' lang='lat' dir='ltr'>que</span> <span class='ocrx_word' id='word_1_183' title='bbox 354 1418 410 1453; x_wconf 85' lang='lat' dir='ltr'>illa</span> <span class='ocrx_word' id='word_1_184' title='bbox 435 1429 502 1452; x_wconf 90' lang='lat' dir='ltr'>non</span> <span class='ocrx_word' id='word_1_185' title='bbox 530 1420 592 1454; x_wconf 79' lang='lat' dir='ltr'>effe</span> <span class='ocrx_word' id='word_1_186' title='bbox 612 1421 744 1455; x_wconf 88' lang='lat' dir='ltr'>firmum</span> <span class='ocrx_word' id='word_1_187' title='bbox 767 1422 924 1465; x_wconf 81' lang='lat' dir='ltr'>praetensae</span> <span class='ocrx_word' id='word_1_188' title='bbox 952 1421 972 1455; x_wconf 71' lang='lat' dir='ltr'>a</span> <span class='ocrx_word' id='word_1_189' title='bbox 996 1421 1093 1456; x_wconf 89' lang='lat' dir='ltr'>nobis</span> <span class='ocrx_word' id='word_1_190' title='bbox 1117 1422 1150 1455; x_wconf 69' lang='lat' dir='ltr'>i‘n</span> 
     </span>
     <span class='ocr_line' id='line_1_27' title="bbox 264 1465 1151 1515; baseline 0.005 -15"><span class='ocrx_word' id='word_1_191' title='bbox 264 1465 399 1503; x_wconf 89' lang='lat' dir='ltr'>Christo</span> <span class='ocrx_word' id='word_1_192' title='bbox 409 1469 605 1504; x_wconf 86' lang='lat' dir='ltr'>Divinitatis</span> <span class='ocrx_word' id='word_1_193' title='bbox 619 1482 849 1515; x_wconf 83' lang='lat' dir='ltr'>argumentum</span> <span class='ocrx_word' id='word_1_194' title='bbox 871 1471 1069 1511; x_wconf 87' lang='lat' dir='ltr'>blaterabat,</span> <span class='ocrx_word' id='word_1_195' title='bbox 1093 1472 1151 1506; x_wconf 87' lang='lat' dir='ltr'>res-</span> 
     </span>
    </p>

    <p class='ocr_par' dir='ltr' id='par_1_15' title="bbox 119 1517 1157 1663">
     <span class='ocr_line' id='line_1_28' title="bbox 121 1517 1157 1565; baseline 0.006 -16"><span class='ocrx_word' id='word_1_196' title='bbox 121 1530 185 1563; x_wconf 71' lang='lat' dir='ltr'>Lib.</span> <span class='ocrx_word' id='word_1_197' title='bbox 216 1538 245 1565; x_wconf 83' lang='lat'>5·</span> <span class='ocrx_word' id='word_1_198' title='bbox 264 1517 388 1560; x_wconf 83' lang='lat' dir='ltr'>ponder</span> <span class='ocrx_word' id='word_1_199' title='bbox 409 1517 599 1554; x_wconf 69' lang='lat' dir='ltr'>Lactantius</span> <span class='ocrx_word' id='word_1_200' title='bbox 623 1521 808 1555; x_wconf 87' lang='lat' dir='ltr'>Firmianus</span> <span class='ocrx_word' id='word_1_201' title='bbox 834 1535 845 1555; x_wconf 84' lang='lat'>.-</span> <span class='ocrx_word' id='word_1_202' title='bbox 872 1521 958 1564; x_wconf 79' lang='lat' dir='ltr'>Disee</span> <span class='ocrx_word' id='word_1_203' title='bbox 980 1528 1072 1565; x_wconf 75' lang='lat' dir='ltr'>igitur</span> <span class='ocrx_word' id='word_1_204' title='bbox 1095 1546 1107 1562; x_wconf 90' lang='lat'>‚</span> <span class='ocrx_word' id='word_1_205' title='bbox 1131 1519 1157 1561; x_wconf 82' lang='lat' dir='ltr'><em>fi</em></span> 
     </span>
     <span class='ocr_line' id='line_1_29' title="bbox 119 1567 1152 1614; baseline 0.003 -13"><span class='ocrx_word' id='word_1_206' title='bbox 119 1580 186 1610; x_wconf 84' lang='lat' dir='ltr'>cap.</span> <span class='ocrx_word' id='word_1_207' title='bbox 215 1578 242 1607; x_wconf 88' lang='lat'>3.</span> <span class='ocrx_word' id='word_1_208' title='bbox 261 1567 340 1609; x_wconf 70' lang='lat' dir='ltr'>quid</span> <span class='ocrx_word' id='word_1_209' title='bbox 357 1567 412 1600; x_wconf 81' lang='lat' dir='ltr'>tibi</span> <span class='ocrx_word' id='word_1_210' title='bbox 433 1571 532 1602; x_wconf 77' lang='lat' dir='ltr'>cordis</span> <span class='ocrx_word' id='word_1_211' title='bbox 553 1569 612 1611; x_wconf 82' lang='lat' dir='ltr'>est,</span> <span class='ocrx_word' id='word_1_212' title='bbox 637 1570 796 1614; x_wconf 64' lang='lat' dir='ltr'>nonsolzim</span> <span class='ocrx_word' id='word_1_213' title='bbox 809 1573 945 1606; x_wconf 55' lang='lat' dir='ltr'>idcirco&amp;</span> <span class='ocrx_word' id='word_1_214' title='bbox 960 1572 1041 1605; x_wconf 81' lang='lat' dir='ltr'>nobis</span> <span class='ocrx_word' id='word_1_215' title='bbox 1056 1575 1152 1604; x_wconf 79' lang='lat' dir='ltr'>Deum</span> 
     </span>
     <span class='ocr_line' id='line_1_30' title="bbox 261 1617 1152 1663; baseline 0.004 -12"><span class='ocrx_word' id='word_1_216' title='bbox 261 1617 409 1651; x_wconf 75' lang='lat' dir='ltr'>creditum</span> <span class='ocrx_word' id='word_1_217' title='bbox 431 1617 581 1660; x_wconf 80' lang='lat' dir='ltr'>Christum</span> <span class='ocrx_word' id='word_1_218' title='bbox 604 1643 615 1659; x_wconf 94' lang='lat'>,</span> <span class='ocrx_word' id='word_1_219' title='bbox 639 1627 712 1663; x_wconf 87' lang='lat' dir='ltr'>quia</span> <span class='ocrx_word' id='word_1_220' title='bbox 735 1621 886 1655; x_wconf 81' lang='lat' dir='ltr'>mirabilia</span> <span class='ocrx_word' id='word_1_221' title='bbox 900 1622 979 1663; x_wconf 84' lang='lat' dir='ltr'>fecit</span> <span class='ocrx_word' id='word_1_222' title='bbox 1000 1647 1011 1663; x_wconf 89' lang='lat'>‚</span> <span class='ocrx_word' id='word_1_223' title='bbox 1037 1622 1152 1654; x_wconf 59' lang='lat' dir='ltr'>vertim-</span> 
     </span>
    </p>

    <p class='ocr_par' dir='ltr' id='par_1_16' title="bbox 261 1670 1153 1816">
     <span class='ocr_line' id='line_1_31' title="bbox 263 1670 1152 1714; baseline 0.004 -13"><span class='ocrx_word' id='word_1_224' title='bbox 263 1671 357 1701; x_wconf 83' lang='lat' dir='ltr'>etiam</span> <span class='ocrx_word' id='word_1_225' title='bbox 369 1673 439 1709; x_wconf 83' lang='lat' dir='ltr'>quia</span> <span class='ocrx_word' id='word_1_226' title='bbox 450 1671 590 1703; x_wconf 77' lang='lat' dir='ltr'>videmus</span> <span class='ocrx_word' id='word_1_227' title='bbox 602 1675 635 1703; x_wconf 87' lang='lat' dir='ltr'>in</span> <span class='ocrx_word' id='word_1_228' title='bbox 650 1671 776 1713; x_wconf 67' lang='lat' dir='ltr'>eofalla</span> <span class='ocrx_word' id='word_1_229' title='bbox 787 1673 838 1714; x_wconf 81' lang='lat' dir='ltr'>effe</span> <span class='ocrx_word' id='word_1_230' title='bbox 848 1677 946 1704; x_wconf 73' lang='lat' dir='ltr'>omnia</span> <span class='ocrx_word' id='word_1_231' title='bbox 955 1696 966 1712; x_wconf 86' lang='lat'>,</span> <span class='ocrx_word' id='word_1_232' title='bbox 993 1683 1060 1714; x_wconf 81' lang='lat' dir='ltr'>quae</span> <span class='ocrx_word' id='word_1_233' title='bbox 1071 1670 1152 1704; x_wconf 80' lang='lat' dir='ltr'>nobis</span> 
     </span>
     <span class='ocr_line' id='line_1_32' title="bbox 261 1717 1153 1764; baseline 0.003 -13"><span class='ocrx_word' id='word_1_234' title='bbox 261 1724 445 1751; x_wconf 80' lang='lat' dir='ltr'>annuntiata</span> <span class='ocrx_word' id='word_1_235' title='bbox 462 1717 536 1762; x_wconf 80' lang='lat' dir='ltr'>sunt</span> <span class='ocrx_word' id='word_1_236' title='bbox 557 1726 691 1754; x_wconf 78' lang='lat' dir='ltr'>vaticino</span> <span class='ocrx_word' id='word_1_237' title='bbox 716 1722 931 1764; x_wconf 80' lang='lat' dir='ltr'>Prophetarum</span> <span class='ocrx_word' id='word_1_238' title='bbox 957 1747 964 1754; x_wconf 91' lang='lat'><strong>.</strong></span> <span class='ocrx_word' id='word_1_239' title='bbox 1002 1720 1153 1755; x_wconf 82' lang='lat' dir='ltr'>Pluribus</span> 
     </span>
     <span class='ocr_line' id='line_1_33' title="bbox 261 1765 1152 1816; baseline 0.007 -18"><span class='ocrx_word' id='word_1_240' title='bbox 261 1765 465 1802; x_wconf 84' lang='lat' dir='ltr'>demonstrat</span> <span class='ocrx_word' id='word_1_241' title='bbox 479 1769 635 1804; x_wconf 85' lang='lat' dir='ltr'>miracula</span> <span class='ocrx_word' id='word_1_242' title='bbox 648 1772 711 1805; x_wconf 81' lang='lat' dir='ltr'>effe</span> <span class='ocrx_word' id='word_1_243' title='bbox 722 1782 842 1816; x_wconf 86' lang='lat' dir='ltr'>magna</span> <span class='ocrx_word' id='word_1_244' title='bbox 856 1773 889 1806; x_wconf 88' lang='lat'>&amp;</span> <span class='ocrx_word' id='word_1_245' title='bbox 900 1772 1011 1815; x_wconf 83' lang='lat' dir='ltr'>magni</span> <span class='ocrx_word' id='word_1_246' title='bbox 1036 1772 1152 1809; x_wconf 72' lang='lat' dir='ltr'>facien·</span> 
     </span>
    </p>

    <p class='ocr_par' dir='ltr' id='par_1_17' title="bbox 261 1814 1152 1912">
     <span class='ocr_line' id='line_1_34' title="bbox 261 1814 1152 1864; baseline 0.006 -16"><span class='ocrx_word' id='word_1_247' title='bbox 261 1814 306 1849; x_wconf 88' lang='lat' dir='ltr'>da</span> <span class='ocrx_word' id='word_1_248' title='bbox 321 1838 332 1855; x_wconf 90' lang='lat'>,</span> <span class='ocrx_word' id='word_1_249' title='bbox 358 1825 502 1851; x_wconf 81' lang='lat' dir='ltr'>attamen</span> <span class='ocrx_word' id='word_1_250' title='bbox 518 1830 586 1853; x_wconf 87' lang='lat' dir='ltr'>non</span> <span class='ocrx_word' id='word_1_251' title='bbox 601 1821 667 1862; x_wconf 79' lang='lat' dir='ltr'>ipsa</span> <span class='ocrx_word' id='word_1_252' title='bbox 679 1845 690 1860; x_wconf 93' lang='lat'>,</span> <span class='ocrx_word' id='word_1_253' title='bbox 702 1821 755 1855; x_wconf 89' lang='lat' dir='ltr'>sed</span> <span class='ocrx_word' id='word_1_254' title='bbox 769 1822 936 1864; x_wconf 89' lang='lat' dir='ltr'>utriusque</span> <span class='ocrx_word' id='word_1_255' title='bbox 946 1820 1152 1854; x_wconf 78' lang='lat' dir='ltr'>Testamenti</span> 
     </span>
     <span class='ocr_line' id='line_1_35' title="bbox 262 1865 1151 1912; baseline 0.003 -13"><span class='ocrx_word' id='word_1_256' title='bbox 262 1865 460 1900; x_wconf 84' lang='lat' dir='ltr'>consensum</span> <span class='ocrx_word' id='word_1_257' title='bbox 474 1890 486 1906; x_wconf 93' lang='lat'>,</span> <span class='ocrx_word' id='word_1_258' title='bbox 510 1866 544 1900; x_wconf 79' lang='grc' dir='ltr'>ἀ</span> <span class='ocrx_word' id='word_1_259' title='bbox 556 1867 795 1910; x_wconf 79' lang='lat' dir='ltr'>Prophetarum</span> <span class='ocrx_word' id='word_1_260' title='bbox 808 1870 1076 1912; x_wconf 85' lang='lat' dir='ltr'>adimple-tionem</span> <span class='ocrx_word' id='word_1_261' title='bbox 1089 1870 1151 1903; x_wconf 76' lang='lat' dir='ltr'>effe</span> 
     </span>
    </p>
   </div>
   <div class='ocr_carea' id='block_1_3' title="bbox 260 1914 1153 1999">
    <p class='ocr_par' dir='ltr' id='par_1_18' title="bbox 260 1914 1153 1999">
     <span class='ocr_line' id='line_1_36' title="bbox 263 1914 1153 1964; baseline 0.007 -17"><span class='ocrx_word' id='word_1_262' title='bbox 263 1914 407 1957; x_wconf 80' lang='lat' dir='ltr'>palmate</span> <span class='ocrx_word' id='word_1_263' title='bbox 418 1914 494 1948; x_wconf 86' lang='lat' dir='ltr'>fidei</span> <span class='ocrx_word' id='word_1_264' title='bbox 508 1914 623 1949; x_wconf 87' lang='lat' dir='ltr'>nostrae</span> <span class='ocrx_word' id='word_1_265' title='bbox 634 1917 878 1956; x_wconf 79' lang='lat' dir='ltr'>firmamentum</span> <span class='ocrx_word' id='word_1_266' title='bbox 890 1943 898 1949; x_wconf 91' lang='lat'>.</span> <span class='ocrx_word' id='word_1_267' title='bbox 926 1918 1027 1964; x_wconf 84' lang='lat' dir='ltr'>Qod</span> <span class='ocrx_word' id='word_1_268' title='bbox 1048 1919 1153 1962; x_wconf 87' lang='lat' dir='ltr'>ipsum</span> 
     </span>
     <span class='ocr_line' id='line_1_37' title="bbox 260 1962 853 1999; baseline -0.005 0"><span class='ocrx_word' id='word_1_269' title='bbox 260 1963 451 1999; x_wconf 83' lang='lat' dir='ltr'>constanter</span> <span class='ocrx_word' id='word_1_270' title='bbox 462 1963 595 1995; x_wconf 84' lang='lat' dir='ltr'>tradunt</span> <span class='ocrx_word' id='word_1_271' title='bbox 606 1962 640 1995; x_wconf 90' lang='lat'>&amp;</span> <span class='ocrx_word' id='word_1_272' title='bbox 651 1963 705 1996; x_wconf 89' lang='lat' dir='ltr'>alii</span> <span class='ocrx_word' id='word_1_273' title='bbox 721 1963 832 1996; x_wconf 85' lang='lat' dir='ltr'>Patres</span> <span class='ocrx_word' id='word_1_274' title='bbox 846 1988 853 1995; x_wconf 90' lang='lat'>.</span> 
     </span>
    </p>
   </div>
   <div class='ocr_carea' id='block_1_4' title="bbox 122 2009 1154 3503">
    <p class='ocr_par' dir='ltr' id='par_1_19' title="bbox 122 2009 1154 3503">
     <span class='ocr_line' id='line_1_38' title="bbox 313 2009 1154 2058; baseline 0.004 -13"><span class='ocrx_word' id='word_1_275' title='bbox 313 2011 515 2054; x_wconf 86' lang='lat' dir='ltr'>Respondeo</span> <span class='ocrx_word' id='word_1_276' title='bbox 527 2009 595 2045; x_wconf 82' lang='lat' dir='ltr'>haec</span> <span class='ocrx_word' id='word_1_277' title='bbox 605 2010 728 2055; x_wconf 84' lang='lat' dir='ltr'>exponi</span> <span class='ocrx_word' id='word_1_278' title='bbox 740 2013 908 2057; x_wconf 79' lang='lat' dir='ltr'>insigniter</span> <span class='ocrx_word' id='word_1_279' title='bbox 919 2012 937 2047; x_wconf 72' lang='grc' dir='ltr'>ὲ</span> <span class='ocrx_word' id='word_1_280' title='bbox 955 2014 987 2048; x_wconf 93' lang='lat' dir='ltr'>S.</span> <span class='ocrx_word' id='word_1_281' title='bbox 999 2011 1154 2058; x_wconf 68' lang='lat' dir='ltr'>Augusti·</span> 
     </span>
     <span class='ocr_line' id='line_1_39' title="bbox 263 2059 1154 2106; baseline 0.002 -11"><span class='ocrx_word' id='word_1_282' title='bbox 263 2071 334 2099; x_wconf 82' lang='lat' dir='ltr'>no,</span> <span class='ocrx_word' id='word_1_283' title='bbox 359 2059 516 2095; x_wconf 84' lang='lat' dir='ltr'>scribente</span> <span class='ocrx_word' id='word_1_284' title='bbox 537 2060 572 2093; x_wconf 88' lang='lat' dir='ltr'>in</span> <span class='ocrx_word' id='word_1_285' title='bbox 596 2062 728 2095; x_wconf 84' lang='lat' dir='ltr'>Fastum</span> <span class='ocrx_word' id='word_1_286' title='bbox 741 2062 976 2106; x_wconf 73' lang='lat' dir='ltr'>Manicheum:</span> <span class='ocrx_word' id='word_1_287' title='bbox 1007 2065 1088 2096; x_wconf 87' lang='lat' dir='ltr'>Unde</span> <span class='ocrx_word' id='word_1_288' title='bbox 1099 2063 1154 2097; x_wconf 87' lang='lat' dir='ltr'>huc</span> 
     </span>
     <span class='ocr_line' id='line_1_40' title="bbox 151 2108 1153 2169; baseline 0.003 -25"><span class='ocrx_word' id='word_1_289' title='bbox 151 2137 180 2169; x_wconf 52' lang='grc' dir='ltr'>Ἰ,</span> <span class='ocrx_word' id='word_1_290' title='bbox 263 2108 367 2150; x_wconf 82' lang='lat' dir='ltr'>existis</span> <span class='ocrx_word' id='word_1_291' title='bbox 379 2111 391 2143; x_wconf 88' lang='lat'>?</span> <span class='ocrx_word' id='word_1_292' title='bbox 405 2112 489 2144; x_wconf 84' lang='lat' dir='ltr'>Unde</span> <span class='ocrx_word' id='word_1_293' title='bbox 504 2110 652 2154; x_wconf 81' lang='lat' dir='ltr'>confiditis</span> <span class='ocrx_word' id='word_1_294' title='bbox 666 2113 679 2145; x_wconf 85' lang='lat'>?</span> <span class='ocrx_word' id='word_1_295' title='bbox 692 2113 857 2154; x_wconf 80' lang='lat' dir='ltr'>scripturas</span> <span class='ocrx_word' id='word_1_296' title='bbox 868 2121 956 2147; x_wconf 83' lang='lat' dir='ltr'>tanta</span> <span class='ocrx_word' id='word_1_297' title='bbox 967 2113 1153 2148; x_wconf 69' lang='lat' dir='ltr'>authoritate</span> 
     </span>
     <span class='ocr_line' id='line_1_41' title="bbox 122 2141 1152 2217; baseline 0.005 -25"><span class='ocrx_word' id='word_1_298' title='bbox 122 2141 188 2217; x_wconf 45' lang='lat' dir='ltr'>gp:</span> <span class='ocrx_word' id='word_1_299' title='bbox 200 2144 244 2214; x_wconf 67' lang='lat'>¹}</span> <span class='ocrx_word' id='word_1_300' title='bbox 259 2160 402 2204; x_wconf 69' lang='lat' dir='ltr'>firmatas</span> <span class='ocrx_word' id='word_1_301' title='bbox 413 2184 426 2201; x_wconf 87' lang='lat'>‚</span> <span class='ocrx_word' id='word_1_302' title='bbox 450 2160 677 2205; x_wconf 85' lang='lat' dir='ltr'>commendatas</span> <span class='ocrx_word' id='word_1_303' title='bbox 672 2173 726 2205; x_wconf 83' lang='lat' dir='ltr'>que</span> <span class='ocrx_word' id='word_1_304' title='bbox 737 2161 884 2206; x_wconf 81' lang='lat' dir='ltr'>respuistis</span> <span class='ocrx_word' id='word_1_305' title='bbox 898 2188 910 2204; x_wconf 90' lang='lat'>,</span> <span class='ocrx_word' id='word_1_306' title='bbox 933 2164 1079 2197; x_wconf 84' lang='lat' dir='ltr'>miracula</span> <span class='ocrx_word' id='word_1_307' title='bbox 1095 2175 1152 2197; x_wconf 85' lang='lat' dir='ltr'>non</span> 
     </span>
     <span class='ocr_line' id='line_1_42' title="bbox 255 2209 1152 2256; baseline 0.003 -12"><span class='ocrx_word' id='word_1_308' title='bbox 255 2210 385 2254; x_wconf 78' lang='lat' dir='ltr'>facitis:</span> <span class='ocrx_word' id='word_1_309' title='bbox 412 2213 494 2254; x_wconf 63' lang='grc' dir='ltr'>,ραι</span> <span class='ocrx_word' id='word_1_310' title='bbox 500 2210 530 2252; x_wconf 81' lang='lat' dir='ltr'><em>fi</em></span> <span class='ocrx_word' id='word_1_311' title='bbox 529 2209 678 2252; x_wconf 85' lang='lat' dir='ltr'>faceretis</span> <span class='ocrx_word' id='word_1_312' title='bbox 686 2236 696 2253; x_wconf 85' lang='lat'>‚</span> <span class='ocrx_word' id='word_1_313' title='bbox 725 2219 814 2246; x_wconf 87' lang='lat' dir='ltr'>etiam</span> <span class='ocrx_word' id='word_1_314' title='bbox 825 2211 891 2256; x_wconf 81' lang='lat' dir='ltr'>ipsa</span> <span class='ocrx_word' id='word_1_315' title='bbox 901 2218 934 2246; x_wconf 88' lang='lat' dir='ltr'>in</span> <span class='ocrx_word' id='word_1_316' title='bbox 946 2213 1031 2248; x_wconf 82' lang='lat' dir='ltr'>vobis</span> <span class='ocrx_word' id='word_1_317' title='bbox 1040 2225 1152 2247; x_wconf 78' lang='lat' dir='ltr'>cavere-</span> 
     </span>
     <span class='ocr_line' id='line_1_43' title="bbox 260 2260 1153 2307; baseline 0.004 -14"><span class='ocrx_word' id='word_1_318' title='bbox 260 2272 330 2294; x_wconf 86' lang='lat' dir='ltr'>mus</span> <span class='ocrx_word' id='word_1_319' title='bbox 340 2285 351 2301; x_wconf 91' lang='lat'>,</span> <span class='ocrx_word' id='word_1_320' title='bbox 365 2260 559 2302; x_wconf 68' lang='lat' dir='ltr'>prestruenne</span> <span class='ocrx_word' id='word_1_321' title='bbox 570 2273 622 2294; x_wconf 83' lang='lat' dir='ltr'>nos</span> <span class='ocrx_word' id='word_1_322' title='bbox 636 2264 760 2295; x_wconf 83' lang='lat' dir='ltr'>Domino</span> <span class='ocrx_word' id='word_1_323' title='bbox 775 2287 786 2302; x_wconf 93' lang='lat'>,</span> <span class='ocrx_word' id='word_1_324' title='bbox 799 2265 834 2297; x_wconf 62' lang='grc' dir='ltr'>Θ</span> <span class='ocrx_word' id='word_1_325' title='bbox 844 2265 956 2297; x_wconf 79' lang='lat' dir='ltr'>dicente</span> <span class='ocrx_word' id='word_1_326' title='bbox 966 2289 977 2305; x_wconf 90' lang='lat'>,</span> <span class='ocrx_word' id='word_1_327' title='bbox 992 2267 1153 2307; x_wconf 80' lang='lat' dir='ltr'>Exurgent</span> 
     </span>
     <span class='ocr_line' id='line_1_44' title="bbox 260 2309 1152 2358; baseline 0.003 -14"><span class='ocrx_word' id='word_1_328' title='bbox 260 2309 505 2354; x_wconf 82' lang='lat' dir='ltr'>Pseudo—Christi</span> <span class='ocrx_word' id='word_1_329' title='bbox 520 2311 552 2344; x_wconf 68' lang='grc' dir='ltr'>ό·</span> <span class='ocrx_word' id='word_1_330' title='bbox 565 2310 850 2356; x_wconf 80' lang='lat' dir='ltr'>Pseudo-Prophetae</span> <span class='ocrx_word' id='word_1_331' title='bbox 862 2338 872 2353; x_wconf 92' lang='lat'>,</span> <span class='ocrx_word' id='word_1_332' title='bbox 898 2315 932 2347; x_wconf 57' lang='grc' dir='ltr'>(θ’</span> <span class='ocrx_word' id='word_1_333' title='bbox 939 2313 1059 2356; x_wconf 78' lang='lat' dir='ltr'>facient</span> <span class='ocrx_word' id='word_1_334' title='bbox 1066 2314 1152 2358; x_wconf 83' lang='lat' dir='ltr'>signa</span> 
     </span>
     <span class='ocr_line' id='line_1_45' title="bbox 261 2361 1152 2406; baseline 0.002 -12"><span class='ocrx_word' id='word_1_335' title='bbox 261 2362 298 2394; x_wconf 65' lang='lat' dir='ltr'>tit</span> <span class='ocrx_word' id='word_1_336' title='bbox 304 2361 443 2405; x_wconf 78' lang='lat' dir='ltr'>prodigia</span> <span class='ocrx_word' id='word_1_337' title='bbox 468 2363 583 2402; x_wconf 82' lang='lat' dir='ltr'>muita,</span> <span class='ocrx_word' id='word_1_338' title='bbox 609 2361 787 2404; x_wconf 71' lang='lat' dir='ltr'>insultant,</span> <span class='ocrx_word' id='word_1_339' title='bbox 810 2362 840 2406; x_wconf 83' lang='lat' dir='ltr'><em>fi</em></span> <span class='ocrx_word' id='word_1_340' title='bbox 842 2363 909 2406; x_wconf 83' lang='lat' dir='ltr'>fieri</span> <span class='ocrx_word' id='word_1_341' title='bbox 917 2363 1010 2406; x_wconf 87' lang='lat' dir='ltr'>potest</span> <span class='ocrx_word' id='word_1_342' title='bbox 1027 2389 1036 2404; x_wconf 93' lang='lat'>‚</span> <span class='ocrx_word' id='word_1_343' title='bbox 1060 2371 1152 2398; x_wconf 80' lang='lat' dir='ltr'>eciam</span> 
     </span>
     <span class='ocr_line' id='line_1_46' title="bbox 260 2410 1147 2457; baseline 0.003 -13"><span class='ocrx_word' id='word_1_344' title='bbox 260 2410 381 2444; x_wconf 72' lang='lat' dir='ltr'>Elec‘i&#39;os</span> <span class='ocrx_word' id='word_1_345' title='bbox 395 2435 401 2442; x_wconf 91' lang='lat'><em>.</em></span> <span class='ocrx_word' id='word_1_346' title='bbox 426 2410 503 2446; x_wconf 81' lang='lat' dir='ltr'>Sola</span> <span class='ocrx_word' id='word_1_347' title='bbox 519 2411 675 2446; x_wconf 83' lang='lat' dir='ltr'>miracula</span> <span class='ocrx_word' id='word_1_348' title='bbox 687 2413 756 2446; x_wconf 87' lang='lat' dir='ltr'>vult</span> <span class='ocrx_word' id='word_1_349' title='bbox 770 2423 838 2447; x_wconf 86' lang='lat' dir='ltr'>non</span> <span class='ocrx_word' id='word_1_350' title='bbox 853 2416 915 2447; x_wconf 78' lang='lat' dir='ltr'>effe</span> <span class='ocrx_word' id='word_1_351' title='bbox 927 2414 1060 2457; x_wconf 87' lang='lat' dir='ltr'>plenum</span> <span class='ocrx_word' id='word_1_352' title='bbox 1072 2415 1147 2448; x_wconf 64' lang='lat' dir='ltr'>recti</span> 
     </span>
     <span class='ocr_line' id='line_1_47' title="bbox 260 2460 1151 2507; baseline 0.004 -14"><span class='ocrx_word' id='word_1_353' title='bbox 260 2460 429 2505; x_wconf 78' lang='lat' dir='ltr'>dogmatis</span> <span class='ocrx_word' id='word_1_354' title='bbox 450 2460 694 2496; x_wconf 87' lang='lat' dir='ltr'>testimonium.</span> <span class='ocrx_word' id='word_1_355' title='bbox 722 2462 814 2497; x_wconf 88' lang='lat' dir='ltr'>Hinc</span> <span class='ocrx_word' id='word_1_356' title='bbox 838 2464 947 2498; x_wconf 81' lang='lat' dir='ltr'>suadet</span> <span class='ocrx_word' id='word_1_357' title='bbox 969 2462 1151 2507; x_wconf 73' lang='lat' dir='ltr'>scrupulose</span> 
     </span>
     <span class='ocr_line' id='line_1_48' title="bbox 259 2510 1149 2557; baseline 0.004 -13"><span class='ocrx_word' id='word_1_358' title='bbox 259 2521 330 2544; x_wconf 84' lang='lat' dir='ltr'>non</span> <span class='ocrx_word' id='word_1_359' title='bbox 338 2510 543 2553; x_wconf 85' lang='lat' dir='ltr'>quaerendum</span> <span class='ocrx_word' id='word_1_360' title='bbox 554 2534 565 2550; x_wconf 94' lang='lat'>,</span> <span class='ocrx_word' id='word_1_361' title='bbox 576 2522 645 2555; x_wconf 87' lang='lat' dir='ltr'>quae</span> <span class='ocrx_word' id='word_1_362' title='bbox 656 2513 689 2547; x_wconf 76' lang='grc' dir='ltr'>ἀ</span> <span class='ocrx_word' id='word_1_363' title='bbox 703 2513 812 2555; x_wconf 87' lang='lat' dir='ltr'>qualia</span> <span class='ocrx_word' id='word_1_364' title='bbox 826 2523 949 2557; x_wconf 84' lang='lat' dir='ltr'>patrare</span> <span class='ocrx_word' id='word_1_365' title='bbox 963 2513 1080 2557; x_wconf 82' lang='lat' dir='ltr'>poffint</span> <span class='ocrx_word' id='word_1_366' title='bbox 1092 2513 1149 2548; x_wconf 79' lang='lat' dir='ltr'>hae-</span> 
     </span>
     <span class='ocr_line' id='line_1_49' title="bbox 260 2559 1149 2609; baseline 0.002 -13"><span class='ocrx_word' id='word_1_367' title='bbox 260 2559 378 2601; x_wconf 77' lang='lat' dir='ltr'>retici,</span> <span class='ocrx_word' id='word_1_368' title='bbox 407 2560 498 2604; x_wconf 79' lang='lat' dir='ltr'>quod</span> <span class='ocrx_word' id='word_1_369' title='bbox 521 2561 648 2596; x_wconf 80' lang='lat' dir='ltr'>constet</span> <span class='ocrx_word' id='word_1_370' title='bbox 668 2564 755 2606; x_wconf 85' lang='lat' dir='ltr'>ipsos</span> <span class='ocrx_word' id='word_1_371' title='bbox 776 2588 787 2605; x_wconf 91' lang='lat'>,</span> <span class='ocrx_word' id='word_1_372' title='bbox 815 2564 1069 2609; x_wconf 82' lang='lat' dir='ltr'>qualiacumque</span> <span class='ocrx_word' id='word_1_373' title='bbox 1093 2574 1149 2598; x_wconf 88' lang='lat' dir='ltr'>aut</span> 
     </span>
     <span class='ocr_line' id='line_1_50' title="bbox 262 2612 1150 2657; baseline 0.007 -15"><span class='ocrx_word' id='word_1_374' title='bbox 262 2618 530 2654; x_wconf 82' lang='lat' dir='ltr'>quantacumque</span> <span class='ocrx_word' id='word_1_375' title='bbox 547 2612 665 2655; x_wconf 73' lang='lat' dir='ltr'>quavis</span> <span class='ocrx_word' id='word_1_376' title='bbox 691 2613 809 2647; x_wconf 81' lang='lat' dir='ltr'>virtute</span> <span class='ocrx_word' id='word_1_377' title='bbox 832 2614 1008 2657; x_wconf 82' lang='lat' dir='ltr'>patrarint,</span> <span class='ocrx_word' id='word_1_378' title='bbox 1034 2625 1150 2648; x_wconf 81' lang='lat' dir='ltr'>caven-</span> 
     </span>
     <span class='ocr_line' id='line_1_51' title="bbox 262 2659 1148 2704; baseline 0.007 -12"><span class='ocrx_word' id='word_1_379' title='bbox 262 2659 323 2693; x_wconf 84' lang='lat' dir='ltr'>dos</span> <span class='ocrx_word' id='word_1_380' title='bbox 350 2660 416 2693; x_wconf 78' lang='lat' dir='ltr'>effe</span> <span class='ocrx_word' id='word_1_381' title='bbox 431 2671 469 2693; x_wconf 90' lang='lat' dir='ltr'>ac</span> <span class='ocrx_word' id='word_1_382' title='bbox 492 2660 717 2697; x_wconf 78' lang='lat' dir='ltr'>detestandos.</span> <span class='ocrx_word' id='word_1_383' title='bbox 745 2664 856 2699; x_wconf 81' lang='lat' dir='ltr'>Etiam</span> <span class='ocrx_word' id='word_1_384' title='bbox 879 2663 1000 2704; x_wconf 90' lang='lat' dir='ltr'>Celso,</span> <span class='ocrx_word' id='word_1_385' title='bbox 1027 2662 1148 2698; x_wconf 80' lang='lat' dir='ltr'>Christi</span> 
     </span>
     <span class='ocr_line' id='line_1_52' title="bbox 262 2709 1149 2758; baseline 0.006 -15"><span class='ocrx_word' id='word_1_386' title='bbox 262 2709 406 2743; x_wconf 82' lang='lat' dir='ltr'>Domini</span> <span class='ocrx_word' id='word_1_387' title='bbox 427 2710 581 2744; x_wconf 83' lang='lat' dir='ltr'>miracula</span> <span class='ocrx_word' id='word_1_388' title='bbox 595 2712 644 2745; x_wconf 80' lang='lat' dir='ltr'>uti</span> <span class='ocrx_word' id='word_1_389' title='bbox 665 2712 796 2756; x_wconf 76' lang='lat' dir='ltr'>magica</span> <span class='ocrx_word' id='word_1_390' title='bbox 809 2736 820 2752; x_wconf 92' lang='lat'>,</span> <span class='ocrx_word' id='word_1_391' title='bbox 846 2713 986 2758; x_wconf 87' lang='lat' dir='ltr'>ideoque</span> <span class='ocrx_word' id='word_1_392' title='bbox 996 2713 1149 2758; x_wconf 85' lang='lat' dir='ltr'>&amp;inepta</span> 
     </span>
     <span class='ocr_line' id='line_1_53' title="bbox 260 2760 1150 2804; baseline 0.004 -10"><span class='ocrx_word' id='word_1_393' title='bbox 260 2760 353 2794; x_wconf 70' lang='lat' dir='ltr'>1ectae</span> <span class='ocrx_word' id='word_1_394' title='bbox 364 2760 600 2803; x_wconf 67' lang='lat' dir='ltr'>praedicationis</span> <span class='ocrx_word' id='word_1_395' title='bbox 611 2761 800 2796; x_wconf 81' lang='lat' dir='ltr'>testimonia</span> <span class='ocrx_word' id='word_1_396' title='bbox 810 2762 1053 2804; x_wconf 82' lang='lat' dir='ltr'>calumnianti,</span> <span class='ocrx_word' id='word_1_397' title='bbox 1076 2765 1150 2799; x_wconf 76' lang='lat' dir='ltr'>oti-</span> 
     </span>
     <span class='ocr_line' id='line_1_54' title="bbox 261 2809 1146 2856; baseline 0.008 -15"><span class='ocrx_word' id='word_1_398' title='bbox 261 2819 363 2853; x_wconf 81' lang='lat' dir='ltr'>genes</span> <span class='ocrx_word' id='word_1_399' title='bbox 389 2811 553 2853; x_wconf 74' lang='lat' dir='ltr'>respondit</span> <span class='ocrx_word' id='word_1_400' title='bbox 562 2809 606 2845; x_wconf 88' lang='lat' dir='ltr'>de</span> <span class='ocrx_word' id='word_1_401' title='bbox 631 2811 701 2856; x_wconf 83' lang='lat' dir='ltr'>ipfis</span> <span class='ocrx_word' id='word_1_402' title='bbox 713 2836 723 2852; x_wconf 86' lang='lat'>,</span> <span class='ocrx_word' id='word_1_403' title='bbox 750 2822 786 2846; x_wconf 90' lang='lat' dir='ltr'>ut</span> <span class='ocrx_word' id='word_1_404' title='bbox 797 2812 838 2847; x_wconf 89' lang='lat' dir='ltr'>ad</span> <span class='ocrx_word' id='word_1_405' title='bbox 848 2811 964 2846; x_wconf 87' lang='lat' dir='ltr'>utilem</span> <span class='ocrx_word' id='word_1_406' title='bbox 974 2811 1146 2848; x_wconf 85' lang='lat' dir='ltr'>hominum</span> 
     </span>
     <span class='ocr_line' id='line_1_55' title="bbox 261 2858 1147 2907; baseline 0.007 -15"><span class='ocrx_word' id='word_1_407' title='bbox 261 2858 527 2899; x_wconf 85' lang='lat' dir='ltr'>institutionem,</span> <span class='ocrx_word' id='word_1_408' title='bbox 552 2861 784 2907; x_wconf 84' lang='lat' dir='ltr'>&amp;legitimam</span> <span class='ocrx_word' id='word_1_409' title='bbox 805 2861 960 2896; x_wconf 68' lang='lat' dir='ltr'>doctrinas</span> <span class='ocrx_word' id='word_1_410' title='bbox 979 2863 1147 2898; x_wconf 80' lang='lat' dir='ltr'>confirma·</span> 
     </span>
     <span class='ocr_line' id='line_1_56' title="bbox 251 2908 1147 2957; baseline 0.004 -14"><span class='ocrx_word' id='word_1_411' title='bbox 251 2908 389 2948; x_wconf 67' lang='lat' dir='ltr'>‚tionem</span> <span class='ocrx_word' id='word_1_412' title='bbox 401 2910 463 2944; x_wconf 76' lang='lat' dir='ltr'>tint</span> <span class='ocrx_word' id='word_1_413' title='bbox 475 2911 616 2945; x_wconf 85' lang='lat' dir='ltr'>efficacia</span> <span class='ocrx_word' id='word_1_414' title='bbox 626 2936 636 2952; x_wconf 95' lang='lat'>,</span> <span class='ocrx_word' id='word_1_415' title='bbox 663 2912 750 2955; x_wconf 74' lang='lat' dir='ltr'>prius</span> <span class='ocrx_word' id='word_1_416' title='bbox 760 2910 1004 2957; x_wconf 86' lang='lat' dir='ltr'>disquirendum</span> <span class='ocrx_word' id='word_1_417' title='bbox 1017 2935 1027 2952; x_wconf 93' lang='lat'>,</span> <span class='ocrx_word' id='word_1_418' title='bbox 1048 2913 1069 2947; x_wconf 69' lang='lat' dir='ltr'>a</span> <span class='ocrx_word' id='word_1_419' title='bbox 1081 2924 1147 2956; x_wconf 90' lang='lat' dir='ltr'>quo</span> 
     </span>
     <span class='ocr_line' id='line_1_57' title="bbox 261 2959 1146 3005; baseline 0.005 -11"><span class='ocrx_word' id='word_1_420' title='bbox 261 2959 344 2994; x_wconf 74' lang='lat' dir='ltr'>reete</span> <span class='ocrx_word' id='word_1_421' title='bbox 367 2970 552 3003; x_wconf 77' lang='lat' dir='ltr'>patrentur,</span> <span class='ocrx_word' id='word_1_422' title='bbox 579 2972 621 2995; x_wconf 91' lang='lat' dir='ltr'>ne</span> <span class='ocrx_word' id='word_1_423' title='bbox 643 2962 791 3005; x_wconf 88' lang='lat' dir='ltr'>alioquin</span> <span class='ocrx_word' id='word_1_424' title='bbox 803 2964 996 2997; x_wconf 79' lang='lat' dir='ltr'>damnemus</span> <span class='ocrx_word' id='word_1_425' title='bbox 1009 2964 1123 2998; x_wconf 89' lang='lat' dir='ltr'>omnia</span> <span class='ocrx_word' id='word_1_426' title='bbox 1135 2988 1146 3005; x_wconf 91' lang='lat'>,</span> 
     </span>
     <span class='ocr_line' id='line_1_58' title="bbox 261 3008 1145 3057; baseline 0.006 -14"><span class='ocrx_word' id='word_1_427' title='bbox 261 3008 312 3043; x_wconf 87' lang='lat' dir='ltr'>vel</span> <span class='ocrx_word' id='word_1_428' title='bbox 322 3010 436 3043; x_wconf 80' lang='lat' dir='ltr'>omnia</span> <span class='ocrx_word' id='word_1_429' title='bbox 446 3011 696 3055; x_wconf 83' lang='lat' dir='ltr'>comprobet-nus</span> <span class='ocrx_word' id='word_1_430' title='bbox 708 3036 716 3044; x_wconf 91' lang='lat'><strong>.</strong></span> <span class='ocrx_word' id='word_1_431' title='bbox 741 3012 866 3047; x_wconf 76' lang='lat' dir='ltr'>Lucide</span> <span class='ocrx_word' id='word_1_432' title='bbox 879 3013 1033 3057; x_wconf 77' lang='lat' dir='ltr'>supponit</span> <span class='ocrx_word' id='word_1_433' title='bbox 1056 3013 1145 3048; x_wconf 85' lang='lat' dir='ltr'>Divi-</span> 
     </span>
     <span class='ocr_line' id='line_1_59' title="bbox 261 3059 1145 3107; baseline 0.006 -14"><span class='ocrx_word' id='word_1_434' title='bbox 261 3070 338 3094; x_wconf 78' lang='lat' dir='ltr'>nam</span> <span class='ocrx_word' id='word_1_435' title='bbox 351 3059 557 3103; x_wconf 71' lang='lat' dir='ltr'>Maiestatem</span> <span class='ocrx_word' id='word_1_436' title='bbox 578 3060 890 3107; x_wconf 82' lang='lat' dir='ltr'>Pseudo-Prophetis</span> <span class='ocrx_word' id='word_1_437' title='bbox 906 3063 947 3097; x_wconf 89' lang='lat' dir='ltr'>ad</span> <span class='ocrx_word' id='word_1_438' title='bbox 961 3074 1036 3098; x_wconf 83' lang='lat' dir='ltr'>vera</span> <span class='ocrx_word' id='word_1_439' title='bbox 1047 3063 1145 3098; x_wconf 82' lang='lat' dir='ltr'>Mira-</span> 
     </span>
     <span class='ocr_line' id='line_1_60' title="bbox 259 3110 1144 3157; baseline 0.005 -13"><span class='ocrx_word' id='word_1_440' title='bbox 259 3110 333 3144; x_wconf 81' lang='lat' dir='ltr'>cula</span> <span class='ocrx_word' id='word_1_441' title='bbox 368 3122 437 3145; x_wconf 85' lang='lat' dir='ltr'>non</span> <span class='ocrx_word' id='word_1_442' title='bbox 470 3112 639 3155; x_wconf 79' lang='lat' dir='ltr'>cooperari</span> <span class='ocrx_word' id='word_1_443' title='bbox 659 3137 667 3145; x_wconf 92' lang='lat'><strong>.</strong></span> <span class='ocrx_word' id='word_1_444' title='bbox 696 3111 806 3147; x_wconf 80' lang='lat' dir='ltr'>Etiam</span> <span class='ocrx_word' id='word_1_445' title='bbox 841 3114 974 3148; x_wconf 71' lang='lat' dir='ltr'>Sanetus</span> <span class='ocrx_word' id='word_1_446' title='bbox 1004 3113 1144 3157; x_wconf 84' lang='lat' dir='ltr'>Joannes</span> 
     </span>
     <span class='ocr_line' id='line_1_61' title="bbox 261 3156 1143 3205; baseline 0.006 -13"><span class='ocrx_word' id='word_1_447' title='bbox 261 3156 512 3203; x_wconf 76' lang='lat' dir='ltr'>Chrysostomus</span> <span class='ocrx_word' id='word_1_448' title='bbox 534 3162 704 3196; x_wconf 78' lang='lat' dir='ltr'>dumtaxat</span> <span class='ocrx_word' id='word_1_449' title='bbox 726 3163 796 3197; x_wconf 86' lang='lat' dir='ltr'>vult</span> <span class='ocrx_word' id='word_1_450' title='bbox 822 3163 1059 3198; x_wconf 81' lang='lat' dir='ltr'>Haereticorum</span> <span class='ocrx_word' id='word_1_451' title='bbox 1071 3188 1083 3205; x_wconf 90' lang='lat'>,</span> <span class='ocrx_word' id='word_1_452' title='bbox 1109 3163 1143 3197; x_wconf 89' lang='lat' dir='ltr'>li·</span> 
     </span>
     <span class='ocr_line' id='line_1_62' title="bbox 262 3206 1142 3256; baseline 0.009 -16"><span class='ocrx_word' id='word_1_453' title='bbox 262 3206 316 3241; x_wconf 68' lang='lat' dir='ltr'>cet</span> <span class='ocrx_word' id='word_1_454' title='bbox 325 3211 503 3246; x_wconf 80' lang='lat' dir='ltr'>excitarent</span> <span class='ocrx_word' id='word_1_455' title='bbox 515 3220 661 3246; x_wconf 89' lang='lat' dir='ltr'>mortuos</span> <span class='ocrx_word' id='word_1_456' title='bbox 672 3237 682 3253; x_wconf 89' lang='lat'>‚</span> <span class='ocrx_word' id='word_1_457' title='bbox 709 3213 990 3256; x_wconf 66' lang='lat' dir='ltr'>praedicationibus</span> <span class='ocrx_word' id='word_1_458' title='bbox 998 3224 1065 3248; x_wconf 90' lang='lat' dir='ltr'>non</span> <span class='ocrx_word' id='word_1_459' title='bbox 1079 3225 1142 3248; x_wconf 90' lang='lat' dir='ltr'>cre-</span> 
     </span>
     <span class='ocr_line' id='line_1_63' title="bbox 262 3256 1139 3308; baseline 0.008 -17"><span class='ocrx_word' id='word_1_460' title='bbox 262 3256 405 3294; x_wconf 82' lang='lat' dir='ltr'>dendum</span> <span class='ocrx_word' id='word_1_461' title='bbox 423 3285 430 3292; x_wconf 91' lang='lat'><strong>.</strong></span> <span class='ocrx_word' id='word_1_462' title='bbox 455 3261 517 3296; x_wconf 88' lang='lat' dir='ltr'>Per</span> <span class='ocrx_word' id='word_1_463' title='bbox 536 3262 707 3296; x_wconf 86' lang='lat' dir='ltr'>Hermiam</span> <span class='ocrx_word' id='word_1_464' title='bbox 728 3263 956 3297; x_wconf 80' lang='lat' dir='ltr'>Zozomenum</span> <span class='ocrx_word' id='word_1_465' title='bbox 978 3275 1036 3308; x_wconf 89' lang='lat' dir='ltr'>pro</span> <span class='ocrx_word' id='word_1_466' title='bbox 1049 3264 1139 3299; x_wconf 88' lang='lat' dir='ltr'>Euse-</span> 
     </span>
     <span class='ocr_line' id='line_1_64' title="bbox 262 3305 1143 3356; baseline 0.008 -15"><span class='ocrx_word' id='word_1_467' title='bbox 262 3306 322 3341; x_wconf 82' lang='lat' dir='ltr'>bio</span> <span class='ocrx_word' id='word_1_468' title='bbox 342 3305 496 3345; x_wconf 86' lang='lat' dir='ltr'>Emiseno</span> <span class='ocrx_word' id='word_1_469' title='bbox 515 3311 641 3347; x_wconf 87' lang='lat' dir='ltr'>laudata</span> <span class='ocrx_word' id='word_1_470' title='bbox 661 3314 798 3356; x_wconf 84' lang='lat' dir='ltr'>Georgii</span> <span class='ocrx_word' id='word_1_471' title='bbox 830 3313 1038 3348; x_wconf 84' lang='lat' dir='ltr'>Laodicenfis</span> <span class='ocrx_word' id='word_1_472' title='bbox 1063 3314 1143 3348; x_wconf 89' lang='lat' dir='ltr'>fides</span> 
     </span>
     <span class='ocr_line' id='line_1_65' title="bbox 262 3356 1141 3403; baseline 0.009 -14"><span class='ocrx_word' id='word_1_473' title='bbox 262 3356 310 3390; x_wconf 78' lang='lat' dir='ltr'>est</span> <span class='ocrx_word' id='word_1_474' title='bbox 332 3356 453 3391; x_wconf 75' lang='lat' dir='ltr'>nullius</span> <span class='ocrx_word' id='word_1_475' title='bbox 477 3361 644 3403; x_wconf 85' lang='lat' dir='ltr'>ponderis.</span> <span class='ocrx_word' id='word_1_476' title='bbox 671 3363 774 3397; x_wconf 87' lang='lat' dir='ltr'>Hunc</span> <span class='ocrx_word' id='word_1_477' title='bbox 794 3364 884 3398; x_wconf 89' lang='lat' dir='ltr'>enim</span> <span class='ocrx_word' id='word_1_478' title='bbox 908 3364 1141 3398; x_wconf 67' lang='lat' dir='ltr'>Alexandrina·</span> 
     </span>
     <span class='ocr_line' id='line_1_66' title="bbox 263 3405 1141 3452; baseline 0.007 -11"><span class='ocrx_word' id='word_1_479' title='bbox 263 3405 410 3442; x_wconf 78' lang='lat' dir='ltr'>Ecclefiae</span> <span class='ocrx_word' id='word_1_480' title='bbox 427 3406 651 3452; x_wconf 76' lang='lat' dir='ltr'>Presbyterum</span> <span class='ocrx_word' id='word_1_481' title='bbox 672 3413 763 3446; x_wconf 76' lang='lat' dir='ltr'>fuisse</span> <span class='ocrx_word' id='word_1_482' title='bbox 787 3425 855 3449; x_wconf 82' lang='lat' dir='ltr'>non</span> <span class='ocrx_word' id='word_1_483' title='bbox 880 3414 1087 3449; x_wconf 83' lang='lat' dir='ltr'>solummodo</span> <span class='ocrx_word' id='word_1_484' title='bbox 1098 3414 1141 3448; x_wconf 93' lang='lat' dir='ltr'>ob</span> 
     </span>
     <span class='ocr_line' id='line_1_67' title="bbox 358 3455 796 3503; baseline 0.018 -14"><span class='ocrx_word' id='word_1_485' title='bbox 358 3455 468 3499; x_wconf 77' lang='lat' dir='ltr'>Christ.</span> <span class='ocrx_word' id='word_1_486' title='bbox 482 3462 563 3502; x_wconf 79' lang='lat' dir='ltr'>Lupi</span> <span class='ocrx_word' id='word_1_487' title='bbox 573 3465 671 3503; x_wconf 79' lang='lat' dir='ltr'>Opera</span> <span class='ocrx_word' id='word_1_488' title='bbox 692 3466 725 3496; x_wconf 89' lang='lat' dir='ltr'>T.</span> <span class='ocrx_word' id='word_1_489' title='bbox 738 3464 796 3497; x_wconf 80' lang='lat' dir='ltr'>IX.</span> 
     </span>
    </p>
   </div>
   <div class='ocr_carea' id='block_1_5' title="bbox 1150 892 1177 3028">
    <p class='ocr_par' dir='ltr' id='par_1_20' title="bbox 1150 892 1177 3028">
     <span class='ocr_line' id='line_1_68' title="bbox 1156 892 1173 1088; baseline 0 -148"><span class='ocrx_word' id='word_1_490' title='bbox 1156 892 1173 1088; x_wconf 95' lang='lat' dir='ltr'>   </span> 
     </span>
     <span class='ocr_line' id='line_1_69' title="bbox 1158 1088 1174 1232; baseline 0 -97"><span class='ocrx_word' id='word_1_491' title='bbox 1158 1088 1174 1232; x_wconf 95' lang='lat' dir='ltr'>   </span> 
     </span>
     <span class='ocr_line' id='line_1_70' title="bbox 1160 1335 1175 1488; baseline 0 -49"><span class='ocrx_word' id='word_1_492' title='bbox 1160 1335 1175 1488; x_wconf 95' lang='lat' dir='ltr'>   </span> 
     </span>
     <span class='ocr_line' id='line_1_71' title="bbox 1160 1488 1175 1589; baseline 0 0"><span class='ocrx_word' id='word_1_493' title='bbox 1160 1488 1175 1589; x_wconf 95' lang='lat' dir='ltr'>  </span> 
     </span>
     <span class='ocr_line' id='line_1_72' title="bbox 1160 1589 1175 1637; baseline 0 2087"><span class='ocrx_word' id='word_1_494' title='bbox 1160 1589 1175 1637; x_wconf 95' lang='lat' dir='ltr'> </span> 
     </span>
     <span class='ocr_line' id='line_1_73' title="bbox 1160 1637 1176 1772; baseline 0 -36"><span class='ocrx_word' id='word_1_495' title='bbox 1160 1637 1176 1772; x_wconf 95' lang='lat' dir='ltr'>   </span> 
     </span>
     <span class='ocr_line' id='line_1_74' title="bbox 1161 1772 1177 1841; baseline 0 1883"><span class='ocrx_word' id='word_1_496' title='bbox 1161 1772 1177 1841; x_wconf 95' lang='lat' dir='ltr'> </span> 
     </span>
     <span class='ocr_line' id='line_1_75' title="bbox 1161 1841 1177 2036; baseline 0 -47"><span class='ocrx_word' id='word_1_497' title='bbox 1161 1841 1177 2036; x_wconf 95' lang='lat' dir='ltr'>    </span> 
     </span>
     <span class='ocr_line' id='line_1_76' title="bbox 1160 2129 1176 2330; baseline 0 -84"><span class='ocrx_word' id='word_1_498' title='bbox 1160 2129 1176 2330; x_wconf 95' lang='lat' dir='ltr'>    </span> 
     </span>
     <span class='ocr_line' id='line_1_77' title="bbox 1160 2330 1175 2382; baseline 0 1342"><span class='ocrx_word' id='word_1_499' title='bbox 1160 2330 1175 2382; x_wconf 95' lang='lat' dir='ltr'> </span> 
     </span>
     <span class='ocr_line' id='line_1_78' title="bbox 1159 2382 1175 2428; baseline 0 1296"><span class='ocrx_word' id='word_1_500' title='bbox 1159 2382 1175 2428; x_wconf 95' lang='lat' dir='ltr'> </span> 
     </span>
     <span class='ocr_line' id='line_1_79' title="bbox 1158 2428 1174 2480; baseline 0 1244"><span class='ocrx_word' id='word_1_501' title='bbox 1158 2428 1174 2480; x_wconf 95' lang='lat' dir='ltr'> </span> 
     </span>
     <span class='ocr_line' id='line_1_80' title="bbox 1157 2480 1174 2530; baseline 0 1194"><span class='ocrx_word' id='word_1_502' title='bbox 1157 2480 1174 2530; x_wconf 95' lang='lat' dir='ltr'> </span> 
     </span>
     <span class='ocr_line' id='line_1_81' title="bbox 1154 2530 1173 2726; baseline 0 0"><span class='ocrx_word' id='word_1_503' title='bbox 1154 2530 1173 2726; x_wconf 95' lang='lat' dir='ltr'>    </span> 
     </span>
     <span class='ocr_line' id='line_1_82' title="bbox 1153 2726 1170 2879; baseline 0 -53"><span class='ocrx_word' id='word_1_504' title='bbox 1153 2726 1170 2879; x_wconf 95' lang='lat' dir='ltr'>   </span> 
     </span>
     <span class='ocr_line' id='line_1_83' title="bbox 1150 2879 1166 3028; baseline 0 -47"><span class='ocrx_word' id='word_1_505' title='bbox 1150 2879 1166 3028; x_wconf 95' lang='lat' dir='ltr'>   </span> 
     </span>
    </p>
   </div>
   <div class='ocr_carea' id='block_1_6' title="bbox 124 3150 244 3182">
    <p class='ocr_par' dir='ltr' id='par_1_21' title="bbox 124 3150 244 3182">
     <span class='ocr_line' id='line_1_84' title="bbox 124 3150 244 3182; baseline -0.025 0"><span class='ocrx_word' id='word_1_506' title='bbox 124 3150 187 3182; x_wconf 74' lang='lat' dir='ltr'>Lib.</span> <span class='ocrx_word' id='word_1_507' title='bbox 217 3160 244 3180; x_wconf 73' lang='lat'>2‘.</span> 
     </span>
    </p>
   </div>
   <div class='ocr_carea' id='block_1_7' title="bbox 1203 139 2011 200">
    <p class='ocr_par' dir='ltr' id='par_1_22' title="bbox 1203 139 2011 200">
     <span class='ocr_line' id='line_1_85' title="bbox 1203 139 2011 200; baseline 0.004 -15"><span class='ocrx_word' id='word_1_508' title='bbox 1203 154 1220 185; x_wconf 89' lang='lat'>1</span> <span class='ocrx_word' id='word_1_509' title='bbox 1289 155 1307 184; x_wconf 86' lang='lat' dir='ltr'>s</span> <span class='ocrx_word' id='word_1_510' title='bbox 1433 139 1632 186; x_wconf 89' lang='lat' dir='ltr'><strong>XLIV.</strong></span> <span class='ocrx_word' id='word_1_511' title='bbox 1922 142 2011 200; x_wconf 87' lang='lat'>381</span> 
     </span>
    </p>
   </div>
   <div class='ocr_carea' id='block_1_8' title="bbox 1200 218 2269 3403">
    <p class='ocr_par' dir='ltr' id='par_1_23' title="bbox 1200 218 2226 1014">
     <span class='ocr_line' id='line_1_86' title="bbox 1201 218 2085 270; baseline 0.006 -16"><span class='ocrx_word' id='word_1_512' title='bbox 1201 219 1274 255; x_wconf 89' lang='lat' dir='ltr'>Arii</span> <span class='ocrx_word' id='word_1_513' title='bbox 1297 219 1536 262; x_wconf 80' lang='lat' dir='ltr'>patrocinium,</span> <span class='ocrx_word' id='word_1_514' title='bbox 1561 219 1617 253; x_wconf 81' lang='lat' dir='ltr'>sed</span> <span class='ocrx_word' id='word_1_515' title='bbox 1638 218 1726 254; x_wconf 90' lang='lat' dir='ltr'>&amp;ob</span> <span class='ocrx_word' id='word_1_516' title='bbox 1738 220 1799 257; x_wconf 83' lang='lat' dir='ltr'>alia</span> <span class='ocrx_word' id='word_1_517' title='bbox 1811 221 1948 258; x_wconf 87' lang='lat' dir='ltr'>crimina</span> <span class='ocrx_word' id='word_1_518' title='bbox 1971 225 2085 270; x_wconf 83' lang='lat' dir='ltr'>degra-</span> 
     </span>
     <span class='ocr_line' id='line_1_87' title="bbox 1200 268 2084 316; baseline 0.006 -12"><span class='ocrx_word' id='word_1_519' title='bbox 1200 271 1311 304; x_wconf 80' lang='lat' dir='ltr'>datum</span> <span class='ocrx_word' id='word_1_520' title='bbox 1325 269 1343 303; x_wconf 74' lang='lat' dir='ltr'>a</span> <span class='ocrx_word' id='word_1_521' title='bbox 1353 270 1472 303; x_wconf 71' lang='lat' dir='ltr'>Sancto</span> <span class='ocrx_word' id='word_1_522' title='bbox 1482 269 1542 302; x_wconf 88' lang='lat' dir='ltr'>suo</span> <span class='ocrx_word' id='word_1_523' title='bbox 1554 268 1740 304; x_wconf 87' lang='lat' dir='ltr'>Patriarcha</span> <span class='ocrx_word' id='word_1_524' title='bbox 1756 271 1945 308; x_wconf 83' lang='lat' dir='ltr'>Alexandro</span> <span class='ocrx_word' id='word_1_525' title='bbox 1955 300 1965 316; x_wconf 93' lang='lat'>,</span> <span class='ocrx_word' id='word_1_526' title='bbox 1992 276 2026 309; x_wconf 89' lang='lat'>&amp;</span> <span class='ocrx_word' id='word_1_527' title='bbox 2038 274 2084 309; x_wconf 89' lang='lat' dir='ltr'>ob</span> 
     </span>
     <span class='ocr_line' id='line_1_88' title="bbox 1202 316 2088 365; baseline 0.001 -10"><span class='ocrx_word' id='word_1_528' title='bbox 1202 320 1397 365; x_wconf 78' lang='lat' dir='ltr'>pertinacem</span> <span class='ocrx_word' id='word_1_529' title='bbox 1421 318 1514 353; x_wconf 62' lang='lat' dir='ltr'>dicta</span> <span class='ocrx_word' id='word_1_530' title='bbox 1534 316 1687 352; x_wconf 70' lang='lat' dir='ltr'>haereseos</span> <span class='ocrx_word' id='word_1_531' title='bbox 1698 320 1834 353; x_wconf 82' lang='lat' dir='ltr'>tutelam</span> <span class='ocrx_word' id='word_1_532' title='bbox 1845 323 2018 364; x_wconf 76' lang='lat' dir='ltr'>postmodo</span> <span class='ocrx_word' id='word_1_533' title='bbox 2036 325 2088 358; x_wconf 88' lang='lat' dir='ltr'>in-</span> 
     </span>
     <span class='ocr_line' id='line_1_89' title="bbox 1202 368 2086 409; baseline 0.003 -4"><span class='ocrx_word' id='word_1_534' title='bbox 1202 371 1323 405; x_wconf 87' lang='lat' dir='ltr'>trusum</span> <span class='ocrx_word' id='word_1_535' title='bbox 1335 371 1368 403; x_wconf 90' lang='lat' dir='ltr'>in</span> <span class='ocrx_word' id='word_1_536' title='bbox 1384 369 1499 403; x_wconf 87' lang='lat' dir='ltr'>Sedem</span> <span class='ocrx_word' id='word_1_537' title='bbox 1511 368 1748 403; x_wconf 86' lang='lat' dir='ltr'>Laodicensern</span> <span class='ocrx_word' id='word_1_538' title='bbox 1762 393 1774 409; x_wconf 90' lang='lat'>,</span> <span class='ocrx_word' id='word_1_539' title='bbox 1801 371 1931 406; x_wconf 85' lang='lat' dir='ltr'>testatur</span> <span class='ocrx_word' id='word_1_540' title='bbox 1954 375 2086 409; x_wconf 55' lang='lat' dir='ltr'>santius</span> 
     </span>
     <span class='ocr_line' id='line_1_90' title="bbox 1203 416 2083 457; baseline 0.001 -3"><span class='ocrx_word' id='word_1_541' title='bbox 1203 419 1418 454; x_wconf 66' lang='lat' dir='ltr'>Athanasius.</span> <span class='ocrx_word' id='word_1_542' title='bbox 1445 420 1593 453; x_wconf 88' lang='lat' dir='ltr'>Socrates</span> <span class='ocrx_word' id='word_1_543' title='bbox 1615 419 1678 452; x_wconf 86' lang='lat' dir='ltr'>fuit</span> <span class='ocrx_word' id='word_1_544' title='bbox 1698 416 1803 452; x_wconf 86' lang='lat' dir='ltr'>homo</span> <span class='ocrx_word' id='word_1_545' title='bbox 1817 419 2083 457; x_wconf 76' lang='lat' dir='ltr'>Novatianensis:</span> 
     </span>
     <span class='ocr_line' id='line_1_91' title="bbox 1203 468 2090 514; baseline 0.005 -11"><span class='ocrx_word' id='word_1_546' title='bbox 1203 470 1293 504; x_wconf 88' lang='lat' dir='ltr'>Hinc</span> <span class='ocrx_word' id='word_1_547' title='bbox 1304 470 1338 504; x_wconf 77' lang='grc' dir='ltr'>ἀ</span> <span class='ocrx_word' id='word_1_548' title='bbox 1349 470 1417 513; x_wconf 84' lang='lat' dir='ltr'>ejus</span> <span class='ocrx_word' id='word_1_549' title='bbox 1442 480 1499 512; x_wconf 90' lang='lat' dir='ltr'>pro</span> <span class='ocrx_word' id='word_1_550' title='bbox 1513 468 1619 503; x_wconf 88' lang='lat' dir='ltr'>Paulo</span> <span class='ocrx_word' id='word_1_551' title='bbox 1631 468 1689 502; x_wconf 79' lang='lat' dir='ltr'>suae</span> <span class='ocrx_word' id='word_1_552' title='bbox 1710 469 1815 514; x_wconf 55' lang='lat' dir='ltr'>Sectae,</span> <span class='ocrx_word' id='word_1_553' title='bbox 1829 469 1990 513; x_wconf 86' lang='lat' dir='ltr'>Episcopo</span> <span class='ocrx_word' id='word_1_554' title='bbox 2001 474 2090 506; x_wconf 82' lang='lat' dir='ltr'>testi·</span> 
     </span>
     <span class='ocr_line' id='line_1_92' title="bbox 1203 518 2090 556; baseline 0.002 -3"><span class='ocrx_word' id='word_1_555' title='bbox 1203 520 1353 555; x_wconf 88' lang='lat' dir='ltr'>monium</span> <span class='ocrx_word' id='word_1_556' title='bbox 1378 520 1422 553; x_wconf 86' lang='lat' dir='ltr'>est</span> <span class='ocrx_word' id='word_1_557' title='bbox 1442 519 1627 553; x_wconf 87' lang='lat' dir='ltr'>infirmum.</span> <span class='ocrx_word' id='word_1_558' title='bbox 1658 519 1813 552; x_wconf 82' lang='lat' dir='ltr'>Haeretici</span> <span class='ocrx_word' id='word_1_559' title='bbox 1840 518 2090 556; x_wconf 86' lang='lat' dir='ltr'>hancvirtutem</span> 
     </span>
     <span class='ocr_line' id='line_1_93' title="bbox 1206 568 2092 613; baseline 0 -9"><span class='ocrx_word' id='word_1_560' title='bbox 1206 582 1271 604; x_wconf 92' lang='lat' dir='ltr'>non</span> <span class='ocrx_word' id='word_1_561' title='bbox 1287 569 1437 604; x_wconf 86' lang='lat' dir='ltr'>ambiunt</span> <span class='ocrx_word' id='word_1_562' title='bbox 1449 594 1459 610; x_wconf 95' lang='lat'>,</span> <span class='ocrx_word' id='word_1_563' title='bbox 1485 569 1540 602; x_wconf 83' lang='lat' dir='ltr'>nifi</span> <span class='ocrx_word' id='word_1_564' title='bbox 1555 568 1600 603; x_wconf 87' lang='lat' dir='ltr'>ob</span> <span class='ocrx_word' id='word_1_565' title='bbox 1611 578 1736 612; x_wconf 87' lang='lat' dir='ltr'>turpem</span> <span class='ocrx_word' id='word_1_566' title='bbox 1759 569 1933 611; x_wconf 69' lang='lat' dir='ltr'>quaestum,</span> <span class='ocrx_word' id='word_1_567' title='bbox 1961 571 2092 613; x_wconf 76' lang='lat' dir='ltr'>popula·</span> 
     </span>
     <span class='ocr_line' id='line_1_94' title="bbox 1205 618 2093 664; baseline 0.001 -11"><span class='ocrx_word' id='word_1_568' title='bbox 1205 631 1270 654; x_wconf 82' lang='lat' dir='ltr'>rem</span> <span class='ocrx_word' id='word_1_569' title='bbox 1284 620 1422 664; x_wconf 87' lang='lat' dir='ltr'>gloriam</span> <span class='ocrx_word' id='word_1_570' title='bbox 1436 642 1447 659; x_wconf 90' lang='lat'>‚</span> <span class='ocrx_word' id='word_1_571' title='bbox 1474 630 1528 653; x_wconf 87' lang='lat' dir='ltr'>aut</span> <span class='ocrx_word' id='word_1_572' title='bbox 1540 619 1655 653; x_wconf 86' lang='lat' dir='ltr'>erroris</span> <span class='ocrx_word' id='word_1_573' title='bbox 1666 618 1712 652; x_wconf 85' lang='lat' dir='ltr'>sui</span> <span class='ocrx_word' id='word_1_574' title='bbox 1725 619 1936 660; x_wconf 86' lang='lat' dir='ltr'>firmitatem,</span> <span class='ocrx_word' id='word_1_575' title='bbox 1963 621 2005 654; x_wconf 89' lang='lat' dir='ltr'>ad</span> <span class='ocrx_word' id='word_1_576' title='bbox 2024 631 2093 663; x_wconf 70' lang='lat' dir='ltr'>quae</span> 
     </span>
     <span class='ocr_line' id='line_1_95' title="bbox 1205 669 2094 713; baseline 0.001 -10"><span class='ocrx_word' id='word_1_577' title='bbox 1205 670 1365 704; x_wconf 80' lang='lat' dir='ltr'>Divinam</span> <span class='ocrx_word' id='word_1_578' title='bbox 1379 669 1560 703; x_wconf 85' lang='lat' dir='ltr'>bonitatem</span> <span class='ocrx_word' id='word_1_579' title='bbox 1572 669 1739 712; x_wconf 89' lang='lat' dir='ltr'>cooperari</span> <span class='ocrx_word' id='word_1_580' title='bbox 1752 679 1818 702; x_wconf 88' lang='lat' dir='ltr'>non</span> <span class='ocrx_word' id='word_1_581' title='bbox 1832 669 1920 711; x_wconf 78' lang='lat' dir='ltr'>posse</span> <span class='ocrx_word' id='word_1_582' title='bbox 1940 669 2094 713; x_wconf 82' lang='lat' dir='ltr'>supponit</span> 
     </span>
     <span class='ocr_line' id='line_1_96' title="bbox 1207 710 2226 762; baseline -0.001 -8"><span class='ocrx_word' id='word_1_583' title='bbox 1207 721 1240 754; x_wconf 88' lang='lat' dir='ltr'>in</span> <span class='ocrx_word' id='word_1_584' title='bbox 1263 719 1404 754; x_wconf 67' lang='lat' dir='ltr'>adducto</span> <span class='ocrx_word' id='word_1_585' title='bbox 1427 718 1568 762; x_wconf 70' lang='lat' dir='ltr'>superius</span> <span class='ocrx_word' id='word_1_586' title='bbox 1601 719 1679 752; x_wconf 88' lang='lat' dir='ltr'>loco</span> <span class='ocrx_word' id='word_1_587' title='bbox 1711 719 1847 753; x_wconf 66' lang='lat' dir='ltr'>Sanstus</span> <span class='ocrx_word' id='word_1_588' title='bbox 1869 719 2003 753; x_wconf 83' lang='lat' dir='ltr'>lrenaeus</span> <span class='ocrx_word' id='word_1_589' title='bbox 2024 745 2035 761; x_wconf 91' lang='lat'>‚</span> <span class='ocrx_word' id='word_1_590' title='bbox 2060 722 2094 762; x_wconf 74' lang='grc' dir='ltr'>ὃς</span> <span class='ocrx_word' id='word_1_591' title='bbox 2111 710 2181 746; x_wconf 52' lang='grc' dir='ltr'>ΕἍΡ·</span> <span class='ocrx_word' id='word_1_592' title='bbox 2203 718 2226 737; x_wconf 87' lang='lat'>¹·</span> 
     </span>
     <span class='ocr_line' id='line_1_97' title="bbox 1209 767 2094 813; baseline 0 -9"><span class='ocrx_word' id='word_1_593' title='bbox 1209 773 1239 804; x_wconf 90' lang='lat' dir='ltr'>in</span> <span class='ocrx_word' id='word_1_594' title='bbox 1255 770 1370 813; x_wconf 88' lang='lat' dir='ltr'>quinta</span> <span class='ocrx_word' id='word_1_595' title='bbox 1392 768 1518 803; x_wconf 86' lang='lat' dir='ltr'>decima</span> <span class='ocrx_word' id='word_1_596' title='bbox 1530 767 1721 802; x_wconf 84' lang='lat' dir='ltr'>Collatione</span> <span class='ocrx_word' id='word_1_597' title='bbox 1733 768 1931 803; x_wconf 86' lang='lat' dir='ltr'>demonstrat</span> <span class='ocrx_word' id='word_1_598' title='bbox 1953 769 2094 811; x_wconf 81' lang='lat' dir='ltr'>Joannes</span> 
     </span>
     <span class='ocr_line' id='line_1_98' title="bbox 1209 817 2095 859; baseline 0 -5"><span class='ocrx_word' id='word_1_599' title='bbox 1209 820 1393 855; x_wconf 80' lang='lat' dir='ltr'>Caffianus.</span> <span class='ocrx_word' id='word_1_600' title='bbox 1424 818 1517 852; x_wconf 88' lang='lat' dir='ltr'>Hinc</span> <span class='ocrx_word' id='word_1_601' title='bbox 1534 819 1569 852; x_wconf 71' lang='grc' dir='ltr'>ὅ(</span> <span class='ocrx_word' id='word_1_602' title='bbox 1593 818 1634 852; x_wconf 87' lang='lat' dir='ltr'>ab</span> <span class='ocrx_word' id='word_1_603' title='bbox 1656 817 1885 853; x_wconf 84' lang='lat' dir='ltr'>Anti-Christo</span> <span class='ocrx_word' id='word_1_604' title='bbox 1907 843 1918 859; x_wconf 93' lang='lat'>‚</span> <span class='ocrx_word' id='word_1_605' title='bbox 1943 819 2095 854; x_wconf 84' lang='lat' dir='ltr'>omnium</span> 
     </span>
     <span class='ocr_line' id='line_1_99' title="bbox 1209 867 2097 912; baseline -0.001 -8"><span class='ocrx_word' id='word_1_606' title='bbox 1209 870 1429 904; x_wconf 84' lang='lat' dir='ltr'>haereticorum</span> <span class='ocrx_word' id='word_1_607' title='bbox 1441 867 1594 912; x_wconf 87' lang='lat' dir='ltr'>Principe</span> <span class='ocrx_word' id='word_1_608' title='bbox 1603 893 1614 908; x_wconf 92' lang='lat'>,</span> <span class='ocrx_word' id='word_1_609' title='bbox 1635 880 1702 902; x_wconf 90' lang='lat' dir='ltr'>non</span> <span class='ocrx_word' id='word_1_610' title='bbox 1715 868 1773 901; x_wconf 83' lang='lat' dir='ltr'>nifi</span> <span class='ocrx_word' id='word_1_611' title='bbox 1790 867 1962 903; x_wconf 86' lang='lat' dir='ltr'>Diabolica</span> <span class='ocrx_word' id='word_1_612' title='bbox 1973 869 2097 904; x_wconf 86' lang='lat' dir='ltr'>edenda</span> 
     </span>
     <span class='ocr_line' id='line_1_100' title="bbox 1210 917 2098 955; baseline 0.001 -1"><span class='ocrx_word' id='word_1_613' title='bbox 1210 920 1363 955; x_wconf 82' lang='lat' dir='ltr'>miracula</span> <span class='ocrx_word' id='word_1_614' title='bbox 1377 919 1514 953; x_wconf 83' lang='lat' dir='ltr'>affirmat</span> <span class='ocrx_word' id='word_1_615' title='bbox 1528 918 1561 953; x_wconf 93' lang='lat' dir='ltr'>in</span> <span class='ocrx_word' id='word_1_616' title='bbox 1575 917 1667 952; x_wconf 78' lang='lat' dir='ltr'>libris</span> <span class='ocrx_word' id='word_1_617' title='bbox 1679 918 1718 953; x_wconf 89' lang='lat' dir='ltr'>de</span> <span class='ocrx_word' id='word_1_618' title='bbox 1730 918 1795 952; x_wconf 89' lang='lat' dir='ltr'>Dei</span> <span class='ocrx_word' id='word_1_619' title='bbox 1807 918 1940 954; x_wconf 83' lang='lat' dir='ltr'>civitate</span> <span class='ocrx_word' id='word_1_620' title='bbox 1963 920 2098 955; x_wconf 73' lang='lat' dir='ltr'>Sanctus</span> 
     </span>
     <span class='ocr_line' id='line_1_101' title="bbox 1211 970 1432 1014; baseline -0.009 -10"><span class='ocrx_word' id='word_1_621' title='bbox 1211 970 1432 1014; x_wconf 75' lang='lat' dir='ltr'>Augustinus.</span> 
     </span>
    </p>

    <p class='ocr_par' dir='ltr' id='par_1_24' title="bbox 1207 1018 2269 2597">
     <span class='ocr_line' id='line_1_102' title="bbox 1258 1018 2096 1067; baseline 0.004 -15"><span class='ocrx_word' id='word_1_622' title='bbox 1258 1021 1340 1067; x_wconf 72' lang='lat' dir='ltr'>Quo</span> <span class='ocrx_word' id='word_1_623' title='bbox 1363 1020 1463 1065; x_wconf 85' lang='lat' dir='ltr'>igitur</span> <span class='ocrx_word' id='word_1_624' title='bbox 1484 1019 1572 1053; x_wconf 84' lang='lat' dir='ltr'>sensu</span> <span class='ocrx_word' id='word_1_625' title='bbox 1587 1018 1674 1053; x_wconf 91' lang='lat' dir='ltr'>idem</span> <span class='ocrx_word' id='word_1_626' title='bbox 1700 1018 1946 1064; x_wconf 85' lang='lat' dir='ltr'>Augustinusin</span> <span class='ocrx_word' id='word_1_627' title='bbox 1961 1020 2044 1055; x_wconf 86' lang='lat' dir='ltr'>libro</span> <span class='ocrx_word' id='word_1_628' title='bbox 2054 1020 2096 1055; x_wconf 89' lang='lat' dir='ltr'>de</span> 
     </span>
     <span class='ocr_line' id='line_1_103' title="bbox 1210 1068 2098 1110; baseline 0.001 -6"><span class='ocrx_word' id='word_1_629' title='bbox 1210 1070 1336 1104; x_wconf 87' lang='lat' dir='ltr'>unitate</span> <span class='ocrx_word' id='word_1_630' title='bbox 1358 1070 1507 1104; x_wconf 70' lang='lat' dir='ltr'>Ecclesiae</span> <span class='ocrx_word' id='word_1_631' title='bbox 1530 1070 1667 1104; x_wconf 86' lang='lat' dir='ltr'>affirmat</span> <span class='ocrx_word' id='word_1_632' title='bbox 1690 1081 1757 1103; x_wconf 87' lang='lat' dir='ltr'>non</span> <span class='ocrx_word' id='word_1_633' title='bbox 1782 1068 1885 1104; x_wconf 73' lang='lat' dir='ltr'>solum</span> <span class='ocrx_word' id='word_1_634' title='bbox 1908 1068 2098 1110; x_wconf 75' lang='lat' dir='ltr'>haereticos,</span> 
     </span>
     <span class='ocr_line' id='line_1_104' title="bbox 1212 1119 2101 1165; baseline 0.001 -12"><span class='ocrx_word' id='word_1_635' title='bbox 1212 1121 1262 1153; x_wconf 87' lang='lat' dir='ltr'>sed</span> <span class='ocrx_word' id='word_1_636' title='bbox 1276 1121 1403 1163; x_wconf 91' lang='lat' dir='ltr'>insuper</span> <span class='ocrx_word' id='word_1_637' title='bbox 1419 1119 1544 1161; x_wconf 82' lang='lat' dir='ltr'>Judaeos</span> <span class='ocrx_word' id='word_1_638' title='bbox 1555 1119 1587 1154; x_wconf 78' lang='lat' dir='ltr'>&lt;Sc</span> <span class='ocrx_word' id='word_1_639' title='bbox 1614 1119 1766 1165; x_wconf 87' lang='lat' dir='ltr'>Paganos</span> <span class='ocrx_word' id='word_1_640' title='bbox 1787 1119 1982 1164; x_wconf 84' lang='lat' dir='ltr'>quandoque</span> <span class='ocrx_word' id='word_1_641' title='bbox 1994 1120 2012 1153; x_wconf 73' lang='grc' dir='ltr'>ὲ</span> <span class='ocrx_word' id='word_1_642' title='bbox 2025 1121 2101 1154; x_wconf 89' lang='lat' dir='ltr'>Deo</span> 
     </span>
     <span class='ocr_line' id='line_1_105' title="bbox 1210 1167 2102 1217; baseline 0 -14"><span class='ocrx_word' id='word_1_643' title='bbox 1210 1170 1358 1203; x_wconf 86' lang='lat' dir='ltr'>exaudiri</span> <span class='ocrx_word' id='word_1_644' title='bbox 1380 1170 1480 1203; x_wconf 85' lang='lat' dir='ltr'>etiam</span> <span class='ocrx_word' id='word_1_645' title='bbox 1501 1169 1543 1203; x_wconf 92' lang='lat' dir='ltr'>ad</span> <span class='ocrx_word' id='word_1_646' title='bbox 1565 1169 1683 1212; x_wconf 82' lang='lat' dir='ltr'>gratias</span> <span class='ocrx_word' id='word_1_647' title='bbox 1694 1167 1931 1205; x_wconf 85' lang='lat' dir='ltr'>curationum?</span> <span class='ocrx_word' id='word_1_648' title='bbox 1957 1169 2050 1217; x_wconf 85' lang='lat' dir='ltr'>Qin</span> <span class='ocrx_word' id='word_1_649' title='bbox 2065 1170 2102 1203; x_wconf 87' lang='lat'>&amp;</span> 
     </span>
     <span class='ocr_line' id='line_1_106' title="bbox 1213 1217 2104 1262; baseline 0 -10"><span class='ocrx_word' id='word_1_650' title='bbox 1213 1218 1282 1262; x_wconf 89' lang='lat' dir='ltr'>post</span> <span class='ocrx_word' id='word_1_651' title='bbox 1301 1217 1427 1253; x_wconf 84' lang='lat' dir='ltr'>laudata</span> <span class='ocrx_word' id='word_1_652' title='bbox 1440 1241 1451 1257; x_wconf 91' lang='lat'>,</span> <span class='ocrx_word' id='word_1_653' title='bbox 1476 1230 1548 1261; x_wconf 80' lang='lat' dir='ltr'>quae</span> <span class='ocrx_word' id='word_1_654' title='bbox 1568 1217 1654 1260; x_wconf 86' lang='lat' dir='ltr'>apud</span> <span class='ocrx_word' id='word_1_655' title='bbox 1676 1229 1737 1251; x_wconf 87' lang='lat' dir='ltr'>nos</span> <span class='ocrx_word' id='word_1_656' title='bbox 1757 1219 1865 1258; x_wconf 85' lang='lat' dir='ltr'>fiunt,</span> <span class='ocrx_word' id='word_1_657' title='bbox 1891 1219 2104 1262; x_wconf 82' lang='lat' dir='ltr'>frequentiffi-</span> 
     </span>
     <span class='ocr_line' id='line_1_107' title="bbox 1213 1267 2249 1314; baseline 0 -12"><span class='ocrx_word' id='word_1_658' title='bbox 1213 1280 1264 1303; x_wconf 83' lang='lat' dir='ltr'>ma</span> <span class='ocrx_word' id='word_1_659' title='bbox 1275 1269 1429 1303; x_wconf 85' lang='lat' dir='ltr'>miracula</span> <span class='ocrx_word' id='word_1_660' title='bbox 1442 1267 1593 1313; x_wconf 84' lang='lat' dir='ltr'>adjungit</span> <span class='ocrx_word' id='word_1_661' title='bbox 1607 1280 1614 1299; x_wconf 73' lang='grc' dir='ltr'><em>ι</em></span> <span class='ocrx_word' id='word_1_662' title='bbox 1643 1269 1844 1311; x_wconf 73' lang='lat' dir='ltr'>‚Quaecumque</span> <span class='ocrx_word' id='word_1_663' title='bbox 1858 1269 1934 1301; x_wconf 80' lang='lat' dir='ltr'>talia</span> <span class='ocrx_word' id='word_1_664' title='bbox 1945 1274 1978 1301; x_wconf 82' lang='lat' dir='ltr'>in</span> <span class='ocrx_word' id='word_1_665' title='bbox 1994 1267 2105 1302; x_wconf 84' lang='lat' dir='ltr'>Catho—</span> <span class='ocrx_word' id='word_1_666' title='bbox 2122 1275 2194 1314; x_wconf 77' lang='lat' dir='ltr'>Cap.</span> <span class='ocrx_word' id='word_1_667' title='bbox 2204 1284 2249 1311; x_wconf 69' lang='grc' dir='ltr'>ις.</span> 
     </span>
     <span class='ocr_line' id='line_1_108' title="bbox 1210 1318 2102 1360; baseline -0.001 -8"><span class='ocrx_word' id='word_1_668' title='bbox 1210 1320 1268 1352; x_wconf 82' lang='lat' dir='ltr'>lica</span> <span class='ocrx_word' id='word_1_669' title='bbox 1273 1318 1352 1360; x_wconf 82' lang='lat' dir='ltr'>fiunt</span> <span class='ocrx_word' id='word_1_670' title='bbox 1365 1343 1376 1359; x_wconf 90' lang='lat'>,</span> <span class='ocrx_word' id='word_1_671' title='bbox 1403 1320 1471 1352; x_wconf 66' lang='lat' dir='ltr'>ideo</span> <span class='ocrx_word' id='word_1_672' title='bbox 1477 1320 1552 1360; x_wconf 88' lang='lat' dir='ltr'>sunt</span> <span class='ocrx_word' id='word_1_673' title='bbox 1564 1318 1761 1359; x_wconf 76' lang='lat' dir='ltr'>approbanda</span> <span class='ocrx_word' id='word_1_674' title='bbox 1771 1342 1782 1358; x_wconf 95' lang='lat'>‚</span> <span class='ocrx_word' id='word_1_675' title='bbox 1808 1323 1881 1358; x_wconf 84' lang='lat' dir='ltr'>quia</span> <span class='ocrx_word' id='word_1_676' title='bbox 1902 1323 1935 1350; x_wconf 83' lang='lat' dir='ltr'>in</span> <span class='ocrx_word' id='word_1_677' title='bbox 1948 1318 2102 1352; x_wconf 60' lang='lat' dir='ltr'>Catholtca</span> 
     </span>
     <span class='ocr_line' id='line_1_109' title="bbox 1209 1365 2103 1411; baseline 0 -9"><span class='ocrx_word' id='word_1_678' title='bbox 1209 1369 1286 1411; x_wconf 82' lang='lat' dir='ltr'>fiunt</span> <span class='ocrx_word' id='word_1_679' title='bbox 1300 1393 1311 1410; x_wconf 87' lang='lat'>,</span> <span class='ocrx_word' id='word_1_680' title='bbox 1337 1380 1395 1401; x_wconf 81' lang='lat' dir='ltr'>non</span> <span class='ocrx_word' id='word_1_681' title='bbox 1418 1368 1483 1402; x_wconf 71' lang='lat' dir='ltr'>ideo</span> <span class='ocrx_word' id='word_1_682' title='bbox 1505 1366 1572 1410; x_wconf 82' lang='lat' dir='ltr'>ipsa</span> <span class='ocrx_word' id='word_1_683' title='bbox 1601 1367 1808 1409; x_wconf 70' lang='lat' dir='ltr'>manifestatur</span> <span class='ocrx_word' id='word_1_684' title='bbox 1828 1365 1982 1401; x_wconf 72' lang='lat' dir='ltr'>catholica</span> <span class='ocrx_word' id='word_1_685' title='bbox 1994 1393 2005 1409; x_wconf 92' lang='lat'>,</span> <span class='ocrx_word' id='word_1_686' title='bbox 2030 1373 2103 1410; x_wconf 75' lang='lat' dir='ltr'>quia</span> 
     </span>
     <span class='ocr_line' id='line_1_110' title="bbox 1213 1415 2104 1460; baseline 0.001 -9"><span class='ocrx_word' id='word_1_687' title='bbox 1213 1419 1274 1451; x_wconf 77' lang='lat' dir='ltr'>baec</span> <span class='ocrx_word' id='word_1_688' title='bbox 1288 1423 1320 1451; x_wconf 79' lang='lat' dir='ltr'>in</span> <span class='ocrx_word' id='word_1_689' title='bbox 1330 1429 1369 1452; x_wconf 85' lang='lat' dir='ltr'>ea</span> <span class='ocrx_word' id='word_1_690' title='bbox 1375 1417 1456 1460; x_wconf 82' lang='lat' dir='ltr'>fiunt</span> <span class='ocrx_word' id='word_1_691' title='bbox 1467 1443 1476 1453; x_wconf 89' lang='lat'><strong>.</strong></span> <span class='ocrx_word' id='word_1_692' title='bbox 1501 1415 1644 1452; x_wconf 84' lang='lat' dir='ltr'>Videtur</span> <span class='ocrx_word' id='word_1_693' title='bbox 1656 1428 1731 1451; x_wconf 87' lang='lat' dir='ltr'>cum</span> <span class='ocrx_word' id='word_1_694' title='bbox 1745 1416 1956 1451; x_wconf 85' lang='lat' dir='ltr'>Tertulliano</span> <span class='ocrx_word' id='word_1_695' title='bbox 1969 1418 2104 1452; x_wconf 87' lang='lat' dir='ltr'>affirma·</span> 
     </span>
     <span class='ocr_line' id='line_1_111' title="bbox 1215 1466 2104 1512; baseline 0.001 -11"><span class='ocrx_word' id='word_1_696' title='bbox 1215 1480 1271 1509; x_wconf 87' lang='lat' dir='ltr'>re,</span> <span class='ocrx_word' id='word_1_697' title='bbox 1298 1468 1388 1512; x_wconf 80' lang='lat' dir='ltr'>quod</span> <span class='ocrx_word' id='word_1_698' title='bbox 1402 1466 1550 1509; x_wconf 76' lang='lat' dir='ltr'>solaejam</span> <span class='ocrx_word' id='word_1_699' title='bbox 1565 1467 1691 1500; x_wconf 86' lang='lat' dir='ltr'>valeant</span> <span class='ocrx_word' id='word_1_700' title='bbox 1714 1466 2042 1508; x_wconf 78' lang='lat' dir='ltr'>Canonicaelittetae,</span> <span class='ocrx_word' id='word_1_701' title='bbox 2069 1469 2104 1502; x_wconf 77' lang='grc' dir='ltr'>ὄε</span> 
     </span>
     <span class='ocr_line' id='line_1_112' title="bbox 1215 1516 2105 1553; baseline -0.002 0"><span class='ocrx_word' id='word_1_702' title='bbox 1215 1520 1328 1553; x_wconf 62' lang='lat' dir='ltr'>cuncta</span> <span class='ocrx_word' id='word_1_703' title='bbox 1352 1517 1508 1552; x_wconf 85' lang='lat' dir='ltr'>miracula</span> <span class='ocrx_word' id='word_1_704' title='bbox 1534 1517 1594 1552; x_wconf 84' lang='lat' dir='ltr'>fint</span> <span class='ocrx_word' id='word_1_705' title='bbox 1607 1517 1625 1550; x_wconf 77' lang='grc' dir='ltr'>ὲ</span> <span class='ocrx_word' id='word_1_706' title='bbox 1638 1516 1771 1551; x_wconf 87' lang='lat' dir='ltr'>Christo</span> <span class='ocrx_word' id='word_1_707' title='bbox 1784 1518 1937 1551; x_wconf 89' lang='lat' dir='ltr'>Domino</span> <span class='ocrx_word' id='word_1_708' title='bbox 1947 1516 2105 1552; x_wconf 84' lang='lat' dir='ltr'>exautho-</span> 
     </span>
     <span class='ocr_line' id='line_1_113' title="bbox 1216 1565 2105 1611; baseline -0.003 -8"><span class='ocrx_word' id='word_1_709' title='bbox 1216 1579 1281 1603; x_wconf 81' lang='lat' dir='ltr'>rata</span> <span class='ocrx_word' id='word_1_710' title='bbox 1293 1594 1300 1600; x_wconf 96' lang='lat'>.</span> <span class='ocrx_word' id='word_1_711' title='bbox 1328 1567 1526 1611; x_wconf 85' lang='lat' dir='ltr'>Respondeo</span> <span class='ocrx_word' id='word_1_712' title='bbox 1540 1591 1552 1607; x_wconf 89' lang='lat'>,</span> <span class='ocrx_word' id='word_1_713' title='bbox 1578 1566 1666 1601; x_wconf 89' lang='lat' dir='ltr'>aliud</span> <span class='ocrx_word' id='word_1_714' title='bbox 1689 1567 1752 1601; x_wconf 82' lang='lat' dir='ltr'>effe</span> <span class='ocrx_word' id='word_1_715' title='bbox 1775 1565 1939 1601; x_wconf 72' lang='lat' dir='ltr'>haereticos</span> <span class='ocrx_word' id='word_1_716' title='bbox 1956 1567 1974 1601; x_wconf 71' lang='lat' dir='ltr'>a</span> <span class='ocrx_word' id='word_1_717' title='bbox 1987 1568 2105 1602; x_wconf 89' lang='lat' dir='ltr'>Domi-</span> 
     </span>
     <span class='ocr_line' id='line_1_114' title="bbox 1218 1615 2106 1660; baseline -0.001 -8"><span class='ocrx_word' id='word_1_718' title='bbox 1218 1618 1347 1653; x_wconf 87' lang='lat' dir='ltr'>noDeo</span> <span class='ocrx_word' id='word_1_719' title='bbox 1359 1617 1505 1652; x_wconf 83' lang='lat' dir='ltr'>exaudiri</span> <span class='ocrx_word' id='word_1_720' title='bbox 1518 1617 1559 1651; x_wconf 93' lang='lat' dir='ltr'>ad</span> <span class='ocrx_word' id='word_1_721' title='bbox 1581 1615 1764 1656; x_wconf 80' lang='lat' dir='ltr'>faciendas,</span> <span class='ocrx_word' id='word_1_722' title='bbox 1790 1615 1879 1652; x_wconf 88' lang='lat' dir='ltr'>aliud</span> <span class='ocrx_word' id='word_1_723' title='bbox 1904 1618 1990 1660; x_wconf 83' lang='lat' dir='ltr'>ipsos</span> <span class='ocrx_word' id='word_1_724' title='bbox 2002 1628 2106 1651; x_wconf 80' lang='lat' dir='ltr'>exau-</span> 
     </span>
     <span class='ocr_line' id='line_1_115' title="bbox 1216 1667 2104 1712; baseline -0.002 -10"><span class='ocrx_word' id='word_1_725' title='bbox 1216 1669 1277 1703; x_wconf 89' lang='lat' dir='ltr'>diri</span> <span class='ocrx_word' id='word_1_726' title='bbox 1291 1667 1331 1702; x_wconf 89' lang='lat' dir='ltr'>ad</span> <span class='ocrx_word' id='word_1_727' title='bbox 1343 1667 1547 1711; x_wconf 88' lang='lat' dir='ltr'>accipiendas</span> <span class='ocrx_word' id='word_1_728' title='bbox 1557 1668 1676 1712; x_wconf 83' lang='lat' dir='ltr'>gratias</span> <span class='ocrx_word' id='word_1_729' title='bbox 1689 1667 1882 1702; x_wconf 84' lang='lat' dir='ltr'>sanitatum.</span> <span class='ocrx_word' id='word_1_730' title='bbox 1910 1667 2024 1701; x_wconf 86' lang='lat' dir='ltr'>Solum</span> <span class='ocrx_word' id='word_1_731' title='bbox 2049 1679 2104 1711; x_wconf 92' lang='lat' dir='ltr'>po·</span> 
     </span>
     <span class='ocr_line' id='line_1_116' title="bbox 1218 1716 2104 1763; baseline -0.005 -11"><span class='ocrx_word' id='word_1_732' title='bbox 1218 1719 1368 1752; x_wconf 82' lang='lat' dir='ltr'>stremum</span> <span class='ocrx_word' id='word_1_733' title='bbox 1393 1717 1599 1763; x_wconf 84' lang='lat' dir='ltr'>Augustinus</span> <span class='ocrx_word' id='word_1_734' title='bbox 1623 1717 1754 1758; x_wconf 70' lang='lat' dir='ltr'>asserit,</span> <span class='ocrx_word' id='word_1_735' title='bbox 1777 1718 1810 1751; x_wconf 71' lang='grc' dir='ltr'>ὅ(</span> <span class='ocrx_word' id='word_1_736' title='bbox 1829 1716 1884 1751; x_wconf 89' lang='lat' dir='ltr'>dat</span> <span class='ocrx_word' id='word_1_737' title='bbox 1905 1718 2034 1751; x_wconf 76' lang='lat' dir='ltr'>eausam</span> <span class='ocrx_word' id='word_1_738' title='bbox 2056 1716 2104 1750; x_wconf 88' lang='lat' dir='ltr'>di-</span> 
     </span>
     <span class='ocr_line' id='line_1_117' title="bbox 1216 1764 2104 1808; baseline -0.001 -7"><span class='ocrx_word' id='word_1_739' title='bbox 1216 1764 1295 1802; x_wconf 70' lang='lat' dir='ltr'>cens&#39;</span> <span class='ocrx_word' id='word_1_740' title='bbox 1313 1769 1346 1802; x_wconf 87' lang='lat' dir='ltr'>id</span> <span class='ocrx_word' id='word_1_741' title='bbox 1374 1768 1463 1808; x_wconf 90' lang='lat' dir='ltr'>fieri,</span> <span class='ocrx_word' id='word_1_742' title='bbox 1492 1766 1545 1800; x_wconf 82' lang='lat' dir='ltr'>vel</span> <span class='ocrx_word' id='word_1_743' title='bbox 1564 1766 1605 1800; x_wconf 86' lang='lat' dir='ltr'>ad</span> <span class='ocrx_word' id='word_1_744' title='bbox 1618 1777 1746 1808; x_wconf 85' lang='lat' dir='ltr'>poenam</span> <span class='ocrx_word' id='word_1_745' title='bbox 1760 1765 1892 1799; x_wconf 71' lang='lat' dir='ltr'>malitiae</span> <span class='ocrx_word' id='word_1_746' title='bbox 1904 1767 1955 1800; x_wconf 88' lang='lat' dir='ltr'>vel</span> <span class='ocrx_word' id='word_1_747' title='bbox 1968 1766 2008 1799; x_wconf 81' lang='lat' dir='ltr'>ad</span> <span class='ocrx_word' id='word_1_748' title='bbox 2027 1765 2104 1800; x_wconf 81' lang='lat' dir='ltr'>sola-</span> 
     </span>
     <span class='ocr_line' id='line_1_118' title="bbox 1217 1812 2108 1853; baseline -0.002 -2"><span class='ocrx_word' id='word_1_749' title='bbox 1217 1819 1333 1851; x_wconf 85' lang='lat' dir='ltr'>latium</span> <span class='ocrx_word' id='word_1_750' title='bbox 1356 1816 1511 1853; x_wconf 68' lang='lat' dir='ltr'>miseriae,</span> <span class='ocrx_word' id='word_1_751' title='bbox 1538 1815 1588 1848; x_wconf 87' lang='lat' dir='ltr'>vel</span> <span class='ocrx_word' id='word_1_752' title='bbox 1602 1813 1642 1845; x_wconf 83' lang='lat' dir='ltr'>ad</span> <span class='ocrx_word' id='word_1_753' title='bbox 1657 1812 1876 1847; x_wconf 86' lang='lat' dir='ltr'>monitionem</span> <span class='ocrx_word' id='word_1_754' title='bbox 1900 1815 2011 1849; x_wconf 85' lang='lat' dir='ltr'>salutis</span> <span class='ocrx_word' id='word_1_755' title='bbox 2022 1827 2108 1849; x_wconf 82' lang='lat' dir='ltr'>aeter-</span> 
     </span>
     <span class='ocr_line' id='line_1_119' title="bbox 1218 1863 2106 1908; baseline -0.001 -8"><span class='ocrx_word' id='word_1_756' title='bbox 1218 1878 1282 1900; x_wconf 81' lang='lat' dir='ltr'>nae.</span> <span class='ocrx_word' id='word_1_757' title='bbox 1311 1865 1476 1908; x_wconf 85' lang='lat' dir='ltr'>Loquitur</span> <span class='ocrx_word' id='word_1_758' title='bbox 1496 1873 1572 1896; x_wconf 90' lang='lat' dir='ltr'>cum</span> <span class='ocrx_word' id='word_1_759' title='bbox 1595 1863 1829 1902; x_wconf 88' lang='lat' dir='ltr'>Tertulliano,</span> <span class='ocrx_word' id='word_1_760' title='bbox 1855 1865 1911 1906; x_wconf 86' lang='lat' dir='ltr'>qui</span> <span class='ocrx_word' id='word_1_761' title='bbox 1931 1865 1965 1898; x_wconf 73' lang='grc' dir='ltr'>ὃς</span> <span class='ocrx_word' id='word_1_762' title='bbox 1990 1865 2106 1907; x_wconf 86' lang='lat' dir='ltr'>ipsein</span> 
     </span>
     <span class='ocr_line' id='line_1_120' title="bbox 1220 1910 2108 1949; baseline 0 -1"><span class='ocrx_word' id='word_1_763' title='bbox 1220 1916 1302 1949; x_wconf 84' lang='lat' dir='ltr'>libro</span> <span class='ocrx_word' id='word_1_764' title='bbox 1324 1915 1366 1946; x_wconf 88' lang='lat' dir='ltr'>de</span> <span class='ocrx_word' id='word_1_765' title='bbox 1388 1913 1511 1945; x_wconf 83' lang='lat' dir='ltr'>Anima</span> <span class='ocrx_word' id='word_1_766' title='bbox 1523 1910 1633 1944; x_wconf 87' lang='lat' dir='ltr'>laudat</span> <span class='ocrx_word' id='word_1_767' title='bbox 1654 1922 1691 1945; x_wconf 88' lang='lat' dir='ltr'>ac</span> <span class='ocrx_word' id='word_1_768' title='bbox 1702 1921 1873 1946; x_wconf 88' lang='lat' dir='ltr'>enumerat</span> <span class='ocrx_word' id='word_1_769' title='bbox 1887 1913 2037 1948; x_wconf 82' lang='lat' dir='ltr'>Ecclefiae</span> <span class='ocrx_word' id='word_1_770' title='bbox 2049 1915 2108 1948; x_wconf 86' lang='lat' dir='ltr'>mi-</span> 
     </span>
     <span class='ocr_line' id='line_1_121' title="bbox 1218 1960 2269 2005; baseline 0.003 -9"><span class='ocrx_word' id='word_1_771' title='bbox 1218 1962 1326 1996; x_wconf 83' lang='lat' dir='ltr'>racula</span> <span class='ocrx_word' id='word_1_772' title='bbox 1339 1985 1350 2001; x_wconf 88' lang='lat'>,</span> <span class='ocrx_word' id='word_1_773' title='bbox 1375 1969 1472 2005; x_wconf 84' lang='lat' dir='ltr'>atque</span> <span class='ocrx_word' id='word_1_774' title='bbox 1492 1960 1664 2005; x_wconf 87' lang='lat' dir='ltr'>adjungit:</span> <span class='ocrx_word' id='word_1_775' title='bbox 1690 1962 1721 1993; x_wconf 75' lang='lat'>51</span> <span class='ocrx_word' id='word_1_776' title='bbox 1744 1962 1876 2003; x_wconf 71' lang='lat' dir='ltr'>&amp;apud</span> <span class='ocrx_word' id='word_1_777' title='bbox 1888 1962 2034 1998; x_wconf 84' lang='lat' dir='ltr'>Etbnicos</span> <span class='ocrx_word' id='word_1_778' title='bbox 2044 1966 2106 1998; x_wconf 82' lang='lat' dir='ltr'>tale</span> <span class='ocrx_word' id='word_1_779' title='bbox 2125 1961 2195 2000; x_wconf 63' lang='lat' dir='ltr'>CaP·</span> <span class='ocrx_word' id='word_1_780' title='bbox 2217 1969 2269 1998; x_wconf 83' lang='lat'>5¹·</span> 
     </span>
     <span class='ocr_line' id='line_1_122' title="bbox 1217 2010 2107 2058; baseline 0.006 -14"><span class='ocrx_word' id='word_1_781' title='bbox 1217 2012 1293 2055; x_wconf 82' lang='lat' dir='ltr'>quid</span> <span class='ocrx_word' id='word_1_782' title='bbox 1312 2012 1448 2045; x_wconf 77' lang='lat' dir='ltr'>traditur</span> <span class='ocrx_word' id='word_1_783' title='bbox 1460 2035 1470 2051; x_wconf 85' lang='lat'>,</span> <span class='ocrx_word' id='word_1_784' title='bbox 1496 2010 1600 2053; x_wconf 85' lang='lat' dir='ltr'>ubique</span> <span class='ocrx_word' id='word_1_785' title='bbox 1612 2013 1693 2044; x_wconf 86' lang='lat' dir='ltr'>Deus</span> <span class='ocrx_word' id='word_1_786' title='bbox 1710 2010 1865 2054; x_wconf 84' lang='lat' dir='ltr'>potestatis</span> <span class='ocrx_word' id='word_1_787' title='bbox 1875 2011 1940 2055; x_wconf 79' lang='lat' dir='ltr'>ficae</span> <span class='ocrx_word' id='word_1_788' title='bbox 1946 2013 2032 2058; x_wconf 76' lang='lat' dir='ltr'>signa</span> <span class='ocrx_word' id='word_1_789' title='bbox 2038 2023 2107 2057; x_wconf 81' lang='lat' dir='ltr'>pro-</span> 
     </span>
     <span class='ocr_line' id='line_1_123' title="bbox 1214 2058 2104 2104; baseline 0.003 -9"><span class='ocrx_word' id='word_1_790' title='bbox 1214 2067 1298 2104; x_wconf 79' lang='lat' dir='ltr'>ponit</span> <span class='ocrx_word' id='word_1_791' title='bbox 1311 2086 1322 2102; x_wconf 93' lang='lat'>,</span> <span class='ocrx_word' id='word_1_792' title='bbox 1343 2059 1405 2104; x_wconf 78' lang='lat' dir='ltr'>suis</span> <span class='ocrx_word' id='word_1_793' title='bbox 1428 2067 1461 2094; x_wconf 84' lang='lat' dir='ltr'>in</span> <span class='ocrx_word' id='word_1_794' title='bbox 1476 2058 1637 2103; x_wconf 75' lang='lat' dir='ltr'>solatium,</span> <span class='ocrx_word' id='word_1_795' title='bbox 1662 2069 1820 2095; x_wconf 77' lang='lat' dir='ltr'>extraneis</span> <span class='ocrx_word' id='word_1_796' title='bbox 1847 2068 1878 2094; x_wconf 82' lang='lat' dir='ltr'>in</span> <span class='ocrx_word' id='word_1_797' title='bbox 1891 2063 2104 2103; x_wconf 78' lang='lat' dir='ltr'>testimonium.</span> 
     </span>
     <span class='ocr_line' id='line_1_124' title="bbox 1218 2111 2108 2154; baseline 0.004 -8"><span class='ocrx_word' id='word_1_798' title='bbox 1218 2112 1344 2147; x_wconf 86' lang='lat' dir='ltr'>Neuter</span> <span class='ocrx_word' id='word_1_799' title='bbox 1357 2111 1524 2151; x_wconf 81' lang='lat' dir='ltr'>miracula,</span> <span class='ocrx_word' id='word_1_800' title='bbox 1537 2111 1589 2145; x_wconf 92' lang='lat' dir='ltr'>sed</span> <span class='ocrx_word' id='word_1_801' title='bbox 1603 2111 1776 2146; x_wconf 83' lang='lat' dir='ltr'>dumtaxat</span> <span class='ocrx_word' id='word_1_802' title='bbox 1789 2111 1901 2154; x_wconf 82' lang='lat' dir='ltr'>vidua,</span> <span class='ocrx_word' id='word_1_803' title='bbox 1913 2115 1965 2148; x_wconf 88' lang='lat' dir='ltr'>seu</span> <span class='ocrx_word' id='word_1_804' title='bbox 1978 2114 1996 2148; x_wconf 74' lang='lat' dir='ltr'>a</span> <span class='ocrx_word' id='word_1_805' title='bbox 2009 2114 2108 2150; x_wconf 90' lang='lat' dir='ltr'>Chri-</span> 
     </span>
     <span class='ocr_line' id='line_1_125' title="bbox 1218 2161 2106 2207; baseline 0.006 -12"><span class='ocrx_word' id='word_1_806' title='bbox 1218 2161 1318 2196; x_wconf 83' lang='lat' dir='ltr'>stiana</span> <span class='ocrx_word' id='word_1_807' title='bbox 1331 2161 1396 2195; x_wconf 88' lang='lat' dir='ltr'>vita</span> <span class='ocrx_word' id='word_1_808' title='bbox 1409 2185 1420 2200; x_wconf 99' lang='lat'>,</span> <span class='ocrx_word' id='word_1_809' title='bbox 1447 2172 1485 2195; x_wconf 90' lang='lat' dir='ltr'>ac</span> <span class='ocrx_word' id='word_1_810' title='bbox 1497 2162 1666 2204; x_wconf 68' lang='lat' dir='ltr'>prasertim</span> <span class='ocrx_word' id='word_1_811' title='bbox 1677 2161 1694 2194; x_wconf 71' lang='lat' dir='ltr'>a</span> <span class='ocrx_word' id='word_1_812' title='bbox 1704 2163 1791 2196; x_wconf 62' lang='lat' dir='ltr'>recto</span> <span class='ocrx_word' id='word_1_813' title='bbox 1802 2163 1958 2207; x_wconf 84' lang='lat' dir='ltr'>dogmate</span> <span class='ocrx_word' id='word_1_814' title='bbox 1969 2164 2106 2199; x_wconf 80' lang='lat' dir='ltr'>destitu-</span> 
     </span>
     <span class='ocr_line' id='line_1_126' title="bbox 1217 2210 2107 2250; baseline 0.004 -4"><span class='ocrx_word' id='word_1_815' title='bbox 1217 2222 1248 2246; x_wconf 90' lang='lat' dir='ltr'>ta</span> <span class='ocrx_word' id='word_1_816' title='bbox 1264 2211 1418 2246; x_wconf 87' lang='lat' dir='ltr'>miracula</span> <span class='ocrx_word' id='word_1_817' title='bbox 1427 2211 1562 2245; x_wconf 86' lang='lat' dir='ltr'>affirmat</span> <span class='ocrx_word' id='word_1_818' title='bbox 1582 2211 1600 2244; x_wconf 74' lang='lat' dir='ltr'>a</span> <span class='ocrx_word' id='word_1_819' title='bbox 1625 2210 1759 2247; x_wconf 87' lang='lat' dir='ltr'>Christo</span> <span class='ocrx_word' id='word_1_820' title='bbox 1773 2212 1926 2247; x_wconf 90' lang='lat' dir='ltr'>Domino</span> <span class='ocrx_word' id='word_1_821' title='bbox 1947 2214 2107 2250; x_wconf 79' lang='lat' dir='ltr'>exanthe-</span> 
     </span>
     <span class='ocr_line' id='line_1_127' title="bbox 1217 2260 2107 2306; baseline 0.002 -10"><span class='ocrx_word' id='word_1_822' title='bbox 1217 2272 1298 2296; x_wconf 87' lang='lat' dir='ltr'>rata.</span> <span class='ocrx_word' id='word_1_823' title='bbox 1327 2261 1494 2295; x_wconf 84' lang='lat' dir='ltr'>Alludunt</span> <span class='ocrx_word' id='word_1_824' title='bbox 1516 2260 1557 2294; x_wconf 92' lang='lat' dir='ltr'>ad</span> <span class='ocrx_word' id='word_1_825' title='bbox 1581 2260 1769 2305; x_wconf 66' lang='lat' dir='ltr'>vigesimum</span> <span class='ocrx_word' id='word_1_826' title='bbox 1785 2273 1936 2306; x_wconf 83' lang='lat' dir='ltr'>quartum</span> <span class='ocrx_word' id='word_1_827' title='bbox 1966 2265 1997 2298; x_wconf 91' lang='lat' dir='ltr'>S.</span> <span class='ocrx_word' id='word_1_828' title='bbox 2011 2265 2107 2300; x_wconf 81' lang='lat' dir='ltr'>Mat-</span> 
     </span>
     <span class='ocr_line' id='line_1_128' title="bbox 1216 2310 2108 2357; baseline 0.004 -11"><span class='ocrx_word' id='word_1_829' title='bbox 1216 2311 1416 2355; x_wconf 82' lang='lat' dir='ltr'>thaeicaput‚</span> <span class='ocrx_word' id='word_1_830' title='bbox 1442 2310 1500 2345; x_wconf 90' lang='lat' dir='ltr'>ubi</span> <span class='ocrx_word' id='word_1_831' title='bbox 1521 2311 1648 2346; x_wconf 87' lang='lat' dir='ltr'>fallacia</span> <span class='ocrx_word' id='word_1_832' title='bbox 1673 2311 1979 2348; x_wconf 88' lang='lat' dir='ltr'>Anti-Christorutn</span> <span class='ocrx_word' id='word_1_833' title='bbox 2002 2316 2108 2357; x_wconf 83' lang='lat' dir='ltr'>prodi-</span> 
     </span>
     <span class='ocr_line' id='line_1_129' title="bbox 1215 2360 2106 2410; baseline 0.004 -15"><span class='ocrx_word' id='word_1_834' title='bbox 1215 2364 1268 2407; x_wconf 90' lang='lat' dir='ltr'>gia</span> <span class='ocrx_word' id='word_1_835' title='bbox 1281 2360 1429 2396; x_wconf 83' lang='lat' dir='ltr'>Christus</span> <span class='ocrx_word' id='word_1_836' title='bbox 1442 2362 1609 2395; x_wconf 87' lang='lat' dir='ltr'>Dominus</span> <span class='ocrx_word' id='word_1_837' title='bbox 1622 2363 1753 2396; x_wconf 89' lang='lat' dir='ltr'>monuit</span> <span class='ocrx_word' id='word_1_838' title='bbox 1767 2362 1913 2397; x_wconf 86' lang='lat' dir='ltr'>vitanda.</span> <span class='ocrx_word' id='word_1_839' title='bbox 1943 2364 2026 2410; x_wconf 82' lang='lat' dir='ltr'>Qae</span> <span class='ocrx_word' id='word_1_840' title='bbox 2036 2375 2106 2400; x_wconf 90' lang='lat' dir='ltr'>om·</span> 
     </span>
     <span class='ocr_line' id='line_1_130' title="bbox 1216 2410 2106 2456; baseline 0.006 -11"><span class='ocrx_word' id='word_1_841' title='bbox 1216 2412 1269 2446; x_wconf 89' lang='lat' dir='ltr'>nia</span> <span class='ocrx_word' id='word_1_842' title='bbox 1280 2410 1364 2456; x_wconf 87' lang='lat' dir='ltr'>apud</span> <span class='ocrx_word' id='word_1_843' title='bbox 1378 2413 1406 2446; x_wconf 88' lang='lat' dir='ltr'>S.</span> <span class='ocrx_word' id='word_1_844' title='bbox 1419 2411 1580 2455; x_wconf 87' lang='lat' dir='ltr'>Justinum</span> <span class='ocrx_word' id='word_1_845' title='bbox 1594 2411 1775 2455; x_wconf 88' lang='lat' dir='ltr'>Martyrem</span> <span class='ocrx_word' id='word_1_846' title='bbox 1787 2412 1885 2447; x_wconf 83' lang='lat' dir='ltr'>tradit</span> <span class='ocrx_word' id='word_1_847' title='bbox 1895 2413 1994 2449; x_wconf 81' lang='lat' dir='ltr'>etiam</span> <span class='ocrx_word' id='word_1_848' title='bbox 2007 2413 2106 2450; x_wconf 77' lang='lat' dir='ltr'>Chri·</span> 
     </span>
     <span class='ocr_line' id='line_1_131' title="bbox 1207 2461 2106 2508; baseline 0.003 -13"><span class='ocrx_word' id='word_1_849' title='bbox 1207 2461 1387 2496; x_wconf 79' lang='lat' dir='ltr'>stianarum</span> <span class='ocrx_word' id='word_1_850' title='bbox 1404 2461 1628 2508; x_wconf 81' lang='lat' dir='ltr'>Qaestionum</span> <span class='ocrx_word' id='word_1_851' title='bbox 1641 2461 1795 2503; x_wconf 73' lang='lat' dir='ltr'>Ambor,</span> <span class='ocrx_word' id='word_1_852' title='bbox 1822 2463 1990 2507; x_wconf 79' lang='lat' dir='ltr'>insigniter</span> <span class='ocrx_word' id='word_1_853' title='bbox 1999 2464 2106 2499; x_wconf 80' lang='lat' dir='ltr'>osten-</span> 
     </span>
     <span class='ocr_line' id='line_1_132' title="bbox 1213 2510 2105 2550; baseline 0.004 -5"><span class='ocrx_word' id='word_1_854' title='bbox 1213 2511 1291 2545; x_wconf 87' lang='lat' dir='ltr'>dens</span> <span class='ocrx_word' id='word_1_855' title='bbox 1304 2510 1482 2546; x_wconf 90' lang='lat' dir='ltr'>istiusmodi</span> <span class='ocrx_word' id='word_1_856' title='bbox 1496 2512 1651 2547; x_wconf 85' lang='lat' dir='ltr'>miracula</span> <span class='ocrx_word' id='word_1_857' title='bbox 1665 2512 1846 2547; x_wconf 71' lang='lat' dir='ltr'>nullatenus</span> <span class='ocrx_word' id='word_1_858' title='bbox 1857 2514 1920 2548; x_wconf 80' lang='lat' dir='ltr'>effe</span> <span class='ocrx_word' id='word_1_859' title='bbox 1933 2515 2105 2550; x_wconf 86' lang='lat' dir='ltr'>confirma·</span> 
     </span>
     <span class='ocr_line' id='line_1_133' title="bbox 1213 2561 1635 2597; baseline -0.005 0"><span class='ocrx_word' id='word_1_860' title='bbox 1213 2563 1339 2597; x_wconf 87' lang='lat' dir='ltr'>tionem</span> <span class='ocrx_word' id='word_1_861' title='bbox 1352 2561 1492 2596; x_wconf 88' lang='lat' dir='ltr'>haeretici</span> <span class='ocrx_word' id='word_1_862' title='bbox 1505 2563 1635 2597; x_wconf 88' lang='lat' dir='ltr'>errotis.</span> 
     </span>
    </p>

    <p class='ocr_par' dir='ltr' id='par_1_25' title="bbox 1201 2612 2103 3403">
     <span class='ocr_line' id='line_1_134' title="bbox 1260 2612 2103 2660; baseline 0.005 -14"><span class='ocrx_word' id='word_1_863' title='bbox 1260 2612 1348 2647; x_wconf 86' lang='lat' dir='ltr'>Rem</span> <span class='ocrx_word' id='word_1_864' title='bbox 1372 2612 1533 2656; x_wconf 73' lang='lat' dir='ltr'>insignem</span> <span class='ocrx_word' id='word_1_865' title='bbox 1560 2613 1596 2646; x_wconf 90' lang='lat' dir='ltr'>in</span> <span class='ocrx_word' id='word_1_866' title='bbox 1620 2613 1760 2657; x_wconf 87' lang='lat' dir='ltr'>septimo</span> <span class='ocrx_word' id='word_1_867' title='bbox 1784 2612 1996 2649; x_wconf 80' lang='lat' dir='ltr'>historiamm</span> <span class='ocrx_word' id='word_1_868' title='bbox 2017 2614 2103 2660; x_wconf 76' lang='lat' dir='ltr'>libro</span> 
     </span>
     <span class='ocr_line' id='line_1_135' title="bbox 1209 2661 2100 2699; baseline 0.002 -2"><span class='ocrx_word' id='word_1_869' title='bbox 1209 2663 1305 2697; x_wconf 88' lang='lat' dir='ltr'>refert</span> <span class='ocrx_word' id='word_1_870' title='bbox 1318 2661 1438 2695; x_wconf 88' lang='lat' dir='ltr'>Paulus</span> <span class='ocrx_word' id='word_1_871' title='bbox 1450 2661 1587 2696; x_wconf 76' lang='lat' dir='ltr'>Orosius</span> <span class='ocrx_word' id='word_1_872' title='bbox 1601 2687 1608 2695; x_wconf 89' lang='lat'><strong><em>.</em></strong></span> <span class='ocrx_word' id='word_1_873' title='bbox 1636 2663 1787 2697; x_wconf 87' lang='lat' dir='ltr'>Affirmat</span> <span class='ocrx_word' id='word_1_874' title='bbox 1802 2665 1954 2697; x_wconf 63' lang='lat' dir='ltr'>Sanctum</span> <span class='ocrx_word' id='word_1_875' title='bbox 1967 2664 2100 2699; x_wconf 87' lang='lat' dir='ltr'>Petrum</span> 
     </span>
     <span class='ocr_line' id='line_1_136' title="bbox 1211 2711 2102 2756; baseline 0.002 -10"><span class='ocrx_word' id='word_1_876' title='bbox 1211 2712 1411 2756; x_wconf 81' lang='lat' dir='ltr'>Apostolum</span> <span class='ocrx_word' id='word_1_877' title='bbox 1439 2711 1498 2744; x_wconf 86' lang='lat' dir='ltr'>sub</span> <span class='ocrx_word' id='word_1_878' title='bbox 1508 2711 1642 2743; x_wconf 85' lang='lat' dir='ltr'>Claudii</span> <span class='ocrx_word' id='word_1_879' title='bbox 1656 2712 1863 2754; x_wconf 85' lang='lat' dir='ltr'>Imperatoris</span> <span class='ocrx_word' id='word_1_880' title='bbox 1887 2713 2027 2746; x_wconf 77' lang='lat' dir='ltr'>exordio</span> <span class='ocrx_word' id='word_1_881' title='bbox 2051 2726 2102 2749; x_wconf 80' lang='lat' dir='ltr'>ve·</span> 
     </span>
     <span class='ocr_line' id='line_1_137' title="bbox 1209 2758 2102 2803; baseline 0.002 -7"><span class='ocrx_word' id='word_1_882' title='bbox 1209 2764 1287 2796; x_wconf 78' lang='lat' dir='ltr'>nisse</span> <span class='ocrx_word' id='word_1_883' title='bbox 1299 2762 1463 2800; x_wconf 82' lang='lat' dir='ltr'>Romam,</span> <span class='ocrx_word' id='word_1_884' title='bbox 1490 2770 1528 2793; x_wconf 85' lang='lat' dir='ltr'>ac</span> <span class='ocrx_word' id='word_1_885' title='bbox 1544 2758 1640 2793; x_wconf 85' lang='lat' dir='ltr'>isthic</span> <span class='ocrx_word' id='word_1_886' title='bbox 1660 2761 1806 2795; x_wconf 73' lang='lat' dir='ltr'>fundasse</span> <span class='ocrx_word' id='word_1_887' title='bbox 1831 2760 2005 2796; x_wconf 77' lang='lat' dir='ltr'>Ecclesiam</span> <span class='ocrx_word' id='word_1_888' title='bbox 2019 2788 2031 2803; x_wconf 86' lang='lat'>,</span> <span class='ocrx_word' id='word_1_889' title='bbox 2055 2774 2102 2798; x_wconf 90' lang='lat' dir='ltr'>at-</span> 
     </span>
     <span class='ocr_line' id='line_1_138' title="bbox 1209 2810 2101 2857; baseline -0.002 -10"><span class='ocrx_word' id='word_1_890' title='bbox 1209 2823 1272 2856; x_wconf 87' lang='lat' dir='ltr'>que</span> <span class='ocrx_word' id='word_1_891' title='bbox 1285 2810 1456 2856; x_wconf 86' lang='lat' dir='ltr'>adjungit:</span> <span class='ocrx_word' id='word_1_892' title='bbox 1486 2810 1596 2842; x_wconf 78' lang='lat' dir='ltr'>Accidit</span> <span class='ocrx_word' id='word_1_893' title='bbox 1610 2810 1707 2844; x_wconf 86' lang='lat' dir='ltr'>eodem</span> <span class='ocrx_word' id='word_1_894' title='bbox 1724 2818 1852 2852; x_wconf 82' lang='lat' dir='ltr'>tempore</span> <span class='ocrx_word' id='word_1_895' title='bbox 1860 2811 2022 2854; x_wconf 67' lang='lat' dir='ltr'>praeftntis</span> <span class='ocrx_word' id='word_1_896' title='bbox 2029 2825 2101 2857; x_wconf 79' lang='lat' dir='ltr'>gra-</span> 
     </span>
     <span class='ocr_line' id='line_1_139' title="bbox 1206 2860 2100 2905; baseline 0.003 -11"><span class='ocrx_word' id='word_1_897' title='bbox 1206 2868 1259 2896; x_wconf 84' lang='lat' dir='ltr'>tt&#39;ae</span> <span class='ocrx_word' id='word_1_898' title='bbox 1272 2866 1329 2894; x_wconf 82' lang='lat' dir='ltr'>Dei</span> <span class='ocrx_word' id='word_1_899' title='bbox 1335 2861 1452 2905; x_wconf 82' lang='lat' dir='ltr'>grande</span> <span class='ocrx_word' id='word_1_900' title='bbox 1463 2860 1636 2893; x_wconf 74' lang='lat' dir='ltr'>miraculum</span> <span class='ocrx_word' id='word_1_901' title='bbox 1650 2885 1656 2892; x_wconf 94' lang='lat'>.</span> <span class='ocrx_word' id='word_1_902' title='bbox 1683 2862 1715 2893; x_wconf 79' lang='lat' dir='ltr'>Si</span> <span class='ocrx_word' id='word_1_903' title='bbox 1726 2862 1847 2903; x_wconf 87' lang='lat' dir='ltr'>quidem</span> <span class='ocrx_word' id='word_1_904' title='bbox 1859 2865 1973 2895; x_wconf 82' lang='lat' dir='ltr'>Furius</span> <span class='ocrx_word' id='word_1_905' title='bbox 1987 2865 2100 2897; x_wconf 79' lang='lat' dir='ltr'>Camil-</span> 
     </span>
     <span class='ocr_line' id='line_1_140' title="bbox 1207 2910 2099 2955; baseline 0.001 -9"><span class='ocrx_word' id='word_1_906' title='bbox 1207 2913 1254 2946; x_wconf 86' lang='lat' dir='ltr'>lus</span> <span class='ocrx_word' id='word_1_907' title='bbox 1265 2912 1492 2952; x_wconf 66' lang='lat' dir='ltr'>scribomanus,</span> <span class='ocrx_word' id='word_1_908' title='bbox 1520 2911 1685 2943; x_wconf 77' lang='lat' dir='ltr'>Dalmatiae</span> <span class='ocrx_word' id='word_1_909' title='bbox 1700 2913 1855 2955; x_wconf 78' lang='lat' dir='ltr'>Legatur,</span> <span class='ocrx_word' id='word_1_910' title='bbox 1882 2910 1989 2945; x_wconf 84' lang='lat' dir='ltr'>bellum</span> <span class='ocrx_word' id='word_1_911' title='bbox 2010 2914 2099 2947; x_wconf 83' lang='lat' dir='ltr'>civile</span> 
     </span>
     <span class='ocr_line' id='line_1_141' title="bbox 1208 2959 2098 3005; baseline 0 -9"><span class='ocrx_word' id='word_1_912' title='bbox 1208 2963 1325 2996; x_wconf 78' lang='lat' dir='ltr'>molitus</span> <span class='ocrx_word' id='word_1_913' title='bbox 1346 2986 1358 3003; x_wconf 87' lang='lat'>,</span> <span class='ocrx_word' id='word_1_914' title='bbox 1388 2964 1529 3005; x_wconf 79' lang='lat' dir='ltr'>Legionet</span> <span class='ocrx_word' id='word_1_915' title='bbox 1547 2961 1661 2993; x_wconf 80' lang='lat' dir='ltr'>multas</span> <span class='ocrx_word' id='word_1_916' title='bbox 1685 2959 1912 3004; x_wconf 84' lang='lat' dir='ltr'>fortiffimasque</span> <span class='ocrx_word' id='word_1_917' title='bbox 1932 2963 1976 2994; x_wconf 81' lang='lat' dir='ltr'>ad</span> <span class='ocrx_word' id='word_1_918' title='bbox 1993 2965 2098 2996; x_wconf 78' lang='lat' dir='ltr'>Sacra-</span> 
     </span>
     <span class='ocr_line' id='line_1_142' title="bbox 1208 3010 2097 3053; baseline -0.001 -6"><span class='ocrx_word' id='word_1_919' title='bbox 1208 3019 1300 3047; x_wconf 86' lang='lat' dir='ltr'>menti</span> <span class='ocrx_word' id='word_1_920' title='bbox 1321 3017 1514 3045; x_wconf 76' lang='lat' dir='ltr'>mutationem</span> <span class='ocrx_word' id='word_1_921' title='bbox 1533 3010 1699 3051; x_wconf 79' lang='lat' dir='ltr'>pellexerat</span> <span class='ocrx_word' id='word_1_922' title='bbox 1712 3035 1720 3044; x_wconf 96' lang='lat'>.</span> <span class='ocrx_word' id='word_1_923' title='bbox 1745 3014 1853 3053; x_wconf 80' lang='lat' dir='ltr'>ltaque</span> <span class='ocrx_word' id='word_1_924' title='bbox 1864 3013 1915 3044; x_wconf 75' lang='lat' dir='ltr'>die</span> <span class='ocrx_word' id='word_1_925' title='bbox 1927 3012 2006 3045; x_wconf 67' lang='lat' dir='ltr'>dit‘t&#39;o</span> <span class='ocrx_word' id='word_1_926' title='bbox 2020 3018 2097 3046; x_wconf 76' lang='lat' dir='ltr'>utin</span> 
     </span>
     <span class='ocr_line' id='line_1_143' title="bbox 1208 3062 2096 3104; baseline -0.002 -7"><span class='ocrx_word' id='word_1_927' title='bbox 1208 3074 1296 3097; x_wconf 81' lang='lat' dir='ltr'>unum</span> <span class='ocrx_word' id='word_1_928' title='bbox 1306 3063 1434 3104; x_wconf 77' lang='lat' dir='ltr'>undique</span> <span class='ocrx_word' id='word_1_929' title='bbox 1449 3062 1495 3094; x_wconf 85' lang='lat' dir='ltr'>ad</span> <span class='ocrx_word' id='word_1_930' title='bbox 1516 3071 1625 3094; x_wconf 83' lang='lat' dir='ltr'>novum</span> <span class='ocrx_word' id='word_1_931' title='bbox 1644 3064 1857 3103; x_wconf 74' lang='lat' dir='ltr'>Imperatorem</span> <span class='ocrx_word' id='word_1_932' title='bbox 1867 3068 2073 3096; x_wconf 82' lang='lat' dir='ltr'>conveniretur</span> <span class='ocrx_word' id='word_1_933' title='bbox 2083 3088 2096 3104; x_wconf 90' lang='lat'>,</span> 
     </span>
     <span class='ocr_line' id='line_1_144' title="bbox 1209 3113 2097 3156; baseline -0.001 -9"><span class='ocrx_word' id='word_1_934' title='bbox 1209 3125 1300 3156; x_wconf 87' lang='lat' dir='ltr'>neque</span> <span class='ocrx_word' id='word_1_935' title='bbox 1324 3113 1439 3155; x_wconf 74' lang='lat' dir='ltr'>Aquilae</span> <span class='ocrx_word' id='word_1_936' title='bbox 1461 3115 1586 3151; x_wconf 79' lang='lat' dir='ltr'>ornari,</span> <span class='ocrx_word' id='word_1_937' title='bbox 1613 3122 1703 3154; x_wconf 84' lang='lat' dir='ltr'>neque</span> <span class='ocrx_word' id='word_1_938' title='bbox 1728 3113 1853 3145; x_wconf 82' lang='lat' dir='ltr'>convelli</span> <span class='ocrx_word' id='word_1_939' title='bbox 1879 3122 1990 3153; x_wconf 84' lang='lat' dir='ltr'>quoquo</span> <span class='ocrx_word' id='word_1_940' title='bbox 2011 3114 2097 3146; x_wconf 78' lang='lat' dir='ltr'>modo</span> 
     </span>
     <span class='ocr_line' id='line_1_145' title="bbox 1201 3162 2097 3208; baseline 0 -12"><span class='ocrx_word' id='word_1_941' title='bbox 1201 3162 1283 3208; x_wconf 83' lang='lat' dir='ltr'>figna</span> <span class='ocrx_word' id='word_1_942' title='bbox 1308 3168 1458 3196; x_wconf 75' lang='lat' dir='ltr'>moverive</span> <span class='ocrx_word' id='word_1_943' title='bbox 1473 3169 1649 3203; x_wconf 85' lang='lat' dir='ltr'>potuerunt.</span> <span class='ocrx_word' id='word_1_944' title='bbox 1678 3164 1841 3195; x_wconf 81' lang='lat' dir='ltr'>Exercitus</span> <span class='ocrx_word' id='word_1_945' title='bbox 1866 3170 1956 3194; x_wconf 83' lang='lat' dir='ltr'>tanta</span> <span class='ocrx_word' id='word_1_946' title='bbox 1979 3164 2013 3196; x_wconf 64' lang='grc' dir='ltr'>ὢ·</span> <span class='ocrx_word' id='word_1_947' title='bbox 2031 3173 2097 3196; x_wconf 83' lang='lat' dir='ltr'>tam</span> 
     </span>
     <span class='ocr_line' id='line_1_146' title="bbox 1206 3209 2099 3256; baseline -0.001 -9"><span class='ocrx_word' id='word_1_948' title='bbox 1206 3213 1345 3256; x_wconf 76' lang='lat' dir='ltr'>inusitata</span> <span class='ocrx_word' id='word_1_949' title='bbox 1368 3212 1502 3245; x_wconf 77' lang='lat' dir='ltr'>miracul}</span> <span class='ocrx_word' id='word_1_950' title='bbox 1518 3209 1578 3251; x_wconf 74' lang='lat' dir='ltr'>fide</span> <span class='ocrx_word' id='word_1_951' title='bbox 1589 3219 1685 3244; x_wconf 88' lang='lat' dir='ltr'>motus</span> <span class='ocrx_word' id='word_1_952' title='bbox 1697 3236 1708 3251; x_wconf 90' lang='lat'>,</span> <span class='ocrx_word' id='word_1_953' title='bbox 1733 3213 1768 3245; x_wconf 63' lang='grc' dir='ltr'><em>Θ</em></span> <span class='ocrx_word' id='word_1_954' title='bbox 1790 3210 1946 3254; x_wconf 80' lang='lat' dir='ltr'>conversus</span> <span class='ocrx_word' id='word_1_955' title='bbox 1959 3216 1991 3244; x_wconf 82' lang='lat' dir='ltr'>in</span> <span class='ocrx_word' id='word_1_956' title='bbox 2000 3217 2099 3254; x_wconf 69' lang='lat' dir='ltr'>poeni·</span> 
     </span>
     <span class='ocr_line' id='line_1_147' title="bbox 1207 3261 2097 3304; baseline 0 -8"><span class='ocrx_word' id='word_1_957' title='bbox 1207 3271 1331 3298; x_wconf 74' lang='lat' dir='ltr'>tentiam</span> <span class='ocrx_word' id='word_1_958' title='bbox 1342 3287 1352 3303; x_wconf 95' lang='lat'>‚</span> <span class='ocrx_word' id='word_1_959' title='bbox 1380 3262 1603 3295; x_wconf 76' lang='lat' dir='ltr'>Scribonianum</span> <span class='ocrx_word' id='word_1_960' title='bbox 1624 3267 1727 3304; x_wconf 74' lang='lat' dir='ltr'>quinto</span> <span class='ocrx_word' id='word_1_961' title='bbox 1746 3261 1846 3303; x_wconf 66' lang='lat' dir='ltr'>{iatam</span> <span class='ocrx_word' id='word_1_962' title='bbox 1858 3263 1906 3294; x_wconf 78' lang='lat' dir='ltr'>die</span> <span class='ocrx_word' id='word_1_963' title='bbox 1929 3261 2097 3302; x_wconf 54' lang='lat' dir='ltr'>destitutum</span> 
     </span>
     <span class='ocr_line' id='line_1_148' title="bbox 1205 3310 2098 3356; baseline -0.003 -10"><span class='ocrx_word' id='word_1_964' title='bbox 1205 3314 1354 3356; x_wconf 81' lang='lat' dir='ltr'>interfecit</span> <span class='ocrx_word' id='word_1_965' title='bbox 1367 3337 1377 3353; x_wconf 86' lang='lat'>,</span> <span class='ocrx_word' id='word_1_966' title='bbox 1399 3310 1519 3355; x_wconf 79' lang='lat' dir='ltr'>seseque</span> <span class='ocrx_word' id='word_1_967' title='bbox 1529 3312 1715 3344; x_wconf 74' lang='lat' dir='ltr'>sacramento</span> <span class='ocrx_word' id='word_1_968' title='bbox 1732 3317 1844 3353; x_wconf 76' lang='lat' dir='ltr'>priorit</span> <span class='ocrx_word' id='word_1_969' title='bbox 1867 3312 1984 3345; x_wconf 71' lang='lat' dir='ltr'>militiae</span> <span class='ocrx_word' id='word_1_970' title='bbox 2005 3318 2098 3346; x_wconf 81' lang='lat' dir='ltr'>tonti-</span> 
     </span>
     <span class='ocr_line' id='line_1_149' title="bbox 1206 3359 2097 3403; baseline -0.004 -6"><span class='ocrx_word' id='word_1_971' title='bbox 1206 3370 1287 3397; x_wconf 91' lang='lat' dir='ltr'>nuit.</span> <span class='ocrx_word' id='word_1_972' title='bbox 1312 3363 1437 3403; x_wconf 76' lang='lat' dir='ltr'>Tristius</span> <span class='ocrx_word' id='word_1_973' title='bbox 1464 3373 1498 3394; x_wconf 88' lang='lat' dir='ltr'>ac</span> <span class='ocrx_word' id='word_1_974' title='bbox 1517 3359 1701 3403; x_wconf 67' lang='lat' dir='ltr'>perniciosius</span> <span class='ocrx_word' id='word_1_975' title='bbox 1713 3361 1781 3395; x_wconf 84' lang='lat' dir='ltr'>urbi</span> <span class='ocrx_word' id='word_1_976' title='bbox 1804 3365 1907 3394; x_wconf 79' lang='lat' dir='ltr'>Romae</span> <span class='ocrx_word' id='word_1_977' title='bbox 1930 3359 2009 3393; x_wconf 79' lang='lat' dir='ltr'>nibil</span> <span class='ocrx_word' id='word_1_978' title='bbox 2035 3372 2097 3393; x_wconf 90' lang='lat' dir='ltr'>um·</span> 
     </span>
    </p>
   </div>
   <div class='ocr_carea' id='block_1_9' title="bbox 1205 3410 2098 3503">
    <p class='ocr_par' dir='ltr' id='par_1_26' title="bbox 1205 3410 2098 3503">
     <span class='ocr_line' id='line_1_150' title="bbox 1205 3410 2098 3495; baseline -0.006 -47"><span class='ocrx_word' id='word_1_979' title='bbox 1205 3413 1384 3457; x_wconf 77' lang='lat' dir='ltr'>quamfuiffc</span> <span class='ocrx_word' id='word_1_980' title='bbox 1395 3414 1485 3455; x_wconf 60' lang='lat' dir='ltr'>quim</span> <span class='ocrx_word' id='word_1_981' title='bbox 1497 3411 1572 3446; x_wconf 80' lang='lat' dir='ltr'>bella</span> <span class='ocrx_word' id='word_1_982' title='bbox 1580 3412 1687 3445; x_wconf 83' lang='lat' dir='ltr'>civilia</span> <span class='ocrx_word' id='word_1_983' title='bbox 1702 3410 1813 3495; x_wconf 44' lang='lat' dir='ltr'>‚Ksalzt&#39;s</span> <span class='ocrx_word' id='word_1_984' title='bbox 1827 3420 1928 3447; x_wconf 72' lang='lat' dir='ltr'>notum</span> <span class='ocrx_word' id='word_1_985' title='bbox 1950 3410 1989 3452; x_wconf 83' lang='lat' dir='ltr'>est</span> <span class='ocrx_word' id='word_1_986' title='bbox 1998 3435 2008 3442; x_wconf 82' lang='lat'><strong>.</strong></span> <span class='ocrx_word' id='word_1_987' title='bbox 2035 3415 2098 3443; x_wconf 74' lang='lat' dir='ltr'>Ita-</span> 
     </span>
     <span class='ocr_line' id='line_1_151' title="bbox 1989 3471 2044 3503; baseline 0 -9"><span class='ocrx_word' id='word_1_988' title='bbox 1989 3471 2044 3503; x_wconf 75' lang='lat' dir='ltr'>que</span> 
     </span>
    </p>
   </div>
  </div>
 </body>
</html>
