2346 3724
735 131 776 175 C

218 228 353 254 manum
379 214 545 249 violentus
568 213 779 257 imposuerit,
806 211 981 247 pastoralis
1002 208 1107 255 digni-

218 269 292 303 tatis
302 265 461 299 honorem
473 264 509 298 in
523 264 593 307 ipfis
605 263 665 297 hac
684 265 735 297 via
749 263 928 302 occiderit,
953 271 1050 303 atque
1064 261 1109 293 ita

219 315 365 362 percuffis
377 313 565 348 pastoribus
577 324 665 348 totos
678 325 792 359 greges
806 312 941 347 Christo
955 310 1108 346 Domino

218 366 370 418 rapuerit
387 376 424 399 ac
449 364 652 407 abduxerit,
681 363 792 398 multis
815 362 952 405 exponit
974 361 1108 394 sanctus

218 420 361 459 Optatus
374 415 550 458 Episcopus
560 414 796 448 Milevitanus.
824 412 928 459 Qod
941 412 1046 454 ipsum
1068 410 1111 443 fe-

218 477 334 500 cerunt
347 466 484 503 Ariani,
512 463 738 507 Eutychiani,
763 465 934 505 cunctique
947 461 1002 494 alii
1016 460 1107 503 ‚qui-

218 517 280 551 bus
299 514 425 550 Divina
447 514 659 548 Providentia
684 514 846 558 permisit:
874 517 946 545 Haec
970 510 1008 551 est
1036 509 1109 543 bora

221 566 339 606 vestra,
364 567 399 599 ὰ
405 564 532 608 potestas
543 565 732 598 tenebrarum
744 587 752 594 .
779 563 869 596 Nam
884 564 916 596 δε
930 561 1030 595 hodie
1042 560 1110 593 Lu-

218 615 365 652 theranis
383 617 416 650 &
428 615 620 650 Calvinistis
631 615 732 658 prima
745 624 820 647 cura
832 612 878 646 est
904 610 1110 646 orthodoxos

218 665 418 700 Hierarchas
427 665 539 708 ejicere
552 690 562 705 ‚
576 666 607 699 δε
619 663 816 709 quandoque
829 664 967 697 mactare
981 687 988 693 .
1016 662 1110 695 Dum

219 717 320 751 enim
325 727 394 752 non
406 718 537 759 possunt
548 716 691 755 animas,
703 715 843 748 mactant
854 724 989 756 corpora
1001 737 1007 742 .

231 791 235 797 .
272 766 322 800 At
344 768 419 801 sunt
440 766 523 809 Lupi
546 766 580 799 in
604 765 806 799 vestimentis
831 764 959 797 ovium
990 759 1113 795 Ratio·-

221 829 299 866 nem
321 815 375 850 dat
401 817 434 850 in
458 816 634 854 oratione,
662 814 804 858 quamin
822 815 881 846 suae
899 811 1112 846 consecratio-

221 867 275 901 nis
295 867 516 905 anniversario
535 865 587 911 die
617 863 733 898 habuit
761 864 896 896 Sanctus
934 861 1114 906 Gregorius

220 918 393 959 Nyffenus,
405 906 607 958 Episcopus.-
635 914 863 952 Macedoniani,
886 921 1041 954 tamquam
1052 922 1111 943 con·

217 967 326 1009 finium
346 971 423 1002 inter
450 976 500 997 nos
523 966 557 998 &
575 962 664 1004 hostes
680 963 783 1005 falli,
810 965 982 1004 &utraque
989 959 1062 1004 sunt
1081 963 1114 995 Θ

221 1025 373 1050 neutrum,
404 1020 509 1057 Neque
531 1013 640 1053 reblam
661 1012 825 1057 sermonem
847 1012 1020 1054 confitentur
1043 1035 1054 1051 ‚
1082 1012 1116 1043 o·

221 1066 358 1106 heretici
374 1066 522 1107 appellari
541 1063 695 1107 recusant.
725 1068 750 1097 0
776 1074 836 1096 rem
857 1063 1049 1095 inauditam!
1072 1063 1117 1092 Et

222 1120 349 1150 veritati
363 1115 452 1158 fimul
460 1116 493 1148 (5
504 1116 654 1148 mendacio
659 1120 778 1155 pariter
790 1113 895 1147 bellum
918 1114 1096 1145 indixerunt
1111 1135 1117 1142 .

222 1166 269 1200 Et
291 1166 329 1199 in.
340 1163 488 1199 homiliis
515 1163 555 1198 ad
569 1163 818 1198 Antiochenum
841 1163 1000 1206 populum
1013 1161 1119 1195 decla-

222 1226 294 1252 mat
305 1217 440 1255 sanetus
452 1215 593 1257 Joannes
612 1214 885 1257 Chrysostomus:
911 1218 992 1256 Age,
1021 1213 1115 1244 denuo

220 1265 391 1313 adversum
400 1265 535 1308 infideles
549 1269 700 1299 Anomaeos
720 1274 867 1298 certamen
891 1264 1119 1307 ingrediamur.

221 1315 325 1360 Rulli
332 1328 408 1359 aegre
419 1315 531 1357 ferant
546 1317 627 1357 qubd
637 1314 770 1355 infideles
782 1315 970 1356 appellentur
989 1312 1120 1356 fugiant

231 1366 380 1408 ipfirem,
408 1374 441 1398 ut
460 1375 509 1408 ego
537 1364 709 1396 vocabulum
724 1364 864 1407 fugiam:
888 1361 1047 1405 Discedunt
1072 1360 1127 1402 ipsi

225 1419 359 1450 &mente
381 1420 477 1455 impia
489 1438 500 1453 ,
521 1415 555 1447 o·
572 1425 620 1456 ego
638 1413 745 1446 abbae
761 1412 905 1454 probrosa
925 1413 1123 1453 appellatione

225 1464 374 1507 discedam
394 1488 402 1495 .
435 1462 555 1495 Omnis
579 1463 784 1501 Haereticus,
815 1462 987 1503 praesertim
1014 1461 1123 1494 Haere-

224 1512 383 1553 fiareha,
408 1511 453 1545 est
488 1510 664 1551 infidelis,
692 1511 810 1554 impius
833 1535 843 1550 ,
882 1509 1013 1544 Divinae
1040 1511 1120 1542 Ma·-

224 1564 329 1609 jestati
351 1560 479 1606 rebellis
502 1583 512 1600 ,
538 1561 636 1596 varie
643 1560 840 1600 criminosus
866 1571 903 1593 ac
927 1558 1122 1603 probrosus.

225 1614 338 1649 Hinc.
345 1622 464 1647 omnes
490 1635 505 1660 ,
540 1611 613 1649 licet
635 1611 762 1651 facinus
788 1611 929 1654 diligant
950 1634 961 1650 ‚
999 1620 1122 1643 nomen

227 1664 370 1706 oderunt
392 1673 429 1696 ac
452 1661 652 1697 detestantur
673 1687 680 1694 .
711 1661 864 1705 ipsorum
888 1671 988 1693 nemo
1012 1659 1123 1694 audire

228 1714 301 1748 vult
325 1712 506 1747 Haereticus
527 1735 538 1750 ,
563 1710 615 1746 sed
641 1711 830 1756 germane,
856 1711 889 1744 δε
911 1710 1044 1752 quidem
1069 1711 1123 1743 so-

226 1764 313 1805 lus„
341 1761 546 1797 orthodoxus
572 1787 579 1794 .
620 1762 715 1797 Hinc
745 1773 801 1798 eos
824 1763 859 1795 in
881 1760 1021 1795 adducto
1046 1761 1122 1794 loco

226 1812 378 1848 laudatus
410 1813 590 1856 Gregorius
624 1812 706 1847 reste
737 1821 905 1855 comparat
936 1811 1035 1844 etiam
1058 1821 1123 1844 me-

226 1863 400 1899 retricibus
420 1887 427 1895 .
467 1861 570 1896 Nulla
599 1873 741 1907 namque
762 1862 856 1906 Lupa
884 1860 955 1895 vult
970 1862 1122 1905 appellari

226 1914 349 1958 Lupa,
367 1913 420 1947 sed
442 1912 559 1956 pudica
582 1912 671 1954 filia,
692 1912 798 1947 immo
821 1913 853 1946 δε
869 1911 996 1956 Virgo.
1023 1912 1140 1982 Redit}l

226 1964 309 1999 item
321 1964 434 2003 addit,
455 1961 543 2006 quod
556 1963 589 1997 ὃς
614 1964 743 1998 veritati
762 1964 796 1996 ὃς
817 1961 990 1996 mendacio
1013 1963 1139 1996 adver-

229 2016 375 2049 sarentur
387 2038 397 2054 ‚
422 2025 482 2047 nec
497 2013 624 2048 tantum
640 2013 753 2054 nobis,
774 2012 873 2047 sed&
886 2012 1123 2046 nostrisinimi-

227 2065 276 2100 cis
290 2065 351 2098 sint
366 2064 493 2097 inimici
509 2088 516 2095 .
541 2063 672 2098 Etenim
696 2064 858 2101 Arianos,
880 2062 1098 2096 Nestorianus
1111 2088 1122 2103 ‚
1137 2081 1139 2113 Ι

228 2113 483 2157 Eutychianista
498 2138 508 2153 ,
535 2125 573 2148 ac
596 2111 800 2148 Lutheranus
827 2124 894 2146 non
917 2114 1046 2147 tantum
1061 2125 1139 2148 nos

229 2162 413 2199 orthodxos
450 2162 609 2198 invadunt
629 2187 639 2203 ,
691 2165 743 2198 sed
765 2165 866 2198 etiam
901 2163 1122 2205 sabellianos,

228 2214 501 2258 Eutychianistas
526 2238 535 2252 ‚
570 2214 788 2254 Nestorianos
810 2237 820 2253 ‚
842 2214 876 2246 ὃ(
902 2214 1121 2246 Calvinistas.

230 2265 325 2299 Hine
348 2277 390 2298 ne
413 2264 430 2296 ὲ
450 2263 539 2296 fideli
561 2264 686 2305 populo
710 2287 720 2302 ,
740 2263 787 2296 uti
809 2261 896 2304 Lupi
917 2262 958 2295 ab
982 2261 1124 2302 ovibus,

231 2315 332 2358 pleno
354 2314 446 2348 cursu
471 2313 578 2346 statim
605 2312 796 2356 fugiantur,
818 2322 856 2344 ac
877 2311 1040 2354 lapidibus
1062 2312 1120 2343 im-

230 2375 382 2406 petantur
402 2387 413 2402 ,
441 2364 573 2404 fingunt
597 2362 629 2393 se
650 2372 728 2395 oves
749 2361 782 2393 δε
805 2358 952 2393 pastores
966 2383 977 2400 ,
1004 2360 1120 2394 ovinas

232 2413 321 2446 lanas
342 2411 401 2445 fibi
424 2411 705 2451 circumponunt,
732 2410 778 2443 ita
802 2409 1119 2452 miscenturovibus,

230 2462 425 2496 infidiantur
440 2485 452 2502 ,
478 2459 653 2501 mordent,
675 2461 830 2504 rapiunt,
855 2470 893 2494 ac
905 2461 1048 2495 mactant
1062 2486 1070 2494 .

849 143 1151 194 A·P1'·r

330 2610 557 2676 christiani
586 2614 739 2659 nominis
747 2609 802 2677 fi‘
830 2610 988 2676 efficies.

285 2760 396 2797 Ovina
423 2762 496 2796 lana
511 2787 521 2801 ,
549 2773 647 2806 quam
668 2760 720 2797 isti
743 2761 848 2796 dolosi
873 2761 960 2806 Lupi
983 2761 1041 2796 fibi
1067 2764 1122 2797 su·-

234 2810 465 2855 perinduunt,
492 2811 536 2845 est
559 2814 644 2847 varia
664 2836 673 2844 .

235 2860 381 2901 nominis
412 2862 622 2904 superficies,
661 2864 713 2897 seu
735 2863 922 2898 Christiana
950 2851 1138 2912 profeffio,l

235 2911 278 2946 de
299 2923 363 2954 qua
387 2911 524 2944 scribit'
516 2924 549 2945 m
579 2914 665 2948 libro
676 2913 716 2947 de
728 2913 872 2948 Unitate
886 2913 1034 2947 Ecclefiae
1051 2914 1122 2960 glo-

235 2962 339 2996 riosus
359 2962 490 3004 Martyr
512 2962 720 3006 Cyprianus:
750 2965 903 2997 Cavenda
920 2961 1018 3006 sunt,
1045 2968 1124 2998 Fra-

236 3021 299 3046 tres
324 3011 513 3051 dilec‘iiffimi,
540 3023 597 3045 non
616 3012 710 3055 solum
723 3025 791 3057 quae
812 3012 885 3056 sunt
907 3022 1015 3054 aperta
1034 3024 1123 3057 atque

236 3061 417 3103 manifesta,
442 3060 495 3105 sed
510 3061 657 3101 &astutae
676 3063 804 3105 fraudis
819 3063 989 3108 subtilitate
1009 3063 1121 3106 fallen-

236 3117 300 3145 tia.
326 3113 417 3155 ,Quid
437 3114 507 3145 verb
518 3112 662 3152 astutius,
688 3115 817 3156 quidque
838 3114 1001 3158 subtilius,
1030 3118 1122 3158 qudm

237 3171 273 3195 ut
296 3161 406 3202 Christi
427 3163 564 3195 adventu
586 3162 716 3196 detellus
739 3175 773 3196 ac
790 3164 954 3206 prostratus
966 3171 1122 3208 inimicus,

237 3212 348 3245 videns
370 3212 449 3245 idola
473 3212 611 3245 derelit‘la
628 3238 638 3253 ,
666 3215 700 3247 θ
718 3221 775 3255 per
794 3220 919 3248 nimium
941 3217 1122 3250 credentium

235 3263 375 3304 populum
391 3260 479 3305 sedes
486 3260 562 3305 suar
572 3275 607 3296 ac
619 3264 731 3306 templa
752 3263 885 3306 deserta,
911 3272 1122 3309 excogitaverit

240 3323 352 3349 novam
361 3311 526 3354 fraudem,
554 3314 588 3348 ὀ·
600 3311 656 3356 sub
678 3314 741 3357 ipso
752 3314 920 3355 Christiani
939 3322 1066 3350 nominis
1085 3323 1121 3351 ti-

339 3361 449 3402 Christ.
462 3366 540 3405 Lupi
551 3368 651 3406 Opera
661 3367 695 3396 T.
707 3367 765 3397 IX.

1222 141 1237 172 1
1308 142 1327 171 s
1432 128 1545 172 IV.
1940 144 1998 187 59

1172 211 1233 243 tulo
1246 208 1345 250 fallat
1366 210 1524 241 incautos?
1552 208 1688 251 Haereses
1700 213 1819 245 invenit
1831 215 1865 247 Co·
1872 212 2063 256 schismata,

1172 259 1279 302 quibus
1300 257 1491 301 subverteret
1508 258 1602 299 fidem
1624 280 1636 298 ‚
1664 264 1825 294 veritatem
1844 272 2063 306 corrumperet,

1170 308 1318 353 scinderet
1337 314 1486 342 unitatem
1500 335 1507 342 .
1535 311 1619 352 ,Quos
1631 309 1763 342 detinere
1774 322 1830 342 non
1852 315 1944 353 potest
1957 321 1990 347 in
2000 319 2064 348 viae

1175 364 1287 393 veteris
1307 363 1437 393 coecitate
1459 383 1470 399 ,
1508 357 1717 401 circumscribit
1735 361 1769 392 <ar
1792 361 1901 401 decipit
1921 371 1991 396 novi
2013 371 2070 397 itia

1176 415 1255 442 neris
1277 420 1374 442 errore
1398 435 1406 441 .
1448 412 1543 452 Rapit
1563 412 1601 443 de
1620 408 1687 452 ipsa
1705 408 1832 451 Ecclefia
1851 409 1980 444 homines
1993 436 2003 451 ,
2029 416 2065 448 (5

1175 461 1246 492 dum
1258 458 1315 499 fibi
1338 460 1582 502 appropittquaffe
1599 462 1669 502 jam
1688 461 1818 498 lumini,
1843 470 1932 502 atque
1952 462 2067 503 evafiffi·

1170 508 1274 552 saeculi
1296 510 1410 542 nollem
1432 512 1594 551 videntur,
1622 512 1699 543 alias
1711 508 1903 553 nescientibus
1928 511 2067 544 tenebras

1176 560 1279 592 rursus
1306 559 1462 600 infundit,
1490 570 1597 593 utcum
1611 561 1780 604 EvangeIIo
1799 560 1930 601 christi,
1955 563 2069 595 &cum

1176 608 1375 652 observatione
1386 612 1450 648 ejus
1474 610 1581 654 &lege
1592 621 1649 644 non
1664 610 1804 651 stantes,
1831 610 2015 651 Christianos
2034 610 2068 654 se

1178 669 1304 698 vocent,
1331 660 1564 693 &ambulantes
1588 666 1620 693 in
1641 661 1771 693 tenebris
1796 660 1901 693 babere
1917 660 1951 705 se
1967 662 2070 695 lumen

1178 709 1345 749 existiment
1373 734 1383 749 ,
1422 710 1591 743 blandiente
1612 709 1787 752 adversario
1809 720 1900 754 atque
1916 713 2067 755 fallente,

1179 765 1229 801 qui
1240 759 1404 802 secundum
1415 760 1539 802 Apostoli
1550 771 1647 794 vocem
1658 761 1857 804 transfigurat
1867 761 1901 804 se
1914 765 1996 797 velut
2009 767 2070 795 An-

1176 811 1275 855 gelum
1295 812 1368 843 lucis
1379 835 1390 850 ,
1417 813 1451 844 (ν
1463 809 1609 848 ministro:
1632 810 1777 854 subornat
1792 808 1862 853 suos
1876 814 1958 846 velut
1982 819 2073 845 mini-

1174 860 1249 900 stros
1264 859 1392 900 juflitiae
1406 886 1417 901 ,
1442 862 1593 903 afferentes
1616 861 1725 894 nollem
1743 871 1801 904 pro
1823 863 1890 903 die,
1917 869 2073 897 interitum

1177 918 1234 951 pro
1252 909 1373 952 salute,
1401 911 1634 954 desperationem
1650 910 1706 954 sub
1732 911 1847 944 obtentu
1868 911 1932 955 spei
1953 938 1963 953 ,
1984 911 2076 955 perfi-

1182 961 1264 992 diam
1285 959 1342 1003 sub
1358 969 1513 1002 pra-textu
1529 963 1626 1005 fidei,
1654 962 1892 1002 Anti-Christum
1908 962 1962 1005 sub
1988 974 2075 996 vora-

1182 1010 1247 1042 bulo
1263 1010 1371 1050 Christi
1386 1037 1396 1051 ‚
1423 1021 1456 1044 ut
1479 1013 1550 1044 dum
1569 1011 1737 1054 verisimilia
1762 1020 1946 1045 mentiuntur
1960 1038 1969 1053 ,
1996 1019 2075 1046 veri-

1182 1068 1276 1093 tatem
1291 1059 1461 1102 subtilitate
1474 1061 1657 1102 frustrentur
1682 1089 1689 1095 .
1731 1064 1842 1109 Quam
1865 1062 2001 1097 Diaboli
2027 1075 2077 1096 ar·

1183 1120 1251 1144 tem
1276 1122 1394 1144 notant
1428 1113 1529 1145 etiarn
1567 1113 1696 1146 sanstus
1720 1112 1928 1156 Augustinus
1954 1125 1990 1146 ac
2017 1112 2076 1146 alii

1185 1159 1296 1194 Patres
1311 1186 1318 1192 .
1345 1161 1459 1206 Aliqui
1473 1173 1545 1195 eam
1565 1163 1692 1195 nonnisi
1715 1163 1733 1196 a
1757 1163 1870 1206 magni
1885 1163 2077 1197 Constanti-

1188 1212 1245 1250 ni,
1271 1212 1326 1255 qui
1349 1212 1462 1245 omnia
1478 1212 1648 1246 Idolorum
1669 1213 1744 1246 fana
1772 1212 1907 1252 clausit,
1933 1213 2079 1256 Imperio

1185 1262 1372 1295 existimant
1399 1262 1492 1297 fuisie
1512 1265 1661 1296 exorsam
1675 1288 1682 1294 .
1712 1262 1771 1296 Ast
1784 1263 1861 1297 illos
1882 1274 1987 1296 errare
1999 1273 2079 1295 con-

1188 1311 1290 1345 vincit
1315 1313 1377 1346 isto
1391 1314 1589 1357 Imperatore
1602 1313 1744 1348 multum
1762 1313 1930 1355 antiquior
1942 1314 2079 1347 sanctus

1189 1362 1393 1404 Cyprianus.
1423 1364 1582 1397 Notanda
1611 1366 1685 1397 sunt
1705 1364 1772 1407 ejus
1793 1364 1834 1397 de
1846 1362 1995 1396 Diabolo
2010 1373 2083 1394 vet«

1189 1411 1247 1445 ba:
1276 1414 1389 1445 Vident
1402 1414 1480 1446 idola
1492 1412 1621 1455 desolata
1640 1437 1650 1453 ,
1674 1415 1832 1454 &templa
1841 1411 1974 1455 deserta.
2003 1406 2082 1453 Heu

1188 1463 1279 1495 enim
1304 1463 1425 1496 everfio
1450 1463 1560 1497 statim
1571 1464 1671 1505 coepit
1692 1463 1732 1497 ad
1753 1463 2012 1506 praedicatumge
1997 1462 2081 1494 -nti—

1190 1512 1249 1544 bus
1266 1512 1509 1555 Evangelium,
1536 1513 1683 1567 adeoque
1704 1522 1785 1546 tunc
1808 1512 1864 1546 ille
1888 1512 1995 1545 statim
2018 1503 2085 1544 fuit

1189 1563 1319 1594 attusia
1339 1562 1487 1601 rabiem,
1513 1562 1584 1604 ipfis
1609 1562 1709 1595 etiam
1724 1561 1892 1604 Apostolis
1916 1560 2084 1595 suscitavit.

1189 1609 1384 1644 adversarios
1396 1610 1584 1651 haereticos,
1610 1612 1645 1645 δε
1660 1611 1765 1645 laesam
1780 1612 2000 1645 idololatriam
2013 1621 2085 1643 ten-

1190 1663 1272 1695 tavit
1298 1674 1353 1705 per
1376 1659 1473 1695 hosce
1496 1672 1666 1704 reparare
1695 1661 1830 1696 Noram
1858 1661 2082 1706 idololatriam

1191 1713 1362 1746 inducere.
1391 1712 1479 1747 Nam
1495 1712 1586 1756 quod
1601 1712 1734 1753 omnis,
1762 1712 1941 1746 Gnosticus
1963 1703 2085 1755 praesen·

1189 1763 1271 1803 tim,
1297 1764 1382 1796 circa
1395 1763 1555 1798 Divinam
1567 1762 1774 1804 Maiestatem
1798 1774 1885 1797 error
1907 1762 1945 1795 fit
1961 1761 2085 1805 nequis-

1189 1814 1266 1847 sima
1288 1813 1496 1851 idololatria,
1522 1814 1598 1847 suus
1609 1814 1701 1848 locus
1723 1813 1978 1847 demonstrabit.
2009 1811 2084 1846 Nec

1188 1861 1275 1897 hanc
1285 1864 1458 1897 dumtaxat
1475 1864 1677 1906 induxerunt
1689 1864 1867 1902 Gnostici,
1880 1863 1932 1897 sed
1945 1863 1979 1896 <Sc
1995 1862 2086 1895 Gen-

1188 1915 1299 1948 tilium
1322 1914 1491 1958 antiquam
1514 1926 1700 1957 repararunt
1725 1941 1731 1947 .
1771 1913 1872 1960 Qod
1894 1914 1986 1948 enim
2012 1923 2083 1945 non

1189 1965 1316 1999 tantum
1342 1963 1465 1999 Christi
1488 1966 1632 2000 Domini
1656 1964 1824 2010 effigiem,
1850 1974 1948 2009 quarn
1967 1964 2086 2009 garrie-

1189 2014 1266 2049 bant
1287 2015 1432 2049 factama
1446 2015 1572 2049 Pontio
1595 2016 1726 2057 Pilato,
1756 2015 1809 2050 sed
1836 2018 1934 2047 etiam
1954 2006 2085 2054 Pytha-

1188 2077 1296 2110 gorae,
1325 2066 1497 2107 Platonis,
1523 2065 1731 2102 Aristotelis,
1757 2074 1794 2096 ac
1818 2063 1961 2097 aliorum
1979 2062 2084 2106 genti·
2101 2084 2162 2114 Lib
2194 2097 2219 2116 h

1189 2118 1270 2150 lium
1292 2115 1573 2171 Philosophorum
1599 2115 1760 2156 imagines
1781 2111 1959 2147 imbuerint
1981 2136 1991 2152 ,
2028 2123 2085 2145 co
2099 2134 2162 2163 Cap
2173 2136 2222 2162 ²4-

1188 2168 1373 2200 ronaverint
1397 2175 1525 2209 pagano
1540 2165 1629 2203 ritu,
1652 2163 1928 2204 desideraverint,
1950 2163 2083 2197 testatur

1187 2216 1321 2247 Sanftus
1335 2216 1472 2248 Irenaeus
1482 2238 1489 2244 .

1242 2263 1407 2308 Insignem
1423 2263 1560 2297 Diaboli
1576 2264 1610 2298 in
1626 2265 1809 2307 usurpando
1821 2265 2012 2300 Christiano
2024 2275 2084 2298 no-

1188 2314 1277 2346 mine
1289 2315 1459 2347 audaciam
1472 2315 1567 2347 refert
1579 2315 1612 2346 in
1629 2316 1766 2357 septimo
1783 2317 1876 2359 super
1887 2316 1972 2350 beati
1984 2316 2083 2357 Joan-

1187 2363 1239 2397 nis
1267 2363 1488 2408 Evangelium
1514 2363 1672 2397 Trac‘latu
1696 2366 1831 2400 Sanflus
1854 2367 2082 2411 Augustinus:

1185 2415 1319 2456 Splrltus
1344 2415 1418 2446 mali
1428 2413 1547 2457 fingunt
1568 2413 1686 2446 umbras
1710 2415 1858 2458 quasdam
1879 2417 1996 2450 honoris
2012 2415 2082 2457 fib:-

1186 2473 1247 2499 met
1258 2464 1326 2507 ipsis
1337 2488 1348 2505 ,
1375 2473 1409 2498 ut
1433 2466 1588 2505 decipiant
1610 2476 1656 2498 eor
1674 2472 1724 2506 qui
1732 2465 1898 2508 sequuntur
1912 2467 2079 2506 christum.

1186 2515 1285 2560 Usque
1310 2516 1383 2548 adeo
1395 2518 1528 2548 Fratres
1551 2521 1630 2553 mei,
1657 2525 1691 2547 ut
1707 2513 1772 2557 suis
1789 2517 2081 2559 praecantationibus

1185 2565 1327 2609 misceant
1340 2578 1442 2599 nomen
1455 2564 1563 2603 Christi
1576 2591 1583 2596 .
1611 2567 1696 2609 ,Quia
1707 2568 1779 2606 jam
1801 2580 1858 2601 non
1867 2568 1982 2611 poffunt
1990 2566 2081 2610 fidu·

1184 2628 1247 2652 cere
1269 2615 1454 2656 Christianos
1473 2641 1483 2657 ‚
1508 2622 1541 2648 ut
1560 2616 1632 2649 dent
1655 2626 1800 2650 venenum
1812 2643 1822 2658 ‚
1849 2620 1965 2651 addunt
1985 2619 2081 2651 mellis

1185 2668 1367 2711 aliquantum
1386 2691 1397 2708 ,
1426 2676 1458 2699 ut
1477 2673 1531 2707 per
1552 2667 1588 2698 id
1606 2668 1687 2709 quod
1706 2668 1787 2701 dulce
1801 2668 1839 2708 est
1858 2694 1869 2710 ,
1895 2671 1990 2702 lateat
2003 2669 2082 2710 quod

1184 2729 1322 2751 amarum
1335 2716 1372 2756 est
1390 2742 1400 2757 ,
1428 2719 1462 2750 (at
1486 2716 1605 2749 bibatur
1627 2718 1671 2749 ad
1687 2724 1861 2758 perniciem.
1888 2717 1982 2760 Usque
2004 2719 2079 2751 adro

1184 2778 1216 2801 ut
1225 2779 1274 2812 ego
1284 2773 1414 2800 noverim
1424 2769 1523 2809 aliquo
1537 2775 1666 2808 tempore
1674 2768 1755 2800 illius
1772 2769 1882 2800 Pileati
1894 2768 2078 2800 sacerdotem

716 2812 826 2847 Prima
867 2813 912 2846 est
940 2811 1139 2847 Christianil
1181 2817 1270 2861 solere
1291 2819 1389 2850 dicere
1412 2831 1422 2850 .·
1450 2820 1495 2849 Et
1519 2815 1581 2858 ipse
1606 2816 1739 2848 Pileatus
1751 2816 1935 2857 Christianus
1956 2817 2012 2856 est.
2039 2821 2078 2849 Ut

1186 2867 1324 2911 quidhoc
1338 2872 1489 2908 Fratrer,
1515 2865 1569 2907 mfi
1577 2871 1648 2908 quia
1663 2866 1748 2899 aliter
1771 2877 1825 2899 non
1842 2870 1956 2910 poffunt
1976 2866 2079 2910 seduci

1186 2917 1368 2958 Christiani?
1395 2916 1470 2950 Nec
1497 2917 1621 2950 mireris
1645 2915 1728 2949 hoc.
1758 2918 1890 2951 Etenim
1912 2917 2010 2951 etiam
2029 2919 2078 2950 se-

1187 2979 1274 3012 ptem
1303 2969 1403 3008 Sceve
1429 2966 1556 3009 Judaici
1580 2965 1759 3000 Sacerdotis
1780 2967 1838 3001 filii
1855 2992 1866 3007 ,
1899 2969 1930 3001 ὅ(
1951 2967 2076 3001 Christi

1188 3018 1329 3053 Domini
1366 3018 1475 3050 osores
1501 3013 1677 3050 Exorcistae
1713 3018 1746 3050 in
1774 3017 1844 3061 ipso
1873 3018 2078 3062 Evangelicae

1187 3066 1423 3114 praedicationis
1436 3067 1575 3101 exordio
1597 3065 1712 3100 dolose
1729 3067 1928 3102 invocabant
1951 3079 2074 3102 nomen

1189 3120 1329 3156 Domini
1343 3119 1414 3162 Jesu
1428 3141 1438 3157 ,
1465 3117 1498 3150 &
1511 3127 1563 3159 per
1574 3115 1678 3159 ipsum
1702 3118 1876 3153 tentabant
1892 3119 2074 3153 Doemonia

1186 3171 1315 3214 ejicere.
1352 3172 1395 3204 Et
1421 3167 1599 3208 ejecerunt:
1627 3166 1687 3201 Sed
1707 3168 1741 3201 in
1764 3169 1965 3211 semet-ipsos
1990 3194 1997 3201 .
2025 3169 2073 3203 lta

1188 3221 1318 3255 testatur
1340 3220 1474 3254 sanctus
1498 3217 1604 3251 Lucas
1628 3216 1664 3250 in
1686 3218 1778 3252 Actis
1801 3244 1808 3250 .
1836 3219 1938 3265 Qod
1965 3218 2075 3253 adhuc

1188 3271 1357 3306 nobiscum
1375 3269 1516 3312 'degente
1528 3265 1662 3301 Christo
1685 3269 1837 3302 Domino
1858 3270 1931 3310 quis
1954 3268 2074 3303 Infide.

1189 3323 1226 3356 lis
1237 3317 1574 3365 Judaeusissud-ipsum
1587 3316 1719 3357 fecerit,
1748 3318 1846 3352 habes
1874 3318 1909 3352 in
1925 3319 2075 3363 Evange-

1676 3368 1703 3400 F
1754 3379 1775 3405 2
1977 3370 2025 3403 lio

2091 3244 2160 3282 Capi
2183 3252 2225 3274 19.
