2346 3724
90 1039 165 1078 Gap.
188 1048 232 1077 ¹3·

120 2060 174 2098 Ep.
190 2060 239 2096 242

732 136 1053 181 CAPI

244 233 340 261 mum
357 243 370 261 ,
392 217 529 254 edicunt
547 217 582 251 iia
610 216 756 262 antiquis
776 216 843 252 Dei
867 214 982 250 litteris
1013 212 1135 248 laudati

245 269 483 314 Prophetarum
504 267 586 308 filii,
613 267 822 311 ipsorumque
846 266 882 300 in
905 263 1082 308 quietisac
1093 266 1138 298 se·
1173 301 1175 304 ¹

243 320 436 356 ctetislocis
447 317 631 352 habitacula
642 317 707 351 five
719 315 908 363 gymnasia,
933 325 995 349 nec
1017 325 1084 348 non
1104 314 1137 347 δε

245 369 329 416 s'egis
340 369 498 404 Donores
510 368 544 402 in
558 367 743 412 Evangelio
754 365 875 401 laudati
886 389 894 398 .
923 364 1058 399 Morem
1068 373 1137 407 pro·

243 411 337 455 barrit
356 445 368 461 ,
392 420 428 454 ὅ(
459 418 500 452 ad
527 429 587 453 nos
609 417 771 453 transtulit
793 414 943 451 Christus
966 413 1136 448 Dominus

243 470 355 504 noster
368 489 389 508 ,-
403 478 502 511 atque
513 469 558 503 ita
569 468 605 502 in
617 467 759 502 Ecclesia
772 467 834 501 >sua
858 465 968 509 posuit
985 475 1052 498 non
1068 474 1140 497 tan-

244 519 318 555 tum
330 519 530 564 Apostolos,
557 516 737 562 Prophetas
748 540 759 556 ‚
783 528 821 551 ac
834 515 984 550 Pastores
997 516 1049 548 seu
1065 513 1139 557 Epi-

244 568 465 616 scopos‚·sed
484 569 584 603 etiam
596 568 773 603 Dostooes.
801 565 904 614 Qod
929 564 1039 601 omnis
1062 563 1140 607 Epi-

245 620 363 663 st'opus
373 620 427 654 seu
438 619 550 653 Pastor
561 617 675 653 debeat
686 618 749 652 esse
773 617 806 651 ἀ
819 617 968 656 Οοέἱοῐ,
993 615 1029 649 dt
1050 612 1139 656 quod

246 669 465 704 Pastoresac
485 668 646 703 Doctores
675 666 860 702 confundat
882 666 917 700 in
952 663 1068 699 litteris
1097 663 1139 698 ad

245 714 408 764 Ephesios
430 718 562 753 sanctus
583 717 704 753 Paulus
727 717 908 761 Apostolus
933 739 945 756 ,
970 715 1075 750 asserit
1105 714 1138 747 in

243 769 388 813 epistola
408 769 449 803 ad
473 769 627 805 Sannum
653 767 832 802 Paulinum
846 767 966 801 Beatus
984 764 1141 809 Augusti-

248 829 333 854 nuS.
360 820 435 854 Nec
457 818 559 857 male.
585 816 690 866 Qod
712 827 821 850 tamen
848 814 998 851 Christus
1021 813 1140 848 Domi-

249 877 315 904 nus
336 871 496 904 Doctores
514 867 534 900 a
555 865 744 900 Pastoribus
761 865 861 900 etiam
871 864 1082 905 distinxerit,
1107 863 1141 897 &

250 919 473 953 Doaoratum
494 927 532 950 ac
545 915 781 960 Episcopatum
792 915 934 950 sanxerit
953 916 1016 948 esse
1029 913 1144 948 discre-

249 975 307 1003 tos
326 966 478 1002 Ecclefiae
499 966 559 1000 suae
580 965 697 1010 gradus
717 991 728 1006 ,
754 966 788 1000 in
813 964 1018 1009 Apostolicis
1050 962 1142 998 Acris

248 1015 360 1053 lucide
369 1013 507 1052 affirmat
516 1016 652 1049 Sanstus
665 1014 872 1060 Evangelista
883 1015 988 1051 Lucas
999 1027 1010 1047 .·
1037 1016 1143 1047 Erant

249 1076 355 1102 autem
378 1072 412 1100 en
424 1064 573 1107 Ecclesia,
597 1076 665 1108 quae
686 1073 752 1099 erat
771 1063 956 1106 Antiochia,
983 1063 1142 1106 Prophetae

250 1116 451 1152 evadam.
478 1115 535 1150 Ab
549 1115 717 1160 Episcopis
743 1115 885 1150 omnino
896 1114 1055 1148 distincti.
1087 1114 1143 1149 Et-

249 1167 344 1203 enirn
365 1166 452 1201 inter
468 1176 525 1200 eos
547 1176 641 1200 erant
660 1166 776 1200 Saulus
789 1166 824 1200 δε
847 1164 1010 1200 Barnabas
1025 1189 1035 1205 ,
1060 1174 1143 1208 quos

250 1226 296 1252 ex
314 1214 520 1252 Dostoribus
539 1214 621 1250 dicit
638 1215 849 1260 postmodum
874 1215 1010 1258 Spiritus
1034 1214 1142 1249 sancti

250 1266 336 1313 iussu
349 1268 534 1314 segregatos
543 1277 581 1300 ac
592 1267 710 1301 electos
720 1267 814 1301 fuisse
825 1266 859 1299 in
879 1265 1059 1309 Episcopos
1072 1289 1082 1305 ,
1108 1263 1142 1297 &

252 1315 297 1351 ab
316 1316 485 1360 Apostolis
507 1317 709 1351 consecratos
731 1341 739 1349 .
767 1316 907 1352 Paulum
942 1315 1141 1359 Apostolum

254 1366 369 1405 firme,
395 1366 432 1403 dvc
450 1365 585 1409 quidem
606 1364 650 1400 ob
673 1366 834 1399 anteriora
860 1365 996 1406 merita,
1025 1366 1057 1398 in
1075 1365 1144 1398 An-

254 1413 412 1450 tioc-hena
433 1415 575 1448 Ecclesia
594 1414 702 1456 primo
726 1417 906 1449 Donorem
929 1439 940 1455 ‚
967 1427 1005 1448 ac
1034 1415 1141 1459 postea

254 1472 401 1498 creatum
414 1463 633 1506 Episcopum,
659 1462 775 1496 diserte
796 1463 934 1497 affirmat
958 1463 991 1496 in
1006 1462 1143 1498 bomilia

252 1512 299 1548 de
320 1511 495 1547 nominum
515 1513 702 1546 mutatione
732 1512 867 1549 Sanctus
887 1512 1028 1556 Ioannes
1041 1512 1146 1556 Chry·

252 1562 438 1598 sostomus.
467 1560 576 1597 Etiam
597 1562 766 1597 Simonem
790 1562 936 1608 Nigrum
965 1588 976 1604 ‚
1002 1563 1144 1598 Lucium

251 1612 478 1658 cyrenensem
492 1635 503 1651 ‚
524 1612 559 1646 ἀ
579 1611 750 1647 Manahen
774 1612 920 1647 Herodis
933 1613 1036 1658 Regis
1047 1612 1146 1648 colla-

253 1665 407 1698 &neum
430 1662 580 1697 adfirmat
601 1662 726 1697 ibidem
750 1673 920 1707 promotos
932 1663 971 1697 ad
990 1664 1147 1709 Dostora-

253 1723 331 1749 tum
346 1739 354 1746 .
380 1711 478 1748 Certe
498 1711 638 1757 gradus,
664 1724 763 1757 quem
790 1714 919 1758 propria
935 1714 1086 1755 interra,
1109 1725 1147 1748 ac

254 1764 295 1798 in
317 1774 405 1801 nova
426 1762 586 1808 religione
609 1761 930 1808 non‘dedignabatut
941 1763 1067 1810 Regius
1083 1764 1148 1798 col·

254 1813 441 1854 Ιιᾶειηευς,
467 1811 831 1858 essedebuitinsiguiter
843 1813 965 1850 nobilis
987 1815 1020 1849 dc
1044 1814 1149 1849 hono-

252 1872 346 1898 ratus
356 1889 364 1897 .
393 1862 487 1898 Hinc
495 1863 529 1896 δε
540 1863 718 1906 Septimius
730 1863 840 1899 noster
852 1864 1016 1900 Doaoxes
1036 1862 1091 1899 hic
1100 1863 1152 1899 di-

254 1913 399 1959 stinguit·
415 1912 458 1947 ab
479 1911 650 1960 Episcopis
667 1938 678 1955 ‚
703 1914 740 1948 ἀ
765 1914 909 1959 ipsorum
930 1915 965 1950 in
991 1915 1149 1950 Africana

253 1962 409 1998 Ecclesia
434 1963 572 2009 gradum
607 1962 753 1998 ostendit
787 1964 882 2000 fuisse
911 1965 1116 2001 eminentem
1141 1990 1148 1997 .

253 2014 362 2049 Hinc·
405 2014 440 2048 ὰ
474 2012 518 2048 ad
555 2014 649 2048 suum
679 2013 824 2049 clerum
858 2016 980 2059 scripsit
1016 2016 1150 2051 sanstus

253 2063 448 2108 Cyprianus
467 2077 479 2097 .-
507 2069 655 2106 optarunr
686 2063 885 2104 constituimur
908 2065 1060 2101 noenum
1093 2070 1149 2099 Au-

255 2114 419 2148 aientium.
450 2113 495 2148 Et
506 2113 650 2149 scholam
665 2113 926 2151 Alexandrinam
940 2114 1032 2151 fuiffe
1042 2115 1061 2150 a
1073 2117 1150 2152 San-

246 2165 310 2199 -fio
318 2163 439 2198 Marco
450 2164 587 2198 erestam
596 2189 608 2206 ,
624 2163 668 2198 ιἀ
680 2166 810 2209 magnis
827 2167 950 2210 semper
973 2165 1150 2201 abundasse

253 2213 481 2255 nonoribus,
507 2214 640 2248 testatur
652 2215 685 2247 in
702 2213 878 2249 Illustrium
890 2217 1032 2248 virorum
1054 2215 1149 2248 Cata-

253 2264 340 2310 logo
361 2265 496 2298 Sanetus
517 2264 764 2305 Hieronymus.
792 2265 830 2296 In
853 2264 969 2298 litteris
986 2262 1027 2297 ad
1039 2263 1150 2298 Rusti-

254 2324 333 2348 cum
355 2311 564 2346 Monachum
586 2311 693 2346 scribit
703 2311 803 2346 e'tiam
816 2314 952 2351 Roma,
979 2311 1068 2345 haud
1087 2312 1149 2346 du·

256 2363 312 2398 bie
322 2374 365 2396 ex
375 2362 482 2395 Sancti
492 2361 579 2394 Petri
599 2359 778 2400 Instituta,
806 2362 901 2394 fuiffe
921 2359 1066 2395 scholam
1088 2361 1147 2395 flo-

252 2410 485 2446 rentiffimam.
511 2409 830 2445 Nectantummodo
843 2410 1013 2452 scholam,
1039 2411 1093 2446 sed
1113 2412 1146 2445 ὅ(

253 2462 378 2496 sacram
397 2459 415 2494 ὲ
435 2458 610 2494 duodecim
634 2460 834 2496 Doctoribus
851 2461 1041 2496 facultatem
1067 2462 1149 2496 San-

256 2513 325 2546 ssus
346 2510 483 2551 Petrus,
509 2520 563 2544 aut
586 2510 659 2553 quis
678 2511 846 2554 proximus
870 2511 938 2554 ejus
958 2513 1147 2554 Successor,

256 2573 327 2597 non
350 2561 417 2595 fine
438 2558 657 2594 fundamento
681 2561 824 2596 creditur
846 2562 917 2595 istic
953 2561 1144 2596 instituisse.

255 2611 362 2646 Lucet
384 2622 426 2645 ex
439 2611 558 2655 Magni
572 2610 780 2653 Imperatoris
793 2612 1004 2646 Constantini
1017 2613 1147 2647 Institu—

256 2671 295 2696 to
316 2660 402 2705 apud
423 2660 771 2703 Constantinopolim.
799 2662 902 2709 Qod
926 2661 982 2696 ille
998 2660 1054 2696 hic
1066 2662 1147 2697 duo-

253 2710 363 2746 decim
388 2711 480 2746 sacrae
500 2710 698 2755 Theologiae
709 2712 914 2747 Dostoresin
939 2711 1146 2755 splendidissi-

256 2773 315 2796 mo
327 2761 448 2805 palatio
460 2773 535 2795 cum
549 2760 790 2802 opulentiffima
807 2761 1016 2804 Bibliotheca
1040 2764 1147 2807 posue·

257 2812 302 2844 rit
325 2835 336 2851 ‚
371 2811 530 2845 testantur
564 2811 698 2845 sanstus
736 2811 868 2856 Martyr
900 2811 1146 2857 Theophanes,

257 2860 425 2905 Georgius
449 2861 617 2895 Cedrenus
638 2886 648 2902 ,
687 2861 833 2896 Michael
853 2863 977 2905 Glycas
1002 2887 1013 2903 ,
1050 2875 1088 2897 ac
1111 2863 1145 2897 in

258 2909 445 2955 originibus
464 2911 845 2955 Constantinopolitanis
866 2912 1028 2957 Georgius
1039 2913 1147 2948 Codi-

258 2972 322 2995 nus
336 2986 342 2991 .
373 2961 415 2994 Et
429 2960 569 3002 ipsorum
584 2960 761 2996 Pri‘matem
774 2963 930 3006 posterior
943 2974 1014 2997 aetas
1035 2964 1147 3007 appel-

259 3010 338 3045 lavit
350 3010 529 3045 Dooorem
552 3013 790 3046 oecumenicum
805 3038 815 3054 ‚
843 3014 896 3047 seu
911 3014 1124 3048 universalem
1138 3039 1144 3046 .

258 3062 342 3110 Qae
360 3060 476 3094 omnia
497 3060 880 3098 Constantinusinduxit
902 3075 944 3097 ex
955 3065 1060 3098 forma
1072 3063 1145 3097 Ro-

259 3121 377 3146 mana.
404 3109 539 3144 Etenim
563 3110 890 3156 Constantinopolim
912 3115 974 3148 esse
986 3114 1079 3148 almae
1097 3125 1145 3147 ur-

256 3159 295 3195 bi
317 3172 372 3205 per
392 3167 506 3194 omnia
534 3160 797 3196 fimilem'voluit
816 3187 827 3203 ‚
853 3164 993 3208 ideoque
1018 3164 1084 3198 dici
1105 3166 1145 3198 se-

258 3211 400 3246 cundam
413 3211 447 3244 &
461 3221 581 3245 novam
600 3210 743 3245 Romam
755 3237 763 3244 .
791 3212 835 3246 Et
855 3212 941 3248 certe
959 3213 1048 3258 quod
1068 3214 1144 3248 San-

260 3262 327 3295 &us
355 3261 511 3295 Clemens
546 3260 704 3296 Pontifex
738 3261 890 3296 Sanctum
925 3263 1146 3306 Dionysium,

257 3311 338 3348 dum
370 3310 569 3354 Apostolum
603 3311 685 3345 misit
706 3311 741 3345 in
769 3312 894 3347 Gallias
916 3337 926 3353 ‚
964 3313 1142 3350 Ductorem

358 3360 466 3402 Christ.
481 3364 562 3404 Lupi
572 3366 670 3404 Opera
680 3364 713 3395 T.
723 3365 781 3396 IX.

1127 147 1151 175 '1‘
1222 146 1238 175 1
1310 144 1329 173 S

1195 209 1350 247 creaverit
1362 235 1374 251 ‚
1399 209 1598 243 asseveratio
1610 206 1708 249 hujus
1717 209 1781 244 vita
1792 208 1982 245 venerabilis
2003 209 2078 243 Me-

1196 261 1329 297 thodius
1341 286 1348 293 .
1377 259 1489 294 Simile
1500 258 1518 293 ὲ
1528 257 1674 303 pluribus
1694 255 1753 290 sub
1772 270 1840 293 uno
1852 261 1989 294 Reaore
2004 259 2074 294 Do-

1196 310 1336 349 storibus
1352 310 1545 355 Collegium
1557 308 1651 357 fuisse
1664 305 1750 350 apud
1770 307 1986 351 Cappadocia:
2006 310 2075 344 Cae-

1196 363 1320 396 saraeam
1350 360 1483 395 testatur
1503 360 1537 394 in
1549 357 1670 403 Magni
1683 355 1793 392 Basilii
1818 360 1974 393 encomio
1999 360 2082 394 San-3

1198 414 1266 446 &us
1292 410 1472 455 Gregorius
1499 409 1747 444 Nazianzenus.
1777 407 1822 441 Et
1848 408 1915 450 ipse
1931 408 2082 451 Magnus.

1199 461 1332 496 Basilius
1343 461 1462 504 scripsit
1474 460 1598 495 litteras
1606 459 1647 494 ad
1658 458 1819 493 Dostores
1831 456 1977 491 Ecclefiae
1989 456 2079 492 Neo-

1201 511 1432 546 Caesaraeensis.
1458 508 1564 558 Quod
1575 510 1675 544 etiam
1687 507 1945 551 Hierosolyma,
1972 504 2079 550 Ephe·

1201 563 1251 596 sus
1265 586 1276 602 ,
1298 562 1450 596 Caesaraea
1470 559 1671 601 Palaestinae‚
1696 557 1838 599 Edessa,
1862 558 1998 600 aliaeque
2024 566 2081 599 pet

1202 612 1375 647 Orientem
1403 609 1664 646 &Occidentem
1677 607 1855 643 nobiliores
1875 606 2082 651 Metropoies

1205 662 1379 697 habuerint
1389 660 1504 695 similia
1525 660 1718 705 gymnasia,
1740 658 1787 694 est
1813 656 1949 693 eruditis
1971 656 2085 700 explo-

1205 724 1329 748 ratum.
1770 734 1772 736 -
2043 739 2049 741 s
2081 738 2087 740 s

1254 762 1387 796 Horum
1402 761 1646 806 gymnasiorum
1674 761 1799 796 utilitas
1827 770 1924 805 atque
1937 757 2085 803 dignitas

1206 814 1281 847 sunt
1295 813 1368 846 luce
1381 810 1559 847 meridiana
1572 812 1738 846 clariores.
1767 812 1850 846 Sunt
1861 808 2086 853 fecundissima

1206 861 1465 897 Christianitatis
1492 863 1678 899 seminaria.
1709 863 1760 896 Ex
1781 863 1848 896 sola
1861 859 2090 903 uniusOrige·

1207 913 1257 947 nis
1273 911 1384 947 schola
1397 913 1531 956 quidam
1545 913 1706 948 affirmant
1718 911 1868 957 prodiisse
1893 911 1977 946 ultra
1994 910 2087 953 quiu-

1205 973 1322 1008 gentos
1336 963 1526 1006 Episcopos.
1554 962 1716 997 Hincista
1725 963 1908 1008 gymnasia,
1920 969 2089 1004 tamquam

1205 1014 1308 1057 prima
1319 1013 1435 1047 nostrae
1445 1012 1634 1057 Religionis
1645 1013 1872 1053 fundamenta,
1882 1010 2022 1057 gentiles
2033 1020 2092 1042 1²0⁹

1203 1063 1256 1096 stri
1267 1062 1485 1106 persecutores
1494 1063 1601 1105 primo
1626 1074 1664 1097 ac
1673 1063 1771 1106 pleno
1780 1064 1903 1106 semper
1916 1063 2042 1104 impetu
2053 1070 2094 1093 a-

1204 1113 1361 1147 rietarunt
1371 1137 1378 1144 .
1404 1113 1508 1160 Qod
1521 1112 1704 1156 Imperator
1715 1113 1847 1147 Severus
1858 1112 2026 1150 Pertinax,
2040 1120 2094 1142 ve-

1204 1161 1237 1197 re
1248 1163 1393 1207 pertinax
1419 1163 1452 1196 ἀ
1476 1163 1603 1196 severus
1614 1162 1717 1197 hostis
1736 1161 1913 1196 Christiani
1927 1159 2094 1198 nominis,

1205 1224 1338 1247 omnem
1349 1211 1611 1254 Alexandrinam
1625 1212 1770 1247 scholam
1781 1213 1975 1247 destruxerit
1984 1237 1994 1253 ‚
2020 1223 2095 1256 que-

1207 1265 1286 1298 ritur
1297 1263 1331 1297 in
1346 1262 1571 1299 Ecclesiastica
1584 1261 1718 1298 historia
1734 1263 1893 1298 Eusebius
1914 1263 2096 1307 Episcopus

1208 1314 1422 1349 Czsaraeenfis
1435 1339 1442 1347 .
1468 1314 1650 1358 Imperator
1662 1315 1892 1350 Diocletianus
1902 1326 1969 1348 non
1990 1312 2097 1348 solum

1209 1364 1334 1399 scholas
1343 1388 1355 1405 ,
1382 1364 1434 1398 sed
1445 1365 1479 1399 &
1491 1376 1609 1399 omnes
1622 1364 1743 1408 ubique
1757 1363 1980 1400 Bibliothecas
1999 1364 2100 1397 exus·

1209 1416 1247 1449 sit
1259 1439 1270 1456 ‚
1296 1427 1364 1460 quo
1376 1415 1486 1450 nullus
1498 1414 1707 1449 Christianus
1715 1424 1771 1449 aut
1782 1414 1901 1449 docere
1919 1414 2021 1457 posset
2040 1422 2098 1447 aut

1209 1465 1336 1500 studere
1347 1490 1354 1498 .
1381 1465 1528 1509 Julianus
1544 1465 1724 1508 Imperator
1738 1463 1896 1507 Apostata
1907 1474 2024 1498 omnes
2042 1474 2100 1498 no·

1209 1515 1286 1548 stras
1310 1514 1438 1548 scholas
1461 1513 1655 1556 transcripsit
1675 1514 1710 1547 in
1734 1514 1808 1546 suos
1819 1513 1980 1548 Doctores
1998 1513 2099 1559 Paga-

1209 1575 1288 1598 nos.
1316 1563 1496 1606 Imperator
1508 1562 1580 1597 Leo
1593 1563 1740 1603 isaurus,
1764 1562 1853 1604 quod
1874 1563 1966 1597 suam
1983 1563 2101 1597 leono-

1208 1613 1376 1648 clasiicam
1396 1614 1599 1657 impietatem
1622 1613 1715 1647 aliter
1729 1623 1795 1647 non
1814 1612 1914 1656 posset
1939 1611 2100 1652 stabilire,

1208 1663 1384 1698 duodecim
1402 1662 1552 1699 laudatos
1578 1660 1696 1699 scholae
1718 1663 2101 1709 Constantinopolitanae

1209 1714 1371 1749 Doctores
1388 1725 1465 1748 cum
1488 1715 1548 1749 suo
1571 1713 1853 1749 Gonstantiniano
1871 1714 2029 1760 Collegio
2052 1714 2102 1747 vi-

1211 1774 1267 1799 vos
1279 1763 1414 1799 exussit.
1443 1762 1546 1812 Qod
1568 1775 1625 1807 per
1635 1764 1717 1799 alias
1732 1765 1835 1798 totius
1846 1763 1972 1808 imperii
1985 1764 2102 1799 civita·

1210 1825 1258 1850 tes
1269 1815 1414 1849 clauserit
1426 1825 1541 1849 ornnes
1555 1813 1683 1851 scholas
1698 1839 1712 1856 ,
1738 1816 1873 1849 testatur
1885 1816 1921 1849 in
1941 1814 2100 1849 Ecclesia-

1211 1864 1288 1900 stica
1311 1864 1445 1900 historia
1468 1865 1657 1903 Cardinalis
1677 1864 1864 1902 Anastasius
1884 1891 1896 1907 ,
1923 1863 2103 1899 Bibliothe-

1211 1916 1316 1950 carius
1338 1914 1498 1950 Romana:
1526 1915 1677 1951 Ecclefiae
1700 1941 1709 1949 .
1736 1916 1914 1951 Sceleratus
1946 1915 2103 1959 Princeps

1211 1965 1296 2000 istud
1318 1966 1476 2001 didicerat
1489 1965 1634 2010 ajuratis
1655 1964 1847 2003 Chrfflianae
1857 1969 1933 2001 vita:
1956 1965 2103 1999 hostibus

1212 2015 1378 2052 Saracenis
1391 2042 1398 2051 .
1427 2014 1470 2050 Et
1494 2016 1606 2060 elapso
1624 2018 1738 2051 saeculo
1751 2017 1915 2051 Martinus
1936 2014 2103 2050 Lutherus

1212 2065 1297 2100 nihil
1307 2066 1422 2110 majori
1433 2066 1500 2111 egit
1512 2067 1635 2109 impetu
1647 2090 1659 2106 ‚
1685 2076 1782 2109 quam
1796 2064 1980 2098 parisiensis
1989 2075 2026 2099 ac
2037 2064 2103 2098 Lo·

1213 2117 1371 2151 raniensis
1392 2117 1656 2162 gymnasiorum,
1685 2125 1759 2158 quae
1776 2125 1920 2149 evertere
1931 2125 1998 2148 non
2010 2125 2099 2158 pote-

1213 2177 1281 2207 rat,
1309 2166 1544 2200 authoritatem
1566 2164 1847 2199 circumscribere.

1262 2215 1316 2248 Ex
1338 2214 1469 2247 adverso
1491 2213 1656 2257 principio
1671 2225 1741 2250 non
1763 2214 2039 2256 soliPontifices‚
2065 2218 2100 2251 δε

1212 2263 1349 2298 aliarum
1372 2264 1545 2298 civitatum
1568 2263 1747 2309 Episcopi,
1774 2265 1826 2299 sed
1849 2266 2004 2300 &cuncti
2020 2267 2101 2300 >vere

1213 2311 1393 2345 Christiani
1405 2312 1576 2353 Principes
1588 2315 1622 2347 in
1635 2313 1801 2358 erigendis
1812 2340 1822 2356 ,
1847 2316 2079 2350 conservandis
2089 2342 2100 2357 ‚

1212 2372 1249 2395 ac
1268 2360 1453 2405 reparandis
1475 2360 1616 2404 publicis
1635 2365 1813 2408 gymnasiis
1843 2376 1946 2400 omne
1978 2367 2101 2411 semper

1211 2411 1389 2446 adhibuere
1401 2411 1546 2447 studium
1556 2437 1568 2454 ‚
1594 2424 1711 2448 omnes
1722 2414 1804 2449 vires
1816 2439 1823 2446 .
1850 2415 1999 2461 Magnus
2010 2416 2105 2452 Con·

1211 2462 1373 2497 stantinus
1384 2486 1396 2502 ,
1421 2473 1459 2496 ac
1471 2462 1616 2507 plerique
1626 2464 1695 2508 ejus
1708 2466 1808 2509 usque
1818 2464 1858 2500 ad
1876 2464 2101 2508 Justinianum

1211 2513 1411 2547 successores
1420 2537 1431 2554 ,
1446 2511 1605 2547 bonarum
1618 2513 1797 2550 litterarum
1808 2515 1842 2548 in
1857 2514 2101 2561 publicisgym-

1210 2563 1306 2597 nafiis
1328 2563 1526 2598 Professores
1535 2575 1574 2599 ac
1585 2564 1749 2600 studiosos
1760 2565 1966 2610 ampliffimis
1982 2566 2100 2610 ssipen·

1210 2613 1296 2653 diis,
1322 2612 1506 2649 honoribus
1527 2639 1537 2655 ,
1564 2614 1741 2660 privilegiis
1764 2616 1976 2651 cumularunt
1997 2640 2007 2649 .
2031 2617 2099 2652 De-

1211 2664 1358 2698 tulerunt
1377 2664 1477 2698 etiam
1499 2663 1657 2702 Palatinae
1677 2667 1855 2701 Comitivae
1878 2667 2097 2712 dignitatem.

1211 2713 1324 2748 Plures
1337 2712 1398 2748 hac
1409 2714 1450 2748 de
1462 2724 1494 2748 re
1503 2726 1570 2749 non
1583 2714 1712 2751 tantum
1725 2715 1812 2760 leges
1821 2742 1832 2758 ,
1859 2716 1913 2750 sed
1924 2718 1959 2751 ἀ
1980 2717 2096 2751 titulos

1212 2763 1368 2799 habemus
1379 2764 1413 2798 in
1425 2764 1663 2801 Theodosiano
1675 2766 1802 2801 Codice
1811 2777 1849 2799 ac
1862 2766 2075 2808 Just‘inianaeo
2085 2792 2094 2801 .

1209 2813 1255 2848 Et
1277 2814 1361 2849 inter
1384 2814 1480 2856 vitia,
1509 2814 1682 2859 exquibus
1694 2816 1927 2859 Imperatorem
1944 2815 2096 2859 Iustinia-

1213 2876 1291 2899 num
1313 2863 1448 2908 publico
1467 2864 1548 2900 odio
1565 2877 1730 2908 exponere
1750 2865 1894 2905 studuit,
1923 2866 1958 2900 in
1977 2876 2095 2902 arcana

1212 2914 1343 2949 historia
1363 2914 1545 2958 Procopius
1559 2915 1770 2950 Cesaraeensss
1794 2926 1941 2950 numerat
1956 2927 2095 2960 quarun-

1211 2965 1287 2999 dam
1307 2965 1515 2999 scientiarum
1527 2965 1762 3000 Profefforibus
1783 2965 1955 3004 substracta
1977 2967 2093 3010 stipen-

1211 3015 1265 3049 dia
1279 3040 1287 3048 .
1315 3015 1358 3049 Et
1372 3014 1479 3049 revera
1501 3023 1556 3058 per
1567 3015 1699 3049 Petrum
1711 3014 1871 3051 Pithaeurn
1896 3017 2027 3061 vulgata
2039 3018 2093 3060 Ju-

1211 3064 1341 3102 stiniani
1355 3066 1552 3110 pragmatica
1564 3066 1685 3099 sanctio
1707 3066 1773 3101 illis
1783 3066 1941 3109 stipendia
1963 3066 2090 3101 reddit.

1211 3116 1315 3163 Qod
1339 3115 1456 3159 nempe
1475 3115 1559 3149 istud
1590 3115 1742 3160 Principe
1767 3117 1942 3162 indignum
1964 3118 2091 3151 facinus

1212 3165 1399 3200 erubescens
1427 3165 1627 3209 justinianus
1656 3166 1765 3210 postea
1802 3167 1980 3202 correxerit
2001 3192 2009 3199 .
2046 3169 2091 3204 Et

1211 3217 1365 3251 Sanffiium
1382 3217 1570 3259 Agapetum
1595 3214 1813 3260 Pontificem,
1839 3216 1930 3260 quod
1953 3216 2012 3250 sub
2023 3216 2089 3251 bar-

1212 3267 1318 3301 barica
1330 3265 1507 3301 Erulorum
1527 3266 1561 3300 &
1573 3265 1761 3302 Gothorum
1784 3267 1971 3310 captivitate
1992 3266 2091 3302 deflo-

1212 3328 1314 3353 ratam
1324 3316 1512 3353 Romanam
1531 3313 1676 3352 scholam
1688 3316 1851 3353 reduxerit
1871 3317 1906 3352 in
1917 3314 2089 3361 pristinum

1717 3367 1747 3401 Ε
1948 3367 2039 3410 vigo-
