2346 3724
157 1161 232 1200 Cap.
252 1170 301 1199 25·

170 1888 246 1928 Cap.
264 1899 291 1925 ς.

410 121 506 176 ςσό

337 195 385 239 ffae
395 194 568 238 c'ornmu'ni
580 198 662 238 odio
674 205 747 239 su'nt
759 204 878 249 optimi
900 206 1012 240 fratres
1024 229 1036 247 ,
1062 206 1096 240 &
1118 204 1228 239 intimi
1242 214 1245 221 ¹

335 250 457 289 amici.
485 254 551 289 Uti
564 255 783 290 olimPilatus
810 256 1027 291 &Herodes.
1060 256 1150 292 Istud
1179 266 1229 290 ve·

334 305 442 340 sitatis
462 304 579 340 odium
591 307 636 340 est
652 305 724 349 ipsis
740 306 873 339 veritas.

388 355 432 390 Et
456 355 591 390 istorum
627 355 839 390 schismatum
863 355 1042 400 Septimius
1064 357 1120 392 dat
1146 357 1226 392 infi-

333 416 435 451 gnem
457 407 610 441 causam.-
637 404 775 450 Agnoscit
794 415 938 439 naturam
954 405 1064 450 suam,
1092 410 1226 452 &origi-

333 453 458 499 nissuae
468 455 738 497 meremprofec‘lus
751 462 814 489 rel.
843 456 924 491 Hoc
945 457 1013 498 est,
1037 458 1130 502 juxta
1151 469 1224 492 ean-

332 506 410 542 dem
433 505 581 550 regulam
605 517 643 540 ac
655 510 787 540 morem
807 519 856 542 res
868 508 981 543 crescit
1005 519 1044 543 ac
1067 509 1198 552 proficit
1211 533 1223 549 ,

328 556 420 601 juxta
444 567 543 600 quem
566 565 640 590 nata
652 555 696 590 est
720 568 820 602 atque
843 558 964 602 coepit.
991 558 1095 592 Porro
1112 561 1222 594 omnis

327 606 451 640 haerefis
463 607 605 641 nascitur
617 617 659 640 ex
673 606 818 650 superbia
830 632 841 648 ‚
868 620 932 651 qua
950 608 1107 644 Basilides
1119 632 1130 648 ,
1155 610 1218 644 Va-

325 656 475 691 lentinus
487 682 497 698 ,
523 656 680 691 Marcion
692 681 703 698 ,
731 670 769 692 ac
780 658 838 693 alii
858 670 974 693 omnes
992 658 1219 694 Haerefiarch'ae

323 708 359 741 se
381 708 577 742 censuerunt
602 707 763 742 doctiores
783 709 877 743 omni
900 709 1070 751 Ecclefia,
1097 721 1135 744 ac
1147 710 1219 754 ipsis

322 757 424 792 etiam
439 757 633 801 Apostolis‚
660 760 817 802 atqueita
842 770 911 794 non
926 761 1002 794 sunt
1024 760 1217 796 veritilace·

322 807 511 847 satelliam,
539 808 616 842 &se
627 808 670 843 ab
695 810 763 854 ipsa
790 812 949 853 separare.
979 810 1073 845 Hinc
1087 811 1217 846 utiVa-

320 857 453 892 lentino
473 858 686 893 &Marcioni
701 885 712 901 ‚
741 859 786 894 ita
803 860 1053 896 Valentinianis
1073 873 1111 896 ac
1128 861 1216 896 Mar-

319 908 457 942 cionitis
473 909 594 943 eodem
617 909 687 952 jure
710 910 788 944 licet
801 911 838 945 de
845 909 901 954 suo
920 910 1055 950 arbitrio,
1066 911 1157 954 fidem
1170 918 1217 946 in·

320 969 456 992 novare.
487 958 614 994 Eodem
635 960 705 1003 jure
718 972 786 994 non
807 962 979 996 dumtaxat
994 962 1161 997 Lutherus
1181 962 1215 996 δι’

316 1007 484 1043 Calvinus
505 1009 551 1043 usi
575 1012 671 1049 sunt,
698 1011 752 1045 sed
775 1012 882 1055 plures
904 1013 1005 1047 etiam
1031 1013 1213 1047 Lutherani

318 1058 352 1092 ἀ
374 1059 567 1094 Calvinistae
593 1084 600 1093 .
629 1059 816 1096 Marcionis
843 1061 1017 1098 schismata
1042 1074 1212 1098 enumerat

318 1109 355 1142 in
371 1111 479 1153 primo
503 1108 725 1146 haerecicarum
747 1113 931 1147 fabularum
953 1114 1039 1148 libro
1051 1113 1213 1148 Theodo-

318 1170 430 1194 retus:
460 1163 596 1203 Apelles,
626 1164 745 1195 Pomm
760 1188 772 1203 ‚
800 1163 943 1204 Blastus,
969 1167 1112 1206 syneros,
1141 1167 1211 1198 Pre-

312 1219 378 1253 pon
388 1234 399 1250 ‚
427 1212 462 1245 &
474 1211 588 1244 Pithon
603 1212 729 1255 diversis
742 1212 887 1247 doc‘lrints
901 1214 1095 1256 praesuerunt
1105 1240 1112 1247 .
1141 1219 1209 1248 Om-

316 1271 371 1294 nes
382 1258 484 1295 autem
503 1261 671 1303 occasionem
683 1264 859 1305 acceperunt
870 1276 908 1298 ex
925 1263 1116 1308 blasphemiis
1129 1267 1209 1297 Mar-

314 1315 407 1343 cionis
420 1335 427 1343 .
457 1310 548 1344 Vide
558 1312 591 1347 &
603 1313 758 1348 Sannum
770 1312 992 1359 Epiphaniam
1004 1327 1042 1350 ac
1054 1316 1209 1350 Sanctum

317 1358 536 1395 Philassrium
550 1384 559 1393 .

415 1510 585 1579 Plerique
619 1532 681 1560 nec
715 1513 903 1582 Ecclesta‘s
938 1513 1091 1564 habent.

361 1661 467 1695 Hunc
487 1663 599 1696 locum
621 1663 798 1706 Septimius
822 1663 1012 1699 elucidatin
1036 1675 1156 1708 quarto
1171 1666 1205 1700 li-

312 1711 372 1745 bro
394 1724 509 1746 contra
535 1714 745 1748 Marcionem
768 1739 775 1746 .
807 1715 1075 1759 Apostolicarum
1094 1716 1206 1751 Eccle-

313 1762 426 1794 siarum
443 1764 646 1806 dignitatem
662 1788 672 1802 ‚
699 1777 736 1797 ac
750 1765 888 1806 ipsarum
909 1766 1067 1800 unanime
1079 1767 1119 1800 de
1130 1778 1205 1810 qua·

312 1820 390 1844 tuor
412 1811 509 1845 unius
531 1812 708 1856 Evangelii
737 1813 827 1846 libris
854 1815 1015 1856 judicium
1043 1820 1205 1859 exponit,

311 1873 351 1895 ac
377 1861 584 1903 prosequitur
604 1861 646 1895 de
657 1861 842 1896 Marcionis
867 1864 1075 1909 Evangelio:
1107 1867 1204 1899 Habet

307 1911 403 1953 plane*
430 1911 556 1944 &illud
577 1910 724 1952 Ecclefias
738 1935 748 1949 ,
768 1910 830 1954 sed
841 1910 940 1953 suns,-
966 1924 1030 1946 tam
1048 1915 1180 1955 postems
1194 1941 1204 1956 ,

310 1962 404 2004 qudm
417 1962 573 1993 adulteras
592 1985 598 1992 .
625 1962 766 2004 ,Quarum
771 1960 802 2002 fi
808 1959 925 2002 censum
946 1964 1083 2004 'req‘uiras
1096 1987 1106 2002 ,
1123 1965 1205 2005 faci-

311 2012 371 2045 lifes
384 2010 577 2052 apostaticum
589 2017 733 2044 inventas
747 2035 757 2050 ,
781 2013 1097 2054 quiimAposlole'cum:
1123 2016 1206 2046 Mar-

309 2067 394 2095 cione
400 2059 513 2104 scilicet
523 2063 674 2094 conditore
686 2086 697 2101 ‚
724 2061 777 2094 vel
785 2063 885 2103 aliquo
907 2064 946 2095 de
959 2067 1120 2095 Marcionis
1132 2076 1205 2096 exa-

311 2118 413 2145 mine.
446 2115 585 2144 Faciunt
600 2111 699 2153 favos
722 2111 893 2155 &vespae,
911 2113 1035 2154 faciunt
1059 2113 1205 2154 Ecclefias

309 2165 345 2197 ω
358 2165 546 2195 Marcionirae
558 2187 565 2194 .
594 2162 706 2195 Palam
730 2163 870 2196 affirmat
891 2163 980 2204 quod
994 2164 1205 2198 Marcionitae

310 2211 488 2246 habuerint
504 2211 660 2247 Ecclefias
673 2238 680 2244 .
710 2213 845 2256 Utique
859 2214 1085 2257 Episcopales.
1114 2215 1206 2262 Qia

310 2263 380 2297 sine
397 2263 562 2307 Episcopo
586 2275 653 2298 non
678 2264 773 2306 posiit
795 2265 857 2297 esse
874 2264 1042 2299 Ecclesia:
1072 2265 1205 2299 Etenim

311 2314 441 2356 Martyr
455 2313 604 2359 Ignatius
623 2325 660 2347 ae
672 2315 807 2347 Sanetus
820 2314 1008 2357 Cyprianus
1032 2315 1115 2348 redte
1127 2316 1205 2349 affir-

311 2376 408 2399 mant
429 2364 607 2398 Ecclesiam
620 2365 682 2398 esse
706 2366 877 2397 adunatum
889 2364 1031 2408 Episcopo
1040 2367 1184 2406 populum
1198 2391 1205 2397 .

313 2416 370 2448 An
386 2415 529 2460 integras
554 2415 601 2448 illi
615 2415 787 2455 civitates,
813 2414 847 2447 ὃ(
860 2415 919 2448 soli
940 2417 1012 2448 istic
1030 2414 1206 2449 Ecclesiam

314 2465 514 2507 habuerint,
545 2476 603 2499 nec
625 2465 785 2498 affirmare
810 2465 946 2508 poffim,
977 2465 1206 2499 necinficiari.

315 2515 465 2549 Fidelem
492 2516 708 2559 quarumdam
732 2515 904 2550 civitatum
932 2518 1092 2559 populum
1121 2515 1206 2549 haud

317 2565 416 2598 dubie
430 2566 630 2604 lacerarunt,
658 2568 691 2599 &
706 2578 746 2599 ex
764 2566 878 2606 aliquo
891 2567 959 2608 ejus
970 2566 1071 2600 frusto
1087 2567 1208 2599 confla-

317 2625 395 2649 runt
419 2615 478 2648 sibi
492 2617 688 2648 Ecclesiam.
717 2615 763 2646 lta
787 2617 878 2648 enim
891 2618 1039 2650 fecerunt
1052 2615 1207 2650 Novatia·

319 2666 436 2698 nenses
466 2689 477 2704 ‚
506 2664 693 2699 Donatistae
713 2688 723 2703 ,
753 2664 868 2697 Ariani
892 2689 903 2703 ,
944 2665 1208 2708 Apollinaristae,

317 2713 532 2752 Nestoi-iani,
562 2712 789 2756 Eutychiani,
812 2726 850 2748 ac
861 2716 1060 2749 aliaeomnes
1072 2717 1208 2759 majores

317 2765 452 2799 haereses
464 2790 471 2796 .
499 2764 547 2799 Ita
562 2764 648 2797 haud
659 2763 758 2796 dubie
771 2788 781 2803 ,
808 2775 907 2808 quem
923 2765 1138 2809 Episcopatus
1155 2778 1206 2801 cu·

318 2816 437 2859 piditas
463 2815 593 2858 abrupit
618 2814 636 2847 a
666 2812 760 2847 nobis
782 2838 791 2852 ,
820 2816 898 2848 fecit
924 2816 958 2849 ἀ
987 2816 1205 2852 Valentinus.

318 2867 422 2901 Erant
440 2876 507 2899 non
523 2864 724 2909 Apostolicae
736 2890 745 2904 ,
773 2865 825 2899 sed
840 2864 1027 2907 apostatica:
1042 2867 1204 2914 Ecclesiae.

316 2917 407 2965 Qia
420 2916 559 2959 ipsarum
576 2915 716 2954 census,
746 2915 799 2948 seu
823 2916 920 2960 origo
943 2918 1051 2951 referri
1074 2929 1139 2950 non
1155 2928 1205 2961 po

316 2977 400 3001 terat
421 2991 431 3007 ,
460 2967 517 2999 nisi
541 2966 575 2999 in
605 2966 753 2999 nostrum
778 2965 972 3008 Apostatam
996 2968 1204 3001 Marcionem

317 3028 376 3052 aut
392 3016 608 3052 Valentinum
618 3041 625 3048 .
656 3016 737 3048 Haec
750 3016 970 3058 posterioritas
982 3018 1205 3060 praescribebat

314 3068 399 3112 ipsas
424 3078 491 3101 non
515 3067 579 3100 esse
591 3065 814 3099 Christianas.
847 3067 888 3099 Et
910 3078 1002 3100 erant
1024 3068 1202 3102 admodum

315 3129 446 3164 paucae.
475 3117 569 3150 Hinc
591 3115 632 3150 de
643 3118 769 3150 cunstis
792 3116 859 3150 istis
876 3116 1078 3158 Erronibus‚
1105 3119 1202 3151 acin·

313 3165 524 3211 disciplinata
539 3167 684 3210 ipsorum
696 3167 947 3200 conversatione
959 3165 1014 3200 hic
1026 3169 1107 3203 dicit
1120 3169 1205 3202 Ter·

315 3220 491 3253 tullianusz
524 3218 662 3259 Plerique
676 3229 727 3249 nec
740 3220 769 3248 E
772 3216 882 3258 cclefias
903 3218 1017 3250 habent
1030 3244 1037 3251 .
1067 3219 1151 3261 Agit
1163 3219 1203 3252 de

315 3269 459 3310 ipsorum
484 3263 658 3310 praesertim
673 3267 843 3311 Episcopis
864 3269 897 3301 ὅ(
910 3268 1049 3302 Clericis
1061 3293 1069 3300 .
1099 3268 1141 3301 Et
1157 3270 1202 3301 af-

315 3318 422 3351 firmat
441 3319 526 3361 ipsos
544 3329 661 3352 contra
685 3316 915 3360 Apostolicum
938 3318 1112 3352 Canonem
1139 3320 1201 3352 esse

314 3366 484 3402 ordinatos
494 3369 558 3401 sine
570 3367 797 3402 Ecclesiastico
813 3369 913 3402 titulo
926 3392 934 3399 .

365 3416 502 3462 Etenim
521 3416 755 3461 Presbyteros,
783 3417 964 3462 Epist-opos
975 3442 985 3459 ,
1013 3428 1051 3452 ac
1064 3429 1200 3454 omnem

899 118 1327 165 Senot.

1247 1722 1249 1724 ’
1270 1717 1323 1750 sed
1347 1715 1455 1758 palam
1476 1714 1576 1748 etiam
1599 1712 1642 1748 de
1666 1713 1873 1749 minoribus.

1391 130 1416 161 '1
1480 131 1516 161 0
1571 132 1616 162 an

1290 201 1424 238 Clerum
1436 200 1565 236 nonnifi
1576 200 1618 237 ad
1629 201 1790 239 Civitates
1800 204 1834 239 δι
1845 203 1918 240 loca
1930 228 1942 246 ‚
1952 203 1996 240 *id
2007 204 2074 248 est‘,
2085 214 2172 245 non*-

1288 254 1345 287 nisi
1370 255 1411 288 ad
1430 264 1552 288 certam
1567 252 1765 295 Ecclesiam,
1789 256 1959 291 &certum
1979 257 2015 291 in
2028 257 2096 302 ipsa
2109 260 2170 304 miz·¹
2233 295 2235 297 ,

1287 303 1456 339 nisterium
1466 303 1647 338 consecrari
1657 303 1800 338 omnino
1809 307 1942 342 mandat
1956 306 2169 350 Apostolicus

1287 355 1406 389 Canon
1431 380 1442 396 ,
1468 355 1620 389 laudatus
1641 354 1810 397 praesertim
1832 356 1868 390 in
1886 358 2023 402 epistola
2044 357 2086 393 ad
2105 358 2170 403 Ti<

1285 416 1355 440 tum
1368 430 1375 438 .
1404 406 1510 440 Hunc
1521 405 1605 440 adeo
1617 414 1770 440 venerata
1781 404 1828 439 est
1841 408 1949 443 omnis
1957 410 2080 453 semper
2094 409 2166 444 An-

1285 457 1418 498 tiquitas
1442 480 1454 497 ,
1481 467 1520 491 ut
1542 455 1765 500 procacissima
1789 456 1967 493 Canonum
1987 461 2167 504 praevarica-

1282 508 1347 540 trix
1369 505 1692 548 Eusebiana‘fastio,
1718 507 1833 540 volens
1850 505 2032 551 Ischy'ram‚
2058 509 2167 545 Sanfli

1282 555 1455 591 Athanasii
1468 567 1658 600 protervum
1670 556 1962 599 calumniatorem,
1990 559 2164 596 hominem

1281 608 1430 650 ineptum
1450 607 1484 641 &
1504 605 1661 642 rusticum
1683 631 1694 648 ,
1721 608 1835 642 saltem
1858 608 1892 641 in
1915 610 2035 652 pictura
2054 620 2164 646 creare

1282 657 1478 702 Episcopum
1491 681 1503 698 ‚
1529 658 1685 692 creaverit
1696 658 1738 692 ad
1749 659 1798 692 sui
1808 658 1884 703 pagi
1898 660 2055 701 titulum,
2073 673 2168 697 man-

1279 708 1359 743 dans
1374 706 1443 742 illic
1458 707 1630 743 Ecclesiam
1640 707 1792 743 aedificari
1803 734 1810 742 .
1837 709 1949 754 Pagus
1961 710 2016 744 ille
2023 721 2090 746 erat
2103 712 2165 747 mi-

1281 759 1388 793 nimus
1398 758 1431 791 in
1445 758 1596 792 Mareote
1607 783 1618 800 ,
1645 758 1774 793 carebat
1789 759 1931 794 Ecclesia
1941 773 1961 801 ,·
1972 760 2048 804 ejus
2067 762 2164 805 plebs

1277 808 1501 852 frequentabat
1514 809 1613 843 vicini
1629 810 1704 853 pagi
1718 810 1897 845 Ecclesiam
1909 834 1922 850 ,
1934 821 1994 844 nec
2004 821 2163 855 umquam

1278 860 1389 903 postea
1417 860 1543 903 accepit
1567 858 1747 895 Ecclesiam
1769 883 1781 901 ,
1818 860 1961 904 ideoque
1982 861 2164 897 Ordinatio

1278 911 1336 944 ista
1347 919 1415 944 erat
1429 910 1497 944 sine
1530 908 1631 944 titulo
1645 934 1652 942 .
1680 910 1840 944 Attamen
1863 911 1992 956 prodire
2009 922 2079 945 non
2090 922 2164 955 prae-

1276 956 1407 1003 sumpsit
1428 960 1494 994 fine
1513 960 1603 994 tituli
1620 956 1719 995 fuco.
1746 959 1861 996 Habes
1883 960 1950 996 haec
1965 962 2008 1002 ‚in
2020 962 2163 998 secunda

1278 1010 1447 1056 Apologia
1471 1011 1596 1045 laudati
1619 1009 1815 1046 Athanasii.
1843 1011 1939 1046 Hinc
1958 1010 2000 1046 de
2009 1011 2162 1047 Canonis

1248 1106 1250 1108 Ι
1275 1061 1366 1095 istius
1386 1061 1651 1105 praevaricatione
1661 1061 1790 1095 Dostor
1806 1062 1916 1097 noster
1935 1062 2056 1097 merito
2066 1072 2164 1098 notat

1278 1111 1324 1145 sui
1338 1110 1496 1155 temporis
1510 1110 1679 1146 haereticos
1691 1135 1702 1151 ,
1713 1111 1748 1146 ὅ(
1759 1111 1880 1146 exinde
1889 1112 2061 1157 ptaescribit
2070 1113 2162 1156 ipsos

1275 1172 1344 1196 non
1354 1161 1418 1196 esse
1428 1170 1521 1195 veros
1533 1160 1742 1195 Christianos
1751 1186 1759 1193 .
1779 1161 1874 1196 Hinc
1886 1163 1989 1197 etiam
2001 1162 2161 1198 Sannum

1274 1212 1526 1254 Hieronymum
1537 1210 1618 1254 Joan
1625 1220 1680 1244 nes
1697 1210 1943 1253 Hierosolyma
1953 1212 2135 1256 Episcopus
2143 1235 2162 1254 ,

1274 1263 1307 1295 δε
1319 1262 1475 1295 sanetum
1501 1261 1681 1295 Paulinum
1704 1260 1813 1304 arguit
1831 1261 1969 1296 siricius
1981 1260 2163 1297 Pontifex.-

1273 1311 1377 1360 Qod
1399 1310 1455 1345 hic
1475 1310 1495 1344 ὲ
1517 1312 1660 1355 Lampio
1689 1309 1949 1345 Barchinonensi
1975 1311 2160 1354 Antistite3

1274 1363 1329 1396 ilie
1340 1363 1358 1396 a
1371 1361 1517 1395 Paulino
1529 1358 1921 1396 Antiochiae-Patriarcha
1944 1364 2022 1398 effer
2032 1362 2165 1398 absolu·

1272 1414 1304 1447 te
1325 1413 1359 1446 in
1383 1411 1615 1455 Presbyterum
1638 1412 1844 1446 consecratus
1867 1437 1875 1445 .
1906 1411 2060 1457 Uterque
2079 1412 2161 1448 istos

1272 1462 1483 1498 sanstiffimos
1496 1463 1584 1496 viros
1595 1461 1641 1497 est
1655 1461 1736 1496 dure
1749 1463 1933 1506 per-secutus
1943 1487 1952 1496 .
1978 1464 2024 1500 Et
2033 1463 2161 1498 malum

1271 1513 1448 1557 postmodo
1472 1512 1507 1546 in
1529 1521 1659 1547 tantum
1679 1512 1907 1554 invaluit,·ut
1928 1513 1987 1558 ipsi
1997 1512 2161 1554 obviares

1269 1566 1450 1598 &omnem
1470 1562 1656 1597 absolutam
1676 1562 1936 1598 ordinationem
1959 1561 2160 1608 proscribere

1269 1614 1437 1658 compulsa
1458 1613 1558 1648 fuerit
1578 1612 1733 1657 Synodus
1759 1612 2040 1648 Chalcedonensis
2059 1632 2072 1647 ·.
2113 1612 2161 1648 Et

1270 1665 1337 1699 haec
1362 1675 1433 1698 non
1454 1662 1496 1698 de
1522 1663 1600 1697 solis
1622 1662 1802 1707 majoribus
1813 1660 2001 1698 Ordinibus
2021 1662 2160 1706 statuit3

1899 1712 2075 1764 Qofflahn
2098 1715 2161 1748 suo

1268 1776 1416 1809 tempore
1453 1764 1545 1799 aliud
1587 1765 1760 1799 censentes
1794 1763 1916 1799 merito
1951 1760 2159 1808 reprehendit

1267 1816 1472 1849 Theodorus
1499 1814 1675 1848 Balsamon
1696 1838 1705 1846 .
1736 1815 1781 1849 Et
1808 1816 1963 1849 Romana
1989 1812 2159 1854 Ecclesia,

1268 1866 1342 1898 licet
1355 1864 1434 1898 istos
1446 1863 1604 1896 canones
1613 1863 1740 1896 dudum
1752 1875 1821 1897 non
1834 1862 2019 1906 probaverit
2029 1887 2042 1904 ,
2062 1862 2160 1897 istius

1267 1925 1379 1949 tamen
1402 1912 1604 1955 apostolicae
1621 1912 1739 1956 regula:
1758 1912 1868 1955 quoad
1885 1913 2031 1948 minores
2051 1913 2158 1947 etiam
2173 1945 2194 1973 F
2215 1943 2227 1974 ¹

1267 1964 1412 1997 Ordines
1431 1962 1494 1993 fuit
1516 1961 1640 2001 semper
1665 1962 1867 1995 tenaciffima
1890 1987 1898 1993 .
1924 1963 1975 1997 Ira
2001 1963 2090 1997 lucet
2111 1974 2156 1996 ex
2194 1953 2294 2015 3-95·

1267 2012 1407 2055 antiquo
1431 2006 1559 2044 Ordine
1582 2008 1740 2042 Romano
1754 2032 1762 2040 .
1789 2010 1872 2043 Non
1888 2010 1934 2043 ita
1956 2021 2076 2059 tamen,
2085 2012 2158 2046 reli·
2172 1995 2191 2022 ⁹
2212 2003 2222 2012 ⁰

1269 2072 1353 2107 quus
1363 2058 1531 2094 Occidens
1543 2083 1550 2091 .
1579 2058 1683 2093 Hunc
1695 2059 1785 2092 enim
1798 2055 1901 2095 nimia
1911 2056 2159 2098 absosute‘ordi·

1268 2121 1423 2146 natorum
1452 2109 1660 2143 Clericorum
1682 2110 1913 2144 numerositate
1934 2110 2029 2144 fuisse
2051 2109 2160 2154 pollu-

1268 2174 1338 2196 tum
1351 2160 1497 2205 queritur
1509 2159 1544 2193 in
1566 2159 1710 2193 secundo
1730 2160 1772 2193 de
1784 2160 1918 2193 Div'inis
1929 2160 2048 2194 officiis
2068 2159 2159 2195 libro

1268 2214 1403 2247 Sanc'tus
1428 2209 1566 2258 Isidorus
1582 2209 1763 2253 Episcopus
1784 2209 2005 2258 Hispalensis.
2034 2211 2078 2244 Et
2090 2221 2160 2244 ma-

1269 2265 1339 2297 lum
1360 2261 1490 2296 videtur
1513 2261 1635 2304 semper
1659 2261 1846 2294 increvisse.
1877 2255 2011 2295 Etenim
2033 2260 2075 2294 in‘
2093 2258 2158 2294 Hi-

1269 2314 1381 2349 bernia
1405 2322 1473 2345 non
1491 2311 1579 2344 solos
1595 2310 1744 2345 Clericos
1756 2336 1766 2351 ,
1792 2310 1847 2344 sed
1857 2308 1959 2345 etiam
1976 2307 2159 2354 Episcopus

1269 2366 1363 2399 fuisse
1376 2362 1525 2396 absolute
1542 2361 1715 2395 ordinatos
1727 2362 1866 2396 affirmat
1887 2361 1921 2394 δι
1931 2358 2068 2406 corrigit
2079 2362 2160 2395 81η·-

1268 2417 1336 2448 stus
1357 2413 1533 2446 Anselmus
1546 2411 1580 2444 in
1599 2412 1715 2444 litteris
1727 2412 1767 2445 ad
1780 2413 1925 2455 ipsorum
1942 2412 2069 2456 Regem
2083 2412 2159 2445 ΜΨ

1270 2462 1476 2498 riadarchum
1491 2487 1498 2493 .
1531 2461 1640 2494 Etiam
1655 2462 1796 2495 Carolus
1807 2461 1954 2505 Magnus
1965 2461 2159 2502 ‚Merovin-

1269 2514 1398 2560 giorum
1413 2513 1547 2556 Regum
1573 2513 1704 2556 ignavia
1730 2513 1850 2554 lapsam
1872 2509 2159 2545 Christianitatern

1270 2575 1418 2608 reparans
1431 2588 1441 2602 ‚
1468 2562 1591 2596 laudati
1604 2562 1885 2596 Chalcedonensis
1899 2562 2049 2595 Canonis
2062 2563 2159 2595 usum

1269 2614 1446 2649 innovavit
1468 2614 1502 2646 in
1526 2613 1590 2646 suis
1602 2612 1870 2655 Capitularibus,
1896 2622 1935 2645 ac
1953 2610 2159 2655 istndipsum

1269 2666 1338 2699 fieri
1375 2662 1460 2707 juffit
1501 2674 1557 2705 per
1595 2663 1770 2705 Synodum
1808 2663 2158 2697 Francofordiense‘m.

1269 2715 1371 2763 Qod
1395 2714 1501 2756 ipsum
1532 2713 1681 2746 fecerunt
1702 2711 2061 2756 MeldensisSynodus
2079 2734 2094 2752 ‚
2119 2712 2159 2747 ae
2188 2724 2190 2726 ’

1270 2763 1600 2810 Regia·Ticinensis.
1628 2762 1729 2806 Apud
1753 2763 1922 2807 Hispanos
1943 2763 2023 2798 item
2038 2761 2161 2797 Valent·
2191 2775 2194 2777 ’

1268 2818 1338 2852 tina
1356 2815 1511 2857 synodus
1524 2839 1534 2854 ,
1561 2815 1594 2847 &
1608 2824 1721 2855 quarta
1740 2814 1910 2847 Toletana
1925 2836 1933 2844 .

1318 2862 1458 2899 Eai'dim
1473 2865 1711 2898 Ordinationes
1724 2862 1849 2898 videtur
1858 2864 2028 2898 damnasse
2038 2874 2077 2899 ac
2086 2871 2158 2908 pm*

1267 2917 1420 2960 scripsisse
1437 2913 1598 2948 Urbanus
1624 2914 1799 2948 secundus.
1830 2914 1965 2949 Etenim
1978 2908 2158 2967 Gratiano}

1269 2970 1325 3002 suo
1337 2968 1484 3000 Decreto
1497 2965 1630 2998 inseruit
1643 2964 1732 2998 hunc
1757 2965 1845 2999 illius
1860 2965 2034 3000 Canonem
2049 2978 2056 2998 ε
2083 2963 2156 2998 Ω»-
2172 2977 2245 3009 Djst,
2259 2988 2310 3013 70·

1249 3018 1377 3080 'aarum
1405 3018 1535 3048 Parrum
1551 3017 1682 3048 statutis
1708 3014 1831 3058 consona
1848 3014 2017 3058 funditate
2027 3017 2157 3049 deee'rm-
2171 3029 2236 3060 cap·
2255 3030 2285 3048 ι..

1248 3084 1251 3125 i
1265 3080 1330 3102 mus
1343 3094 1354 3109 ‚
1381 3075 1416 3100 ut
1426 3064 1489 3106 fine
1501 3066 1586 3112 titulo
1602 3065 1694 3110 sabla
1705 3068 1868 3099 Ordmatto
1888 3072 1979 3100 irrita
1990 3065 2153 3099 habeatuw.

1266 3123 1310 3152 Et
1334 3127 1369 3151 tn
1393 3120 1454 3159 qua
1467 3116 1602 3158 Edclefial
1617 3116 1740 3158 quilibet
1752 3119 1892 3150 titulatur
1904 3116 1964 3158 est,
1990 3122 2024 3149 ln
2042 3119 2078 3147 &2
2086 3118 2158 3154 per*-

1261 3171 1351 3211 ρειιιό
1373 3165 1563 3210 persevrret.
1594 3163 1636 3200 Et
1655 3167 1796 3202 affirmat
1815 3164 1943 3202 eastum
1969 3164 1977 3175 ⁵
2014 3157 2155 3206 Syllo&

1266 3218 1469 3254 Placentina.
1484 3216 1611 3251 Verum
1622 3213 1854 3263 Illustrissimns
1867 3215 2033 3252 Dominus
2044 3212 2155 3246 Lucas

1265 3267 1462 3304 Holstenius
1486 3267 1505 3300 ὲ
1516 3268 1682 3302 Vaticana
1697 3265 1903 3315 Bibliotheca
1917 3263 2065 3308 'vulgavit
2076 3266 2155 3297 ons-

1267 3332 1322 3354 nes
1357 3318 1448 3353 istius
1486 3317 1613 3361 Synodi
1641 3320 1797 3352 Canones
1818 3327 1833 3355 ,’
1868 3315 1902 3348 δε
1928 3314 1986 3347 iste
2010 3313 2056 3347 ibi
2083 3309 2154 3346 noh

1264 3370 1420 3412 reperitur
1441 3393 1448 3400 .
1478 3368 1619 3402 Biniana
1641 3361 1851 3410 Synodornm
1878 3364 2030 3398 collectio
2051 3361 2155 3405 ponb-

1264 3421 1385 3455 riorem
1398 3419 1569 3452 dumtaxat
1583 3426 1708 3461 partem
1721 3414 1855 3450 adducit
1874 3415 1947 3451 aliis
1961 3412 2066 3449 verbis
2080 3425 2087 3443 :
2114 3414 2154 3445 Ur

1648 3482 1654 3487 ⁷
2007 3467 2103 3499 omnir
