2346 3724
128 1559 209 1598 cap.
225 1570 255 1597 4.

116 2062 192 2100 Cap·
205 2069 254 2097 40.

158 3323 234 3363 03Ρέ
255 3330 269 3360 5
274 3343 282 3352 ·
298 3327 397 3372 prope
407 3328 591 3363 Carnutum
603 3329 621 3362 ὲ
632 3327 785 3372 Legione
794 3326 928 3372 gemina
941 3349 953 3371 ,
978 3336 1077 3368 quam
1089 3324 1185 3358 Euse-

367 141 465 188 374

570 309 739 371 Ecclesia
769 314 876 358 unita
886 345 899 357 .

338 464 467 501 Nostrae
493 464 528 497 in
554 461 699 496 Ecclesia
727 460 935 504 Appariturae
970 459 1182 504 disciplinam

286 516 464 561 Septimius
491 513 597 559 pergit
626 510 860 546 commendare
883 538 890 545 .
918 510 976 547 Ab
1002 510 1181 548 haereticis,

283 579 372 613 quos
382 578 450 600 non
465 563 571 599 solum
583 574 660 597 cum
672 560 932 597 catechumenis
953 561 1038 602 suis,
1066 562 1119 595 sed
1147 560 1180 594 ἀ

284 629 363 652 cum
374 617 447 651 aliis
459 612 603 650 Seciariis
628 624 667 647 ac
688 613 762 657 ipsis
772 613 872 648 etiam
895 611 1076 659 gentilibus
1088 623 1179 645 orare

282 669 319 702 in
333 668 399 702 suis
412 663 632 702 conventibus
643 664 829 708 culpaverat
839 688 851 705 ,
877 665 1016 698 affirmat
1033 674 1095 698 nos
1106 662 1176 697 lon-

282 718 411 763 gissime
432 725 598 752 remotos:
624 714 760 758 Utpote
769 714 825 756 qui
852 714 954 750 solam
967 710 1177 749 admittamus

282 769 484 810 Ecclesiam,
513 765 600 800 solos
621 764 841 799 orthodoxos
867 776 905 799 ac
927 768 1075 809 integros
1101 764 1166 798 fide

281 819 346 852 les.
373 817 477 864 Qod
498 815 671 861 insigniter
692 814 799 860 patuit
822 815 859 848 in
882 816 1048 859 Martyrio
1067 814 1175 849 Sancti

279 867 415 911 Babylae
426 866 621 902 Patriarchae
634 864 841 901 Antiocheni
853 891 865 908 ,
891 878 930 902 ac
940 867 1011 911 ejus
1025 865 1110 900 ludia
1121 865 1175 900 ad·

280 919 391 952 versus
416 919 651 962 Imperatorem
682 916 927 952 Numerianum
954 943 962 950 .
997 915 1173 960 Septimius

277 967 373 1004 addit
400 970 581 1003 Ecclesiam
604 967 678 1002 istic
699 979 768 1002 non
792 967 1029 1003 tantummodo
1051 968 1114 1001 esse
1126 967 1173 1001 so—

276 1020 368 1061 lam,
395 1020 449 1054 sed
474 1020 607 1062 insuper
625 1040 635 1057 ,
662 1017 776 1062 utique
797 1017 838 1052 ad
861 1017 974 1054 Deum
995 1017 1172 1061 Optimum

277 1069 471 1105 Maximum
482 1069 710 1110 exorandum,
738 1070 887 1104 unitam.
914 1069 1027 1114 Hujus
1038 1068 1173 1102 unionis

275 1121 347 1155 vim
369 1121 508 1164 exponit
533 1120 569 1154 in
591 1118 677 1154 libro
696 1120 912 1165 apologetico
933 1132 941 1152 :
985 1124 1108 1152 Coimus
1129 1119 1175 1151 ad

276 1174 376 1206 Deum
389 1197 400 1212 ,
425 1170 511 1215 quafi
528 1181 621 1204 manu
634 1170 728 1211 sada
747 1170 966 1213 precationibus
981 1169 1169 1203 amblamus.

274 1228 353 1257 Haec
377 1228 427 1256 vis
440 1225 504 1256 Deo
511 1230 608 1265 grata
626 1220 665 1261 est
676 1245 684 1254 .
716 1221 759 1255 Et
771 1220 805 1255 in
821 1221 967 1264 sequenti
978 1220 1122 1264 ejusdem
1135 1219 1171 1253 li·

274 1268 463 1315 bricapite:
491 1276 584 1311 Nos,
610 1271 645 1305 in
658 1270 800 1314 publicis
821 1270 953 1314 Imperii
978 1270 1172 1305 necessitati·

269 1321 358 1361 bus,
377 1324 514 1362 jejuniis
537 1321 643 1361 aridi,
668 1323 703 1354 ὁ·
726 1328 808 1354 omni
828 1327 1014 1354 continentia
1027 1321 1169 1362 expreffi,

272 1372 313 1404 ab
332 1375 412 1404 omni
437 1374 514 1404 vitae
527 1370 622 1414 fruge
632 1371 745 1411 dilati,
773 1376 806 1403 in
811 1368 893 1412 sacco
917 1373 952 1405 δ’
972 1377 1070 1405 cinere
1082 1372 1170 1404 volu-

270 1429 376 1454 tantes
393 1445 404 1462 ,
427 1422 557 1456 invidia
570 1422 673 1454 coelum
683 1422 842 1454 tundimus
853 1443 865 1460 ,
889 1422 925 1455 ά
938 1420 1171 1464 misericordiam

272 1483 480 1515 extorquemus
506 1496 513 1505 .
552 1471 596 1505 Et
623 1471 658 1505 in
682 1470 768 1506 libro
788 1470 830 1506 ad
851 1471 1025 1516 Scapulam
1048 1472 1171 1507 Africae

271 1521 537 1557 Pro-Consulem
550 1535 562 1556 .·
589 1524 711 1555 Marcus
722 1524 857 1556 Aurelius
866 1527 900 1558 in
912 1525 1094 1556 Germanica
1118 1533 1169 1556 en-

265 1574 418 1616 peditione
428 1571 666 1612 Christianorum
678 1573 807 1607 militum
817 1573 1002 1607 orationibus
1014 1575 1059 1607 ad
1071 1576 1169 1607 Deum

262 1623 362 1667 fabiis
375 1648 386 1664 ,
413 1623 526 1657 imbres
537 1629 572 1657 in
587 1622 640 1664 fiti
662 1624 716 1656 illa
726 1628 925 1666 impetravit.
952 1625 1087 1668 ‚Quando
1109 1635 1168 1657 non

266 1674 538 1720 geniculationibus
566 1674 850 1715 &jejunationibus
861 1673 967 1714 nostris
978 1680 1071 1709 etiam
1087 1673 1166 1716 [ἰοει-

269 1733 352 1758 tates
360 1723 433 1767 sunt
444 1722 575 1767 depulsae
585 1725 599 1759 ?
626 1727 709 1756 Tunc
734 1726 769 1758 (5
774 1725 905 1767 populus
915 1725 1092 1758 adclamans
1102 1728 1166 1758 Deo

268 1778 403 1807 Deorum
415 1798 427 1813 ,
452 1781 504 1815 qui
511 1773 596 1816 solus
604 1781 710 1814 potens
723 1774 761 1812 est
774 1799 785 1814 ‚
811 1781 844 1806 in
851 1776 883 1815 J
883 1779 953 1808 ovis
975 1780 1091 1809 nomine
1102 1779 1165 1808 Deo

268 1824 363 1864 netsiro
389 1823 583 1865 testimonium
604 1822 741 1854 reddidit
762 1845 769 1852 .
796 1823 893 1855 Caeci
911 1824 1003 1859 enim
1027 1825 1166 1868 gentiles

269 1875 464 1909 invocatum
475 1873 493 1904 a
506 1870 708 1904 Christianis
719 1870 881 1905 militibus
895 1872 1085 1907 Dominum
1096 1875 1168 1917 opi-

270 1923 342 1958 nati
355 1924 431 1956 sunt
443 1921 507 1956 effe
517 1921 612 1954 suum
624 1919 754 1962 Iovem.
769 1919 824 1952 De
835 1930 901 1962 qua
912 1931 995 1954 caeca
1009 1923 1044 1953 in
1054 1923 1167 1956 Deum

269 1974 384 2008 vivum
409 1972 445 2006 δε
460 1980 569 2004 verum
591 1969 712 2013 injuria
728 1970 878 2013 queritur
901 1969 1003 2008 etiam
1020 1970 1055 2003 in
1081 1969 1168 2003 libro

271 2023 501 2068 Apologetico
522 2046 531 2055 .
569 2020 720 2054 Romani
740 2019 902 2054 exercitus
932 2029 1113 2054 extremam
1134 2020 1167 2053 in

270 2072 453 2109 Germania
464 2070 583 2116 partim
596 2071 615 2104 a
627 2069 679 2104 fiti
704 2069 848 2110 &aestu‚
875 2070 994 2113 partim
1017 2071 1036 2104 a
1050 2069 1169 2104 barba·-

270 2126 316 2160 ris
327 2121 573 2162 necessitatem,
598 2121 634 2154 &
656 2120 865 2155 incruentum
889 2119 1086 2155 Christianae
1109 2119 1171 2154 sul-

258 2173 457 2212 ‘minatricis
478 2171 639 2216 Legionis
651 2170 693 2205 de
715 2168 806 2204 hisce
816 2169 1022 2214 triumphum
1036 2195 1048 2212 ‚
1073 2170 1171 2204 latius
1198 2184 1200 2186 >

271 2226 420 2261 referunt
440 2223 476 2256 in
498 2220 724 2256 Ecclesiastica
747 2219 883 2256 historia
897 2220 1058 2255 Eusebius
1071 2221 1172 2255 Caesa-
1197 2235 1201 2254 ὲ

273 2276 391 2311 reensis
405 2298 417 2315 ,
444 2272 481 2307 in
506 2271 648 2306 secunda
669 2271 711 2306 de
732 2269 950 2315 quadraginta
967 2269 1174 2314 Martyribus

273 2325 427 2361 oratione
436 2324 571 2358 Sanetus
583 2321 768 2366 Gregorius
779 2322 960 2366 Episcopus
983 2321 1019 2355 N
1021 2322 1171 2365 yffenus,
1199 2348 1201 2368 3

274 2377 401 2412 Paulus
414 2374 549 2409 Orosius
560 2398 571 2413 ‚
599 2373 633 2406 in
645 2372 755 2407 Marci
767 2371 896 2406 Aurelii
913 2372 980 2406 vita
993 2371 1099 2414 Julius
1110 2370 1181 2404 Car
1199 2413 1202 2417 ⁸

276 2427 464 2471 pitolinus,
489 2423 689 2458 Ammianus
711 2422 950 2461 Marcellinus,
975 2421 1010 2455 &
1031 2421 1067 2456 in
1090 2420 1175 2453 Dio·
1198 2437 1202 2443 ν

276 2477 331 2512 nis
342 2477 501 2520 Epitome
511 2471 875 2518 Joanneinphilinus.
904 2471 1090 2516 Nongenta
1118 2471 1175 2504 -se-
1200 2476 1201 2479 ’

277 2527 455 2570 ptuaginta
477 2525 722 2559 Germanorum
742 2523 849 2557 millia
870 2522 1065 2556 Romanum
1078 2545 1090 2564 ,
1117 2520 1176 2565 qui

279 2586 338 2620 per
347 2576 494 2619 quinque
516 2575 586 2609 dies
609 2585 677 2607 non
698 2573 846 2613 biberat,
871 2570 1177 2616 circumcingebant
1199 2579 1204 2602 ἑ

280 2626 465 2660 exercitum
477 2648 488 2664 ,
513 2624 549 2658 &
560 2623 615 2656 hic
628 2635 707 2656 cum
721 2623 877 2667 Augusto
890 2623 1044 2666 Principe
1063 2623 1175 2655 freme-

282 2677 339 2710 bat
350 2687 395 2709 ex
404 2685 498 2709 ruore
507 2673 544 2706 in
559 2671 767 2706 Christianos
777 2696 788 2713 ‚
817 2672 865 2706 uti
881 2671 1011 2705 Atheos
1021 2696 1032 2712 ,
1058 2672 1092 2704 &
1103 2683 1176 2705 cau-

282 2727 353 2760 sam
364 2733 464 2759 tantae
481 2722 695 2757 calamitatis.
722 2721 819 2754 Hinc
838 2721 888 2754 illi
902 2722 1036 2755 Divinae
1058 2720 1180 2763 injuriae
1204 2748 1205 2753 ,

285 2777 359 2811 zelo
370 2773 494 2810 accensi
507 2774 712 2817 segregarunt
736 2771 767 2805 se
779 2771 822 2806 ab
842 2773 1003 2806 exercitus
1021 2782 1180 2815 corpore,

285 2828 323 2864 &
342 2827 424 2861 fasta
445 2824 544 2859 unitae
557 2821 814 2868 geniculationis
838 2823 872 2857 δι
883 2822 1044 2856 orationis
1053 2832 1154 2856 manu
1168 2846 1180 2863 ,

288 2875 454 2911 Romanis
468 2874 613 2918 pluviam
638 2873 674 2907 <Sc
695 2883 810 2917 potum
824 2896 835 2913 ,
861 2872 994 2920 igneam
1016 2872 1049 2906 in
1071 2871 1182 2907 barba-

290 2938 343 2962 ros
353 2936 431 2961 cum
448 2923 644 2959 fulminibus
654 2923 852 2968 grandinem
863 2923 882 2957 a
893 2922 1020 2957 Divina
1041 2923 1182 2957 clemen-

291 2978 339 3012 tia
359 2977 585 3011 extorserunt.
611 2975 708 3009 Hinc
730 2973 935 3018 palinodiam
955 2973 1100 3007 cantavit
1122 2974 1183 3007 lm·

290 3038 420 3072 perator
443 3024 599 3061 Aurelius
619 3024 839 3065 Antoninus,
864 3023 1070 3059 &solemnes
1080 3023 1121 3057 de
1135 3024 1182 3057 in-

292 3077 410 3113 visibili
421 3075 684 3119 Christianorum
697 3075 775 3109 Deo
786 3075 908 3108 litteras
930 3073 1050 3118 scripsit
1072 3073 1114 3109 ad
1125 3074 1184 3108 Se-

293 3139 432 3170 natum,
461 3126 673 3170 vetansipsos
683 3126 825 3160 accusari
836 3123 1014 3168 deinceps,
1039 3135 1096 3158 aut
1116 3124 1183 3158 ulla

294 3179 518 3224 persecutione
528 3176 652 3211 vexari.
684 3176 826 3210 Exstant
837 3176 955 3210 litterae
965 3175 1051 3219 apud
1073 3174 1183 3209 lauda·

295 3239 368 3263 turn
388 3228 589 3268 Eusebium,
615 3226 762 3271 ipsasque
787 3227 822 3260 in
844 3225 930 3260 libro
954 3225 1184 3271 Apologetico

297 3278 409 3313 laudat
419 3278 519 3313 etiam
542 3277 717 3322 Septimius
732 3301 740 3309 .
767 3276 874 3321 Aiunt
896 3276 930 3310 id
949 3276 1070 3310 salium
1091 3274 1185 3308 fuisse

300 3378 375 3413 bius
395 3386 491 3410 vocat
510 3377 702 3412 Melitinam
715 3402 723 3410 .
754 3377 862 3419 Ipsam
882 3375 972 3410 enim
994 3386 1037 3409 ex
1059 3372 1184 3408 duabus

301 3425 415 3465 mixtis
435 3426 531 3463 fuisse
540 3427 718 3463 conflatam
738 3427 878 3463 affirmat
889 3424 1036 3471 praefatus
1047 3422 1186 3469 Xiphili-

893 125 1227 172 Seno

1297 131 1664 169 L1·0N‘

1248 219 1328 243 nus.
1355 208 1538 245 Postmodo
1549 208 1590 243 ad
1603 215 1790 254 perpetuam
1808 211 1854 248 rei
1867 212 2060 250 memoriam
2071 211 2137 250 fust

1246 259 1406 303 appellata
1428 260 1539 305 Legio
1562 260 1770 296 fulminati-ix
1793 286 1802 294 .
1839 264 1966 301 ‚Verum
1991 275 2033 299 ex
2059 266 2138 310 ipsis

1244 309 1337 343 fuisse
1359 312 1433 345 suos
1453 310 1669 356 quadraginta
1681 311 1847 356 Martyres
1867 315 1988 350 labitur
2000 316 2134 360 Grego-

1242 360 1308 394 rius
1321 361 1506 404 Nyffenus.
1535 360 1584 396 Hi
1595 363 1670 396 sunt
1681 361 1783 408 longe
1804 362 1966 406 juniores.
1995 365 2132 410 Utpote

1242 410 1320 454 paffi
1345 409 1404 445 sub
1430 412 1634 457 Imperatore
1656 412 1791 448 Licinio
1814 438 1822 446 .
1848 414 1933 451 Item
1952 416 2132 462 legendum

1242 471 1309 493 non
1322 461 1368 494 est
1379 486 1390 502 ,
1415 466 1587 497 Carnutum
1599 487 1610 504 ,
1636 463 1690 498 sed
1703 466 1898 498 Carnuntum
1910 489 1918 497 ·
1945 465 2025 502 Haec
2039 469 2133 501 enim

1239 510 1424 594 eGstHcivitas
1444 514 1557 557 primae
1577 513 1761 550 Pannoniae
1781 540 1790 549 .
1817 515 2003 553 Carnutum
2026 518 2071 552 est
2093 516 2132 552 in

1275 572 1291 594 a
1322 572 1352 595 ra
1365 586 1373 594 .

1288 612 1488 647 Communis
1512 613 1554 647 ab
1576 615 1671 650 unita
1695 614 1840 651 Ecclesia
1862 616 2025 652 orationis
2035 616 2132 652 virtu·

1238 671 1304 695 tem
1317 662 1429 697 laudat
1440 665 1541 698 etiam
1551 663 1687 700 Sanctus
1699 667 1840 701 lrenaeus
1848 691 1860 708 ,
1888 668 2067 714 asseverans
2082 668 2132 702 s'u-

1239 711 1315 745 scita
1321 712 1461 747 ndorum
1473 724 1678 750 mortuorum
1688 717 1722 751 δε
1732 718 1872 752 aliorum
1896 718 2131 752 miraculorum

1236 761 1376 806 gratiam
1389 764 1447 797 suo
1458 762 1567 800 adhuc
1579 776 1725 809 tempore
1746 768 1955 812 perseverasse
1968 768 2003 802 in
2018 767 2132 801 Eccle-

1236 813 1288 846 siis
1300 836 1312 853 ,
1337 825 1375 848 ac
1387 813 1452 858 ipsa
1465 814 1535 849 fieri
1555 814 1707 859 saepffme
1722 827 1847 860 propter
1867 818 1988 861 aliquid
2010 817 2130 859 necessa·
2145 838 2205 872 Lib.
2224 849 2253 869 ι.

1235 868 1315 897 rium
1328 888 1339 904 ,
1365 868 1576 899 Fraternitate
1587 866 1732 912 universa
1736 878 1795 912 per
1801 870 1951 910 jejunium
1969 869 2004 903 (θ’
2012 866 2129 924 suppli·
2145 889 2209 919 αἱ),
2220 883 2266 916 ,6,
2298 866 2302 871 ’

1233 918 1378 949 cntionem
1399 917 1526 949 multam
1551 917 1718 959 postulante
1742 944 1750 952 .
1787 919 2017 953 Ninivitarum
2048 918 2127 961 jeju-

1235 965 1327 998 nium
1347 966 1382 1000 &
1393 967 1577 1000 orationem
1598 968 1710 1003 la'udat
1721 970 1824 1003 etiam
1836 967 1871 1002 in
1882 969 2023 1004 secunda
2036 969 2132 1013 super

1233 1014 1408 1050 secundam
1430 1016 1471 1050 ad
1493 1016 1692 1053 Corinthios
1712 1018 1886 1063 epistolam
1899 1017 2039 1054 homilia
2053 1020 2135 1054 San-

1233 1066 1302 1099 stus
1325 1065 1469 1108 Joannes
1490 1065 1750 1110 Chrysostomus
1763 1093 1774 1110 ,
1799 1070 1835 1104 ἀ
1856 1068 2029 1115 adjungit.-
2055 1071 2135 1103 Per-

1228 1112 1312 1158 saepe‘
1328 1118 1412 1149 Deus
1433 1114 1520 1159 quast
1533 1119 1648 1158 pudore
1659 1127 1852 1154 commovetur
1865 1142 1877 1160 ,
1903 1121 1976 1153 dum
1993 1120 2132 1153 multitu·

1231 1166 1336 1199 dinem
1357 1170 1391 1199 in
1407 1171 1579 1208 precatione
1600 1171 1770 1202 concordem
1794 1178 1887 1210 atque
1912 1167 2132 1211 conspirantem

1235 1220 1328 1253 cernit
1337 1240 1345 1248 .
1374 1215 1481 1250 Vario
1490 1216 1526 1251 id
1538 1215 1741 1252 demonstrat
1751 1217 1907 1260 exemplo
1917 1242 1926 1250 .
1953 1218 1992 1252 ln
2004 1227 2134 1262 quarta·

1235 1266 1363 1300 decima
1374 1267 1468 1311 super
1476 1267 1649 1311 epistolam
1658 1266 1699 1302 ad
1710 1267 1886 1302 Romanos
1896 1265 1936 1301 ad
1948 1266 2018 1302 haec
2039 1268 2135 1312 Apo-

1237 1316 1314 1350 stoli
1328 1316 1420 1351 verba
1431 1341 1443 1358 ‚
1469 1319 1599 1360 Spiritus
1611 1319 1787 1361 interpellat
1793 1326 1851 1362 pro
1862 1317 1945 1351 nobis
1965 1318 2139 1362 gemitibus·

1235 1367 1505 1408 inenarrabilibus,
1533 1366 1662 1402 scribit:
1688 1367 1855 1413 Obscurum
1874 1368 1912 1408 est
1923 1367 1974 1401 boc
1984 1368 2105 1402 Didiam
2119 1392 2132 1410 ,

1233 1419 1393 1460 propterte?
1415 1419 1497 1461 quod
1515 1418 1612 1452 multa
1621 1430 1660 1453 ex
1672 1425 1710 1452 iis
1724 1421 1892 1459 miracula,
1919 1429 1985 1462 quae
2005 1427 2075 1452 tunc
2083 1417 2136 1460 fie-

1236 1477 1325 1508 rent,
1345 1468 1415 1511 fieri
1439 1479 1515 1502 nunc
1536 1468 1672 1511 defierint
1684 1493 1692 1502 .
1719 1473 1773 1504 Ea
1790 1477 1914 1513 propter
1922 1469 2026 1512 neceffe
2046 1469 2137 1502 nobis·

1235 1518 1274 1559 est
1284 1530 1385 1552 rerum
1395 1519 1634 1560 illarumflatum
1645 1531 1702 1553 vos
1716 1522 1818 1555 docere
1829 1545 1841 1561 ,
1851 1529 1940 1564 atque
1950 1524 1996 1552 ita
2010 1519 2135 1553 demum

1235 1575 1368 1612 apertior
1391 1576 1450 1604 erit
1468 1568 1566 1614 santo
1586 1594 1595 1603 .
1621 1570 1712 1605 Inter
1733 1571 1899 1615 primaevas
1917 1570 2022 1615 gratis
2040 1569 2135 1604 dates

1235 1620 1357 1665 gratias
1377 1621 1518 1655 affirmat
1537 1620 1622 1655 olim
1643 1620 1740 1656 fuisse
1760 1621 1795 1655 δε
1814 1620 1957 1667 spiritale
1978 1618 2136 1664 precandi

1236 1669 1432 1710 Charffma,
1456 1681 1524 1714 quo
1535 1672 1609 1714 quis
1620 1672 1725 1706 nosset
1737 1669 1818 1715 quid
1840 1669 1969 1705 Divina
1991 1669 2139 1704 clemen·

1237 1720 1284 1755 tia
1308 1722 1342 1755 se
1361 1721 1446 1756 orari
1471 1721 1571 1756 vellet
1581 1721 1624 1756 ab
1636 1721 1781 1756 Ecclesia
1793 1745 1806 1762 ,
1829 1721 1913 1766 quid
1923 1718 2137 1759 concedere,

1235 1769 1314 1815 quid
1325 1771 1504 1816 denegare.
1531 1772 1757 1815 Hic,inquit‚
1782 1771 1939 1806 obtinebat
1963 1769 2135 1812 Prophettae

1235 1823 1343 1854 donum
1355 1846 1366 1862 ,
1392 1824 1441 1854 ille
1447 1820 1611 1864 sapientiae
1622 1845 1634 1861 ,
1660 1824 1708 1854 ille
1720 1820 1913 1864 sanitatum,
1937 1819 1989 1854 ille
2005 1818 2136 1862 potesta-

1235 1880 1300 1903 tum
1308 1895 1321 1911 ‚
1346 1872 1397 1903 ille
1409 1881 1511 1903 autem
1530 1871 1702 1913 ltnguarum
1713 1893 1721 1900 .
1750 1873 1840 1902 Porro
1865 1881 1928 1903 una
1938 1880 2002 1902 cum
2012 1869 2060 1902 his
2071 1879 2136 1902 otn-

1235 1920 1324 1953 nibus
1337 1929 1403 1952 erat
1414 1921 1449 1952 δ’
1456 1928 1578 1958 precum
1588 1920 1698 1949 donum
1709 1941 1720 1955 ,
1745 1920 1825 1957 quod
1835 1920 1871 1952 (5
1882 1917 1980 1962 ipficm
1999 1921 2134 1961 spirituo

1197 1962 1200 1967 ’
1236 1967 1410 1998 dicebatur.
1438 1967 1507 2008 ,Quo
1529 1970 1580 2007 qui
1596 1966 1752 2006 praeditus
1772 1973 1861 2006 etat,
1881 1974 1942 2008 pro
1958 1969 2044 2008 plebe
2061 1973 2135 2002 uni-

1237 2013 1328 2059 versa
1335 2023 1443 2057 preces
1450 2014 1619 2057 fundebat.
1644 2011 1882 2057 ,qandoquidem
1893 2020 1974 2048 enim
1979 2017 2136 2058 pes-mito

1237 2076 1304 2099 cum
1331 2071 1498 2109 ignoremus
1507 2076 1604 2099 eorum
1622 2076 1691 2107 quae
1701 2064 1784 2098 nobis
1792 2066 1978 2106 conducunt,
2004 2075 2072 2108 qnae
2082 2070 2139 2099 mi-

1237 2116 1317 2149 nime
1344 2117 1507 2149 conducunt
1522 2115 1730 2158 postulamus,
1755 2115 1862 2156 acceffit
1882 2116 1994 2149 donum
2009 2123 2136 2158 precum

1238 2166 1285 2200 ad
1305 2177 1397 2200 unum
1406 2167 1536 2208 aliquem
1545 2169 1704 2207 eorumqui
1717 2170 1957 2206 tumvioemtt,
1983 2173 2036 2208 qui
2054 2165 2138 2208 quod

1240 2221 1432 2253 communiter
1443 2215 1632 2258 univerfitati
1643 2213 1776 2256 Ecclefiae
1787 2215 1987 2255 conducebat,
2012 2217 2050 2249 id
2067 2225 2148 2249 tum.

1242 2265 1303 2310 ipse
1313 2276 1370 2310 pro
1378 2266 1519 2301 omnibus
1524 2265 1676 2309 postulans
1681 2264 1778 2305 staret
1787 2289 1799 2306 ,
1824 2273 1891 2299 tum
1901 2266 1976 2299 aiios
1996 2267 2114 2300 doceret
2122 2292 2133 2299 .

1240 2320 1389 2360 spiritum
1413 2322 1507 2361 iginoe
1529 2316 1676 2359 Apostolus
1688 2315 1736 2349 bic
1756 2324 1844 2349 vocat
1853 2323 1919 2348 tm
1930 2318 1992 2349 tale
2002 2318 2114 2350 donum
2123 2340 2142 2361 ,v

1241 2377 1305 2401 tum
1330 2373 1487 2408 animam,
1513 2378 1582 2409 quae
1600 2368 1710 2400 donum
1731 2367 1767 2399 id
1784 2364 1948 2409 susciperet
1966 2390 1979 2407 ‚
2006 2376 2137 2410 queque

1239 2418 1326 2460 apud
1345 2428 1409 2451 eum
1430 2418 1623 2451 intercederet
1636 2427 1670 2449 ac
1675 2425 1825 2459 gemeret.
1853 2417 1920 2459 ,Qui
1930 2421 2012 2449 enim
2030 2414 2134 2460 bujufi

1241 2469 1320 2501 modi
1324 2475 1434 2512 gratia
1445 2468 1555 2510 dignus
1568 2465 1606 2506 est
1618 2465 1738 2499 habitus
1749 2490 1760 2506 ,
1785 2471 1813 2498 is
1836 2476 1949 2508 magna
1958 2476 2024 2498 cum
2032 2471 2135 2501 animi

1241 2517 1458 2560 compumfi'ione
1471 2517 1559 2558 stans
1570 2541 1581 2557 ,
1607 2518 1711 2549 multis
1732 2519 1805 2548 item
1816 2525 1882 2547 cum
1902 2514 2063 2557 gensitibus
2073 2523 2132 2558 po-

1236 2569 1332 2609 stulat
1352 2580 1419 2610 quae
1439 2565 1650 2608 omnibussunt
1661 2564 1742 2608 usiti-
1775 2566 1872 2605 CuJ‘us
1885 2567 1919 2597 Θ·
1931 2563 2132 2609 nuncfigmtm

1243 2623 1392 2652 Diaconus
1413 2618 1472 2658 eff,
1495 2625 1551 2659 pro
1569 2617 1676 2658 populo
1682 2624 1784 2657 preces
1804 2616 1871 2656 eJ'us
1891 2614 2036 2655 offerens.
2062 2615 2129 2651 Pet·

1232 2668 1348 2703 'hocce
1357 2668 1455 2701 unius
1465 2667 1592 2701 donum
1605 2667 1723 2710 quaevis
1731 2665 1875 2700 adunata
1887 2663 2032 2700 Ecclesia
2041 2676 2138 2701 com·

1243 2729 1360 2753 munes
1372 2719 1443 2752 suas
1464 2717 1701 2761 postulationes
1710 2716 1800 2750 certo
1814 2714 1985 2750 obtinebat
1997 2740 2005 2748 .

1295 2770 1339 2804 Et
1359 2768 1439 2803 hinc
1450 2768 1634 2803 Collecstam
1647 2768 1699 2801 seu
1711 2776 1924 2802 communem
1941 2765 2132 2801 orationem

1245 2819 1389 2855 dicturus
1410 2819 1565 2854 Sacerdos
1586 2818 1772 2862 praemittit:
1801 2820 1948 2851 Dominus
1964 2814 2134 2859 vobiscum·

1247 2871 1291 2905 Et
1309 2869 1418 2905 omnis
1439 2869 1579 2913 populus
1590 2867 1782 2912 respondet:
1808 2870 1928 2901 Etcum
1933 2865 2046 2910 spiritu
2067 2874 2137 2900 tuo.

1248 2922 1359 2955 Etiam
1380 2920 1422 2955 de
1443 2919 1493 2954 his
1513 2919 1610 2954 dico.-
1640 2917 1773 2961 obscura
1787 2915 1859 2962 funt
1872 2916 1958 2959 baec,
1981 2922 2052 2960 quia
2061 2919 2141 2961 ipso-

1247 2984 1313 3006 rum
1324 2972 1416 3005 radix
1435 2972 1470 3005 (er
1479 2975 1558 3004 ratio
1571 2980 1624 3003 nos
1637 2968 1804 3012 deseruere.
1833 2967 1982 3003 Laudata
1999 2967 2139 3012 spirituo

1250 3021 1456 3059 Charismata
1476 3021 1595 3055 iterum
1617 3020 1727 3054 laudat
1750 3020 1785 3053 in
1808 3019 1969 3064 trigesima
1992 3017 2138 3053 sextasn·

1248 3083 1303 3116 per
1336 3073 1474 3115 primam
1500 3071 1542 3106 ad
1567 3067 1767 3105 Corinthios
1795 3070 1968 3113 epistolam
1995 3065 2135 3102 homilia

1249 3124 1384 3158 Sanetus
1402 3123 1546 3166 Joannes
1567 3119 1826 3164 Chrysostomus
1837 3144 1849 3161 ,
1875 3120 1910 3154 δε
1930 3120 2054 3165 pergit:
2073 3115 2140 3148 'sed

1251 3184 1330 3208 nunc
1351 3174 1468 3206 illorum
1487 3173 1629 3205 donorum
1643 3169 1774 3214 simbola
1782 3182 1819 3205 ac
1835 3170 1921 3215 figna
1931 3169 2047 3202 tantum
2058 3173 2139 3197 tene-

1250 3236 1316 3257 mus
1326 3249 1334 3257 .
1361 3227 1449 3257 Nam
1458 3233 1534 3256 nunc
1544 3233 1656 3266 quoque
1666 3223 1725 3255 duo
1736 3230 1859 3256 auttres
1875 3223 1997 3256 auimo:
2007 3240 2018 3255 ,
2046 3215 2080 3247 (9
2092 3218 2139 3246 ¹⁰¹·

1250 3275 1355 3315 cifflm,
1383 3274 1418 3307 (τ
1438 3274 1498 3306 alio
1517 3282 1635 3307 tacente
1657 3273 1736 3306 alius
1756 3277 1880 3314 incipit.
1905 3267 1963 3300 sed
1981 3265 2045 3297 baec
2060 3261 2134 3306 sune

1251 3325 1371 3358 tantum
1385 3322 1590 3367 illorumfigna
1600 3325 1634 3360 (η’
1645 3328 1831 3356 monimenta.
1843 3316 2004 3358 Propterea
2016 3314 2139 3371 quanti·

1253 3379 1446 3415 inceperimus
1457 3375 1566 3414 dicere,
1573 3374 1700 3415 populus
1709 3369 1866 3412 respondet
1882 3391 1893 3407 ,
1906 3367 1952 3400 Et
1961 3375 2037 3399 cum
2050 3365 2138 3407 spin-

1255 3424 1322 3459 ritu
1332 3433 1393 3458 tuo
1405 3448 1417 3465 ,
1441 3422 1595 3464 ostendens
1605 3422 1686 3464 quod
1692 3417 1805 3461 olimfic
1814 3417 1955 3452 dicebant
1965 3439 1978 3458 ,
2003 3425 2061 3448 non
2070 3410 2139 3495 issu!

2022 3474 2069 3497 mo
