2346 3724
754 139 1169 183 CAPIT

252 228 393 260 vinorum
413 221 650 264 Evangeliorum
670 222 851 254 auditionem
876 219 981 261 statim
1004 226 1112 252 exeunt
1127 241 1135 250 .

254 276 304 309 1111·
316 276 386 308 vm>
391 275 461 314 jam
465 272 584 314 pridem
594 272 765 314 accesserunt
776 295 787 311 ‚
815 272 849 305 &³
858 268 1049 315 perfec‘Jiores
1057 267 1142 308 facit·

252 324 326 369 sunt
340 349 348 356 .
374 323 457 355 Unde
479 323 513 355 (9
534 325 701 355 Orationem
713 345 723 360 ,
749 331 816 363 quae
821 319 859 364 fit
865 318 954 363 super
969 317 1141 352 Catehume-

255 371 333 413 nas,
357 370 529 414 exspeclant
544 396 556 413 ,
583 373 618 406 c>-
636 370 850 415 genuflee‘lunt.
879 370 1014 413 ,Quando
1045 378 1143 401 autem

252 429 482 467 pronuntiatum
485 422 584 464 fuerit
596 447 605 462 ,
617 417 856 455 Catechumeni
868 417 1035 463 procedite
1044 443 1055 459 ,
1075 427 1144 451 tunc

257 475 292 508 Θ
312 471 368 515 ipsi
392 482 519 506 exeunt.
552 472 650 507 Alios
672 471 733 505 effe
754 470 944 509 audientes,
970 468 1052 503 alios
1062 467 1144 502 dicit

257 525 400 557 Orantes
417 548 426 565 ‚
453 522 634 557 Substratos
648 545 659 562 ‚
672 534 674 536 ·
688 522 740 556 seu
764 519 1043 554 Genu-flectentes
1060 529 1067 549 :
1101 517 1144 551 Et

258 572 336 607 illos
348 572 459 607 audire
474 572 690 617 Evangelium
701 583 738 605 ac
751 567 919 613 publicum
931 569 973 604 de
997 569 1068 613 ipso
1079 578 1146 601 ver·
1171 592 1176 598 r

258 618 338 658 bum
352 648 363 663 ,
388 624 422 657 &
445 633 524 658 tunc
545 621 689 656 dimitti.
723 620 789 655 Uti
811 620 955 664 duplices
977 617 1038 654 hos
1051 617 1146 652 Cate-

259 673 443 709 chumenos
454 698 464 713 ‚
490 671 534 707 ita
547 671 712 716 duplicem
725 670 898 716 distinguit
911 670 1055 713 ipsorum
1067 667 1146 701 Mis-

260 723 328 757 sam
343 725 395 758 seu
406 723 595 766 ejectionem
607 745 615 754 .
643 719 705 755 Iste
722 720 900 755 Manichaei
912 716 1146 754 reconciliandi

261 773 358 809 Ordo
378 774 475 816 quam
500 774 537 807 sit
549 772 703 815 antiquus
715 795 726 811 ‚
752 772 889 816 ignoro.
915 768 996 803 Non
1009 768 1053 803 est
1064 767 1147 802 anti-

261 823 430 868 quiffimus
453 848 459 855 .
488 822 643 856 Ostendit
669 822 725 856 suo
747 829 893 864 tempore
913 819 1054 865 gentiles
1071 841 1083 858 ,
1109 827 1148 851 ac

262 873 403 916 duplicis
428 871 625 907 Divinitatis
643 871 816 906 fabulones
832 869 999 905 haereticos
1009 867 1149 904 necdum

265 923 361 958 fuiffe
384 921 538 957 admissos
568 919 608 956 ad
619 921 786 965 publicum
798 917 1010 955 Dei'verbum
1022 943 1029 950 .
1056 916 1150 950 Istius

263 974 354 1007 enim
366 971 544 1006 auditionis
553 970 603 1015 jus
614 970 790 1015 nequidem
801 968 996 1004 Christianis
1018 965 1130 1003 tribuit
1142 988 1153 1005 ‚

263 1021 318 1057 sed
331 1021 407 1056 solis
419 1019 660 1056 Audientibus.
688 1019 818 1064 Nempe
828 1018 890 1054 hac
901 1019 937 1052 in
959 1028 993 1054 re
1003 1027 1076 1052 mos
1092 1015 1151 1050 Ec·

265 1072 433 1108 elefiarum
444 1071 508 1105 fuit
520 1072 642 1114 semper
655 1067 759 1103 varius
769 1092 778 1101 .

314 1118 536 1153 Audientium
570 1117 701 1154 classem
733 1115 816 1153 reste
847 1118 882 1152 in
918 1116 999 1153 duas
1033 1115 1153 1152 dividit

261 1168 467 1204 Theodorus
491 1167 665 1203 Balsamon
685 1193 694 1202 .
722 1168 866 1213 idipsum
888 1167 996 1203 lucide
1025 1168 1154 1204 faciunt

265 1219 425 1254 Cauones
447 1217 601 1253 Nicaenus
611 1229 649 1253 ac
662 1218 981 1254 Neo-Caesaraeenfis.
1008 1219 1053 1254 Et
1073 1218 1155 1262 idip-

265 1269 337 1303 sum
365 1268 529 1313 -sstpponit
563 1267 954 1313 Constantinopolitanus
974 1291 983 1301 .
1009 1269 1055 1303 Et
1075 1266 1155 1302 hinc

266 1319 412 1354 Orantes
424 1316 644 1372 seu·8ubstrati
656 1318 812 1354 dicuntur
831 1318 988 1354 secundus
1010 1318 1156 1353 Audien-

270 1369 358 1405 tium
371 1371 423 1403 seu
438 1366 765 1404 Cacechumenorum
783 1369 921 1415 gradus:
948 1368 1053 1453 Οὲὀά
1069 1379 1157 1403 nem·

266 1418 310 1464 pe
323 1417 446 1454 Christi
493 1420 502 1453 i
518 1419 659 1454 necdum
670 1419 732 1454 fint
744 1417 927 1454 A‘hdientes
937 1443 947 1451 .
1007 1429 1021 1453 t
1032 1418 1112 1454 hinc
1122 1418 1156 1452 in

266 1468 406 1504 scholio
424 1429 639 1513 arquatum
661 1467 828 1517 decimum
849 1469 1024 1504 Nicaenum
1042 1469 1158 1504 Cano-

267 1528 345 1552 nem
369 1515 627 1562 Christophorus
647 1517 963 1562 Insidias-Omnes
987 1518 1072 1554 male
1091 1518 1160 1554 exi-

266 1568 380 1603 stimat
391 1568 454 1602 effe
466 1567 722 1613 Competentes.
751 1569 833 1617 Qo
847 1570 880 1603 in
893 1568 983 1613 lapsu
1007 1568 1104 1603 haeret
1115 1579 1160 1603 et-

252 1617 336 1652 -iam
357 1617 545 1653 cardinalis
564 1619 697 1654 Caesaris
727 1618 863 1654 Baronii
881 1618 1047 1654 haereticus
1062 1618 1161 1653 Exer-

132 1674 253 1709 Exereit.
266 1669 390 1702 citator
402 1668 490 1702 Isaac
516 1667 749 1704 Casaubonus:
778 1672 882 1703 Prima
901 1668 1013 1711 fiebant
1023 1668 1163 1703 Catecbu-

136 1721 183 1761 [6-
269 1723 351 1752 meni
370 1742 383 1759 ,
409 1718 517 1752 deinde
550 1723 759 1762 competentes
780 1742 792 1760 ,
811 1717 953 1762 «postremo
985 1720 1106 1753 Fideles
1130 1719 1166 1753 Θ

133 1755 196 1788 hb·
225 1765 257 1827 ὲ
268 1766 458 1806 christiane.
480 1768 581 1816 Qin
594 1770 672 1803 &in
684 1780 781 1814 opere
790 1768 837 1804 de-
854 1769 1058 1804 Clericorum
1076 1768 1166 1803 insti·

133 1804 222 1835 ‘²9⁶²
266 1817 402 1852 tutione
427 1816 584 1853 Rabanus
598 1819 736 1853 Maurus
755 1818 932 1853 secundum
943 1817 1166 1854 Catechume-

270 1877 393 1902 norum
402 1866 542 1911 gradum
554 1866 666 1901 scribit
676 1868 739 1901 effe
748 1868 985 1910 competentes
995 1891 1004 1900 .
1023 1870 1166 1903 orantes

270 1916 354 1962 ergo
365 1917 419 1950 seu
430 1914 612 1951 substratos
624 1915 734 1951 laudat
746 1917 780 1950 in
795 1917 936 1951 secunda
950 1918 1044 1960 super
1054 1917 1167 1951 secun·

268 1965 348 2001 dam
360 1966 401 2001 ad
413 1964 610 2001 Corinthios
622 1964 797 2008 epistolam
811 1963 949 1998 homilia
962 1967 1098 1999 Sanetus
1113 1967 1166 2013 Jo-

270 2024 375 2051 annes
389 2013 646 2056 chrysostomus
658 2038 668 2054 ,
693 2013 858 2049 affirmans
870 2013 1029 2048 solemnes
1050 2013 1092 2048 ab
1106 2013 1167 2047 Ec-

269 2064 368 2099 clefi'a
380 2073 490 2106 preces
502 2073 571 2097 non
580 2062 689 2097 'solum
701 2074 761 2107 pro
774 2062 926 2098 fidelibus
936 2063 1006 2097 fieri
1029 2062 1065 2097 in
1088 2074 1168 2107 quo·

270 2106 403 2149 :idiano
416 2112 584 2147 Sacrificio
592 2132 604 2153 ,
636 2112 690 2149 sed
701 2113 803 2148 etiam
814 2124 878 2157 pro
885 2112 1144 2148 Catechumenis
1155 2137 1168 2154 ,

273 2163 311 2199 &
335 2161 419 2197 istud
433 2162 539 2197 lucere
559 2172 602 2197 ex
616 2162 762 2198 Diaconi
773 2163 815 2198 ad
826 2162 954 2198 Fideles
964 2162 1103 2199 solemni
1115 2174 1169 2198 vo·

273 2223 333 2248 ee:
360 2215 421 2246 Pro
430 2211 662 2246 catechumenis
673 2214 788 2248 intente
800 2223 929 2248 areum.
958 2213 1114 2248 Affirmat
1135 2214 1170 2248 δε

273 2263 484 2300 sacerdotem
506 2274 566 2307 pro
591 2262 658 2297 illis
680 2274 796 2304 orare,
820 2264 854 2298 &
878 2264 967 2308 ipsos
985 2265 1086 2299 eriam
1111 2263 1171 2298 illo

273 2323 440 2358 praeeunte
450 2323 544 2348 orare
555 2312 663 2358 aliqua
677 2338 686 2346 .
713 2314 899 2349 Solemnem
911 2314 1095 2349 Sacerdotis
1103 2324 1170 2348 ora·

275 2364 406 2399 tionem
417 2360 552 2398 adducit
565 2386 576 2404 ,
601 2364 738 2408 exponit
761 2362 934 2409 infigniter
952 2374 1049 2408 atque
1062 2362 1173 2406 adjun-

277 2414 349 2460 git:
378 2412 443 2452 Post
464 2413 526 2447 baec
537 2419 637 2446 omnia
651 2415 723 2454 jam
735 2424 780 2446 eos
788 2411 909 2457 surgere
918 2415 1062 2448 Sacerdos
1068 2413 1172 2455 jubet.

283 2468 372 2497 Nam
382 2462 446 2497 cum
453 2463 544 2506 prius
557 2471 603 2497 eos
615 2462 698 2496 humi
713 2463 873 2505 prostratas
884 2465 1015 2506 tenuiffet
1032 2488 1044 2504 ,
1064 2462 1174 2506 pastea·

279 2522 374 2557 qaam
393 2523 431 2547 ea
444 2519 596 2556 petierunt
618 2524 686 2556 quae
694 2519 848 2555 petierant
860 2537 872 2554 ,
896 2524 933 2546 ac
940 2513 1053 2557 fiducia
1064 2511 1178 2556 perf-fi

274 2562 351 2607 fient
363 2586 373 2603 ‚
393 2564 466 2605 jam
488 2574 536 2597 eos
550 2561 650 2607 sermo
675 2569 785 2607 erigit,
810 2574 847 2596 ac
861 2563 998 2605 deinceps
1020 2561 1099 2606 ipjbs
1109 2575 1175 2606 quo-

279 2619 337 2655 que
355 2617 557 2654 precationem
576 2614 620 2646 ad
630 2615 729 2648 Deum
741 2613 879 2655 ample-Hi
892 2611 998 2654 iubet.
1024 2615 1176 2656 siquidem

280 2662 422 2705 quiedam
443 2673 494 2695 nos
508 2661 633 2696 dicimus
649 2687 660 2703 ,
683 2663 829 2706 quaedam
838 2664 945 2697 rursus
969 2661 1036 2705 ipsis
1049 2669 1177 2697 commit·

281 2717 377 2744 cimus
387 2737 398 2753 ‚
423 2716 578 2755 petitionis
591 2715 695 2754 nempe
699 2714 817 2753 januas
829 2712 897 2755 ipsis
909 2718 1076 2755 aperientes
1085 2735 1098 2754 ‚
1120 2725 1178 2749 non

283 2760 368 2806 secus
391 2762 532 2796 videlicet
555 2772 589 2795 ac
605 2768 713 2804 pueros
723 2763 858 2803 primum
867 2762 926 2805 ipfi
934 2763 1069 2797 docemus
1081 2788 1093 2805 ,
1116 2763 1178 2807 post

276 2808 476 2855 'autemipfhs
488 2807 601 2855 quo'que
609 2813 690 2856 loqui
703 2812 868 2854 jubemus.
892 2813 1066 2861 Qoniam
1078 2814 1179 2859 igitur

285 2863 321 2897 nc
341 2861 400 2906 ipfi
423 2862 532 2906 aliqua
550 2872 704 2903 orarent,
731 2863 765 2898 δε
780 2862 889 2908 aliqua
901 2864 993 2907 super
1005 2862 1089 2908 ipsos
1104 2863 1179 2900 Pro·

249 2958 253 2961 μ
285 2912 404 2947 stratos
424 2911 445 2946 h
467 2911 641 2948 Sacerdote
653 2923 842 2955 orarentur,
871 2912 1000 2957 antiqui
1025 2912 1180 2950 Canones

287 2961 324 2997 δε
342 2961 456 2997 Patres
476 2962 564 3007 ipsos
584 2962 825 3007 appellaverunt
838 2961 1022 2998 Prostratos
1034 2986 1046 3004 ,
1071 2964 1180 3000 Genu·

288 3011 456 3047 flectentes
466 3037 478 3054 ,
487 3021 586 3054 atque
596 3013 738 3047 Orantes
750 3037 758 3046 .
784 3013 897 3059 Pergit
910 3013 1061 3048 laudatus
1073 3013 1179 3059 Chry-

288 3063 452 3097 fostomus
466 3076 478 3096 .-
505 3064 632 3097 Demum
659 3070 710 3097 eos
730 3069 837 3106 capita
857 3063 1006 3098 inciinare
1019 3063 1178 3106 jubemus,

286 3111 343 3147 'boc
352 3114 493 3148 videlicet
515 3122 689 3157 argumente
708 3120 814 3155 preces
823 3113 986 3148 exauditas
993 3113 1178 3157 effestaetoen-

290 3172 341 3199 tes
350 3189 362 3206 ,
386 3164 466 3207 quod
474 3166 552 3197 Deus
564 3174 611 3197 eos
623 3161 778 3197 benedicat
793 3188 801 3195 .
827 3166 937 3207 Neque
949 3168 1030 3198 enim
1050 3163 1178 3206 bmeest

291 3220 345 3255 'qui
357 3213 505 3249 benedicit
518 3237 530 3254 ,
550 3211 607 3256 sed
610 3221 668 3256 per
678 3212 762 3247 illius
772 3223 893 3247 manum
918 3215 953 3248 ὑ
964 3214 1100 3259 ltnguam
1122 3218 1178 3250 Re·

293 3265 329 3307 gi
337 3262 391 3305 ipsi
396 3269 497 3307 capita
505 3274 603 3298 eorum
613 3263 763 3305 offerimus
775 3288 783 3296 .
811 3260 891 3299 Erat
900 3262 1012 3308 itaque
1022 3274 1092 3300 non
1102 3264 1179 3300 fim-

291 3311 399 3357 prex,
422 3312 474 3349 sed
488 3313 642 3351 solemnis
651 3313 759 3350 oratio
769 3324 848 3350 cum
856 3313 1005 3361 impetita
1021 3314 1180 3352 Sacerdo-

1240 149 1256 178 1
1328 147 1346 176 s
1451 134 1593 181 XLI.
1927 152 2015 197 343

1205 217 1262 252 tali
1280 227 1379 251 manu
1392 242 1400 251 .
1430 215 1621 251 Postulabat
1633 216 1732 260 ipsisa
1743 219 1895 255 Domino
1915 223 1993 256 Deo
2005 233 2084 265 ape-

1206 268 1260 301 riri
1273 265 1421 302 cordium
1443 278 1534 301 aures
1548 292 1559 308 ,
1585 266 1735 302 instillari
1755 270 1897 304 veritatis
1923 271 2056 306 verbum
2072 296 2085 313 ,

1205 317 1335 361 justiriae
1358 317 1577 361 Evangelium
1596 317 1730 361 detegi,
1755 328 1850 359 atque
1868 320 1911 354 ita
1938 322 2023 365 ipsos
2043 320 2085 354 ad

1207 369 1314 402 futura
1326 368 1477 412 mysteria
1503 379 1540 401 ac
1551 368 1655 412 ipsum
1668 365 1801 400 tandem
1814 367 2001 405 Christianae
2019 372 2090 405 Re-

1206 418 1430 463 generationis
1439 418 1565 453 donum
1591 429 1646 462 per
1666 416 1827 451 Divinam
1847 418 2087 454 miserationem

1205 468 1325 511 aptari.
1353 467 1446 514 Qas
1470 479 1578 512 preces
1599 468 1785 511 frequenter
1808 465 1942 507 laudat,
1970 471 2089 511 praeser-

1206 520 1266 553 tim
1281 518 1314 552 in
1329 518 1463 562 Scriptis
1485 519 1637 553 adversus
1657 517 1875 562 Pelagianos,
1902 516 2003 551 etiam
2014 519 2088 552 San-

1207 571 1275 603 &us
1296 568 1519 612 Augustinus.

1255 618 1358 666 Qud
1369 619 1492 652 Initiati
1505 618 1627 653 fuerint
1639 618 1784 652 distincta
1797 617 1900 652 claffis
1912 642 1924 658 ,
1951 617 2038 651 lucet
2050 628 2093 651 ex

1208 668 1350 712 ipsorum
1361 669 1402 704 ad
1414 668 1499 702 hanc
1509 669 1667 702 electione
1693 669 1726 702 &
1749 667 1986 702 transmissione
1999 693 2006 700 .
2034 668 2097 701 Ec-

1206 719 1379 753 clefiastica
1391 719 1481 753 enim
1493 718 1608 752 electio
1621 729 1689 752 non
1703 717 1807 762 potest
1819 726 1887 752 non
1900 718 1962 752 csse
1985 717 2026 751 ab
2046 719 2095 751 in-

1210 769 1317 803 feriori
1341 769 1443 815 gradu
1460 768 1500 802 ad
1524 769 1717 811 superiorem
1739 768 1939 803 transmiffio
1962 792 1969 798 .
1995 771 2090 801 Feria

1209 829 1318 861 quarta
1338 829 1456 863 quartae
1476 819 1511 852 in
1536 818 1791 866 Qadragefima
1817 819 2022 862 septimanae,
2049 816 2096 850 in-

1211 869 1280 912 quit
1292 870 1325 902 in
1337 869 1427 904 libris
1447 869 1489 903 de
1501 869 1634 902 Divinis
1645 867 1774 902 Officiis
1787 867 1898 902 Abbas
1910 869 2074 911 Rupertus
2084 891 2096 907 ‚

1212 921 1403 954 Sacramenta
1412 931 1481 962 quae
1493 930 1580 953 novae
1593 922 1623 951 E
1626 917 1731 960 cclefiae
1740 924 1865 960 propria
1881 916 1955 961 sunt
1967 941 1977 957 ‚
2001 917 2097 952 inebo-
2113 920 2178 953 Lib·
2203 931 2231 954 ⁴·

1213 979 1306 1003 antur
1318 993 1328 1009 ,
1355 966 1657 1014 quibussaecrosancffa
1668 970 1871 1011 Redemptoris
1885 968 1971 1009 nostri
1984 969 2074 1008 Paffio
2086 991 2104 1008 ,.
2113 970 2176 1000 ⁶²1>-
2190 963 2233 990 ¹⁸·

1214 1020 1382 1054 venerabili
1391 1026 1452 1053 ritu
1462 1018 1580 1062 sane‘lae
1594 1017 1726 1060 Ecclefiae
1738 1042 1750 1059 ,
1774 1024 1806 1051 in
1825 1018 1899 1061 filiis
1926 1018 2099 1060 adoptionis

1212 1067 1348 1112 sanciam
1364 1074 1529 1103 novitatem
1540 1071 1671 1111 Spiritus
1696 1069 1844 1111 operando
1860 1068 2028 1112 figuratur.
2058 1067 2102 1101 Et

1219 1119 1299 1153 infra
1312 1133 1323 1153 .·
1351 1122 1473 1163 ,Quarta
1483 1118 1640 1163 ergdferia
1650 1130 1738 1153 novae
1760 1117 1892 1160 Ecclefiae
1918 1118 2103 1152 celebrantur

1217 1174 1329 1210 initia,
1356 1180 1424 1212 quae
1448 1169 1641 1210 appellantur
1665 1170 1832 1201 scrutinia.
1860 1164 2008 1201 scrutinia
2030 1167 2104 1201 verb

1219 1221 1359 1253 dicuntur
1371 1221 1392 1252 ἃ
1398 1217 1562 1263 scrutando
1574 1241 1585 1258 ‚
1611 1218 1748 1251 videlicet
1765 1222 1838 1259 quia
1853 1215 2105 1260 perscrutandum

1219 1279 1287 1305 erat
1298 1277 1332 1303 in
1345 1268 1393 1303 bis
1404 1274 1455 1312 qui
1465 1267 1643 1302 accedebant
1654 1293 1666 1309 ,
1692 1278 1729 1301 ne
1739 1278 1799 1309 qua
1817 1268 1909 1300 radix
1930 1267 2107 1300 amaritudi-

1221 1325 1268 1354 nis
1274 1318 1400 1364 subeffet
1411 1343 1423 1360 ‚
1450 1319 1534 1362 velut
1542 1316 1606 1359 fuit
1616 1324 1651 1350 in
1663 1320 1778 1351 simone
1795 1320 1884 1361 Mago
1896 1341 1903 1348 .
1929 1315 2109 1353 Prossrato·

1220 1381 1293 1405 rum
1313 1378 1422 1414 preces
1445 1379 1514 1403 non
1534 1378 1626 1402 erant
1644 1367 1701 1401 nifi
1722 1377 1850 1411 preces:
1880 1365 2006 1400 Verum
2033 1365 2103 1410 post

1219 1420 1362 1456 mediam
1370 1418 1661 1467 Qadragefimam
1673 1415 1874 1461 incipiebant
1885 1416 1962 1451 addi
1973 1416 2109 1460 jejunia,

1221 1473 1330 1506 saccus
1345 1494 1356 1510 ,
1378 1467 1525 1503 cilicium
1542 1492 1554 1509 ,
1580 1468 1661 1503 nudi
1683 1467 1802 1512 pedes,
1829 1467 1984 1511 variaque
2008 1464 2111 1500 &du-

1221 1532 1253 1556 ra
1265 1519 1465 1564 poenitentiae
1485 1528 1606 1562 opera,
1634 1529 1765 1552 necnon
1788 1517 1983 1558 exorcismi,
2011 1516 2112 1550 insuf-

1222 1571 1395 1610 stationes,
1421 1569 1456 1603 δε
1470 1567 1557 1602 varia
1578 1566 1902 1602 Catechumenorum
1924 1567 2113 1601 Sacramen-

1223 1624 1277 1662 ta',
1303 1619 1423 1665 quibus
1436 1620 1567 1653 suorum
1587 1617 1803 1652 Novitiorum
1815 1617 2043 1655 voluntatem,
2068 1626 2111 1650 an

1223 1670 1297 1706 vere
1318 1682 1359 1705 ex
1383 1669 1460 1703 Deo
1470 1669 1548 1703 effer
1560 1690 1572 1708 ‚
1596 1666 1796 1702 scrutabatur
1821 1668 1930 1702 Mater
1950 1665 2089 1702 Ecclesia
2102 1688 2117 1706 2

1225 1731 1323 1764 atque
1339 1717 1572 1754 examinabat.
1600 1718 1750 1752 Examen
1772 1717 1836 1751 hoc
1858 1717 1969 1751 laudat
1990 1717 2118 1750 Ductor

1226 1770 1335 1804 noster
1355 1768 1454 1803 etiam
1478 1770 1512 1801 in
1537 1766 1622 1800 libro
1646 1767 1688 1800 de
1714 1767 1882 1809 Baptismo
1906 1779 1914 1799 ε
1941 1764 2117 1809 Ingreffuros
2133 1779 2204 1819 (Ἀρ,
2219 1785 2263 1814 19,

1227 1816 1423 1861 Baptismum
1434 1815 1615 1849 orationibus
1639 1815 1771 1856 crebris,
1789 1817 1922 1857 jeJuniis
1938 1840 1949 1856 ‚
1970 1818 2120 1860 genicula·

1226 1867 1356 1902 tionibus
1370 1890 1382 1907 ,
1406 1867 1441 1900 Θ
1462 1866 1636 1908 pervigiliis
1655 1876 1740 1898 orare
1766 1874 1877 1906 oportet
1889 1887 1900 1903 ‚
1926 1867 1961 1899 <9⁹
1979 1877 2044 1899 cum
2055 1875 2121 1900 con-

1222 1917 1335 1959 feffione
1355 1922 1484 1949 omnium
1505 1916 1585 1948 retr&
1607 1913 1791 1947 deli-Horum.
1823 1915 1865 1948 Et
1888 1915 1921 1947 in
1944 1914 2062 1949 litteris
2076 1915 2118 1950 ad

1229 1964 1418 1999 Himerium
1430 1964 1717 1997 Tarraconensem
1732 1960 2049 2008 Archi-Episcopum
2069 1966 2121 1999 si·

1229 2015 1327 2050 ricius
1337 2012 1495 2048 Pontifex
1508 2013 1640 2047 mandat
1651 2012 1691 2046 ad
1705 2013 1868 2055 Baptisma
1888 2013 2020 2049 admitti
2044 2014 2120 2050 illos

1230 2065 1316 2100 solos
1337 2062 1605 2098 Catechumenos
1628 2087 1640 2104 ,
1666 2069 1717 2105 qui
1743 2071 1812 2096 ante
1833 2065 2042 2108 quadraginta
2069 2065 2122 2099 vel

1229 2115 1358 2158 amplius
1379 2115 1444 2148 dies
1468 2124 1572 2146 nomen
1592 2114 1748 2154 dederint,
1774 2116 1809 2147 <5
1832 2113 2001 2157 exorcismi:
2016 2138 2028 2155 ‚
2052 2125 2122 2158 quo‘-

1230 2161 1410 2207 ridianisque
1421 2163 1604 2197 orationibus
1630 2173 1719 2206 atque
1739 2165 1860 2205 iejuniis
1874 2164 1995 2206 fuerint
2017 2171 2122 2207 expia-

1231 2221 1256 2249 ti
1281 2240 1287 2247 .
1325 2214 1368 2249 Et
1392 2225 1505 2256 quarta
1526 2212 1681 2256 synodus
1702 2212 1967 2259 Carthaginenfis
1990 2215 2117 2250 statuit:
2266 2257 2273 2260 .

1234 2265 1426 2307 Baptizandt
1437 2261 1632 2307 nomensuum
1643 2264 1713 2297 dent
1724 2288 1735 2305 ,
1761 2265 1795 2298 Θ
1808 2265 1859 2297 diu
1871 2263 1927 2307 sub
1943 2264 2121 2305 abstinentia
2139 2270 2209 2308 Cap.
2219 2272 2267 2300 iio·>

1233 2321 1302 2350 vini
1327 2317 1529 2355 &carnium‚
1553 2324 1590 2347 ac
1601 2325 1706 2347 manus
1725 2312 1901 2356 impofiti‘one
1921 2315 2026 2348 crebra
2050 2326 2122 2349 exa-

1233 2370 1342 2398 minati
1353 2388 1365 2404 ,
1391 2362 1583 2407 Baptismum
1591 2370 1783 2406 percipiant.
1812 2363 1856 2397 Et
1868 2365 1900 2398 in
1915 2364 2000 2398 libro
2018 2365 2058 2399 de
2072 2366 2122 2399 Fi·

1237 2414 1279 2449 de
1303 2413 1512 2458 &Operibus
1521 2415 1656 2449 Sanctus
1678 2412 1903 2459 Augustinus:
1930 2413 2027 2458 Usque
2045 2417 2119 2449 adea
2140 2426 2213 2464 C⁸i³=
2229 2433 2257 2462 ς,

1238 2465 1469 2505 dissimulamus,
1495 2471 1529 2497 ut
1551 2475 1609 2498 non
1631 2469 1800 2498 intueamur
1818 2465 1904 2498 oculis
1915 2464 2018 2505 nostris
2035 2490 2046 2506 ‚
2071 2471 2124 2508 qui

1236 2523 1290 2556 per
1301 2526 1396 2547 annor
1400 2512 1530 2557 singulos
1542 2515 1588 2547 ad
1599 2517 1768 2548 Lavacrum
1777 2517 2016 2557 Regenerationis
2028 2526 2125 2548 accur-

1238 2572 1309 2597 runt
1321 2587 1333 2604 ,
1358 2565 1460 2607 quales
1464 2563 1525 2605 fiat
1537 2563 1603 2606 ipfis
1615 2564 1719 2598 diebus
1729 2589 1741 2605 ,
1767 2565 1875 2607 quibus
1885 2564 2126 2607 catechizantur,

1236 2613 1436 2656 scrutantur?
1461 2613 1530 2648 Eos
1540 2614 1678 2649 affirmat
1701 2616 1736 2648 in
1760 2615 1932 2649 continuis
1950 2614 2125 2649 duriffimae

1239 2663 1439 2708 poenitentiae
1459 2661 1612 2707 operibus
1635 2665 1699 2698 effe
1723 2665 1974 2699 ferventissimos
1991 2689 1999 2695 .
2030 2664 2125 2698 Hinc

1240 2714 1390 2758 Aiipium
1403 2738 1415 2753 ,
1440 2713 1588 2748 nobilem
1600 2712 1759 2755 Juvenem
1770 2736 1782 2751 ,
1807 2713 1931 2746 cunctis
1943 2713 2125 2747 Scrutinio-

1240 2775 1311 2798 rum
1321 2763 1437 2798 diebus
1453 2773 1507 2806 per
1517 2760 1656 2805 glaciale
1677 2761 1936 2795 Mediolanenfis
1959 2762 2124 2807 Regionis

1213 2825 1216 2829 ’
1240 2811 1534 2853 solumambulasse
1544 2811 1623 2845 ausu
1641 2811 1780 2846 insolito
1804 2811 2022 2855 nudipedem,
2050 2814 2125 2848 scri-

1241 2864 1289 2899 bit
1311 2862 1346 2897 in
1376 2860 1472 2897 libris
1488 2860 1729 2896 confeffionum
1751 2886 1760 2894 .
1785 2860 1930 2896 Firmam
1951 2863 2043 2897 suam
2064 2874 2124 2907 pro

1241 2911 1374 2949 Christo
1387 2909 1542 2947 Domino
1552 2921 1697 2946 mentem
1712 2911 1779 2945 istis
1796 2911 1921 2947 actibus
1939 2923 2020 2947 tunc
2040 2914 2126 2958 quis-

1239 2974 1303 3008 que
1314 2960 1479 3008 satagebat
1490 2961 1634 3006 profiteri
1645 2986 1654 2994 .
1678 2961 1792 3006 Pergit
1804 2962 2009 3007 Augustinus
2031 2963 2065 2997 in
2081 2964 2126 3001 se-

1240 3012 1351 3048 cundo
1374 3012 1461 3047 libro
1496 3011 1537 3046 de
1569 3011 1732 3055 symbolo
1752 3011 1794 3047 ad
1832 3011 2124 3048 Catechumenos:

1241 3064 1382 3099 Nondum
1390 3063 1513 3106 quidem
1522 3060 1622 3095 adbuc
1630 3070 1687 3104 per
1692 3060 1810 3104 sacrum
1821 3061 2015 3106 Baptismum
2036 3075 2126 3097 retn-
2139 3086 2218 3126 Cap·
2233 3095 2259 3118 ι.

1218 3153 1220 3155 ,
1239 3121 1265 3149 ti
1275 3113 1344 3156 estis
1358 3135 1370 3154 ‚
1390 3111 1449 3157 sed
1465 3120 1523 3154 per
1532 3116 1637 3146 Crucis
1653 3110 1769 3154 fignum
1781 3118 1815 3146 in
1834 3123 1917 3147 utero
1932 3111 2048 3155 sanda
2060 3116 2125 3147 Ma-

1238 3171 1297 3199 tris
1312 3160 1522 3205 Ecclefiaejam
1531 3165 1663 3204 concepti
1672 3161 1737 3203 estis
1751 3187 1758 3194 .
1785 3167 1855 3207 Agit
1865 3169 1965 3206 itaque
1975 3163 2041 3197 haec
2062 3175 2127 3197 ma-

1219 3245 1221 3247 .
1240 3224 1286 3250 ter
1294 3220 1430 3259 congruis
1441 3214 1592 3247 alimentis
1601 3213 1690 3255 prii'es
1705 3210 1827 3256 pascere
1846 3225 1918 3255 quos
1931 3220 2036 3254 portat
2055 3237 2066 3253 ,
2090 3221 2126 3247 ui·

1238 3265 1300 3310 post
1307 3272 1431 3308 partum
1437 3263 1558 3297 letetur
1565 3260 1599 3305 se
1609 3263 1683 3297 tales
1693 3261 1841 3306 [usi-epiffe
1848 3287 1860 3305 ‚
1890 3275 1963 3306 quos
1983 3262 2127 3307 spiritua-

1242 3318 1310 3352 liter
1320 3319 1451 3350 nutriam
1476 3311 1612 3357 ,Quidess
1621 3334 1634 3352 ,
1658 3312 1836 3354 Dileffljffimi
1851 3337 1864 3357 ,
1887 3315 1971 3358 quod
1991 3319 2024 3347 in
2039 3313 2125 3346 vobis

2008 3364 2076 3397 cele-
