2346 3724
692 160 927 206 Cap

521 342 621 432 c
670 341 881 447 ΑΡ
935 338 1028 426 u
1083 340 1167 423 T
1290 336 1758 426 XXXIX.

521 529 760 613 Tanta
832 527 1217 637 Scriptum
1306 526 1781 635 interpolandae

698 641 1020 750 facilitas
1078 706 1098 735 ‚
1176 667 1433 749 quanm
1508 650 1593 724 (φ

890 754 1373 863 ,saecunditas.
1493 777 1498 782 ·

969 172 1015 209 51
1066 171 1111 207 ,τ
1166 172 1199 207 ,1
1255 171 1288 201 -s
1373 155 1616 218 vXXXIX.

1898 175 1993 220 303

479 947 565 996 AEc
598 943 696 996 sunt
731 945 910 1009 ingenia
943 942 1000 992 de
1034 941 1307 1008 Spiritalibus
1341 941 1572 1010 Nequitiae
1605 978 1619 1004 ,
1669 959 1771 992 cum
1812 941 1972 1010 quibus
2005 943 2072 992 lu-

452 1066 454 1069 ,
514 1018 651 1067 &atio
685 1015 749 1070 est
783 1015 915 1063 nobis
937 1049 952 1074 ,
1004 1011 1158 1061 fratres
1182 1048 1195 1072 ‚
1243 1012 1401 1063 merito
1434 1012 1772 1081 contemplanda
1801 1034 1815 1072 3
1862 1012 1963 1062 fidei
1998 1031 2073 1063 ne·-

472 1082 692 1146 cessaria
723 1117 737 1144 ,
773 1099 824 1134 ut
859 1084 999 1133 Eleffi
1034 1081 1360 1132 manifestentur
1396 1119 1412 1144 ,
1458 1100 1508 1132 ut
1545 1083 1741 1151 Reprobi
1775 1083 2035 1146 detegantur
2060 1117 2080 1134 ..

514 1158 574 1204 Et
620 1152 724 1204 ideo
759 1152 926 1221 habent
973 1154 1070 1203 vim
1108 1189 1122 1214 ,
1176 1156 1222 1202 δε
1258 1155 1304 1201 in
1350 1152 1656 1216 excogitandis
1702 1152 2080 1220 instruendisque„

237 1218 456 1277 erroribus
493 1222 752 1275 felicitatem
787 1242 876 1274 non
910 1222 1022 1274 adeo
1057 1221 1301 1273 mirandam
1342 1258 1357 1284 ,
1402 1222 1524 1290 quasi
1557 1222 1782 1271 difficilem
1818 1228 1861 1272 δι
1898 1224 2083 1289 inexpli-

238 1290 432 1341 cabilem
461 1328 476 1355 ‚
513 1294 615 1344 cum
651 1294 708 1344 de
741 1292 1013 1344 saecularibus
1045 1311 1229 1362 quoque
1265 1296 1495 1360 Scripturis
1529 1294 1776 1361 exemplum
1812 1292 1865 1342 fit
1900 1291 2083 1357 ejusmo-

237 1361 287 1409 di
324 1360 592 1414 facilitatis.
642 1363 781 1415 Vides
816 1364 949 1415 hodie
984 1381 1039 1414 ex
1074 1364 1264 1428 Virgilio
1297 1363 1492 1414 fabulam
1526 1366 1574 1413 in
1611 1379 1754 1412 totum
1789 1364 1938 1411 aliam
1960 1379 2081 1411 corn-

235 1434 380 1500 poni,
417 1436 602 1483 materia
636 1432 872 1484 secundum
907 1433 1051 1485 versus
1078 1471 1095 1496 ‚
1132 1433 1322 1485 verfibus
1354 1431 1588 1485 secundum
1638 1435 1869 1483 materiam
1903 1434 2082 1481 concin-

234 1503 355 1551 natis
375 1507 421 1556 ,fl-
444 1506 654 1570 Denique
689 1503 894 1555 Holidius
929 1506 1055 1554 Geta
1090 1503 1304 1570 Medaeam
1358 1503 1617 1567 tragoediam
1661 1521 1718 1552 ex
1764 1504 1953 1565 Virgilio
1988 1504 2082 1570 ple-

228 1570 405 1622 niffime
438 1572 646 1623 exsuxit.
696 1580 824 1624 Meus
860 1572 1043 1642 quidam
1077 1576 1348 1642 propinquus
1382 1591 1436 1623 ex
1471 1571 1630 1622 eodem
1665 1576 1802 1623 Poeta
1851 1575 1968 1622 inter
2001 1590 2085 1621 cae-

237 1637 332 1691 tera
367 1641 454 1691 stili
488 1642 552 1691 sui
587 1646 681 1693 otia
715 1647 920 1694 Pinacem
956 1644 1149 1694 Cebetis
1174 1644 1416 1712 explicuit.
1451 1647 1670 1693 Homero·
1682 1648 1910 1694 Centones
1946 1645 2084 1691 etiam

238 1714 390 1773 vocari
426 1710 572 1762 solent
588 1749 604 1775 ,
639 1716 720 1782 qui
755 1714 811 1765 de
847 1713 1120 1765 carminibus
1147 1716 1334 1764 Homeri
1368 1716 1545 1781 propria
1579 1730 1716 1781 opera
1764 1717 1884 1763 more
1938 1713 2090 1774 cente-J

239 1783 367 1830 nario
413 1799 467 1830 ex
501 1784 652 1832 multis
707 1785 810 1833 hinc
845 1784 947 1834 inde
981 1785 1231 1852 compositis
1278 1788 1325 1832 in
1356 1799 1508 1831 unum
1542 1781 1730 1831 sarciunt
1766 1799 1925 1850 corpus
1962 1815 1975 1829 .
2027 1785 2089 1830 Et

239 1853 402 1918 utique
434 1851 678 1901 foecundior
714 1856 888 1903 Divina
925 1856 1172 1903 litteratura
1217 1851 1274 1901 ad
1312 1852 1570 1901 facultatem
1620 1850 1826 1919 cujusque
1862 1853 2085 1902 materiae.

240 1924 346 1971 Nec
382 1922 608 1989 periclitor
643 1921 792 1972 dicere
828 1922 940 1989 ipsas
975 1941 1156 1991 quoque
1191 1923 1431 1988 Scripturas
1482 1921 1538 1969 fic
1581 1919 1662 1969 effe
1710 1939 1766 1972 ex
1802 1924 1891 1970 Dei
1927 1922 2082 1972 volun-

241 2007 337 2041 tate
370 1991 596 2057 dispositas
628 2024 641 2048 ,
693 2006 744 2038 ut
781 1992 997 2039 haereticis
1046 1995 1276 2040 materiam
1313 1989 1677 2039 subministrarent
1709 2026 1724 2051 ,
1762 2008 1863 2040 cum
1897 1990 2090 2056 legam-s

243 2073 446 2129 oportere
481 2051 673 2109 haereses
691 2057 772 2110 effe
796 2096 811 2123 ,
846 2078 945 2128 quae
971 2060 1061 2112 fine
1088 2062 1320 2132 Scripturis
1357 2058 1437 2111 esse
1462 2077 1550 2111 non
1573 2058 1769 2128 poffunt.

438 2239 467 2286 S
503 2254 533 2284 c
565 2255 600 2285 ,H
635 2255 668 2284 0
703 2254 728 2285 L
762 2254 780 2285 1
815 2254 848 2285 0
882 2256 943 2286 N·
1202 2236 1311 2272 mones
1336 2239 1370 2273 cb·
1389 2242 1508 2272 nomina
1518 2237 1713 2282 disperfimin
1727 2239 1821 2274 sacris
1844 2239 1976 2275 Litteris
1991 2239 2085 2282 postea

1202 2290 1366 2332 colligentes
1384 2288 1571 2330 transferunt
1583 2301 1621 2323 ex
1637 2301 1670 2323 eo
1682 2314 1692 2329 ,
1716 2292 1796 2333 quod
1804 2288 2008 2333 estsecunds'cm
2030 2303 2086 2324 na-

1201 2349 1302 2371 turam
1312 2363 1323 2378 ,
1352 2339 1385 2371 tn
1397 2340 1430 2371 sd
1441 2341 1521 2382 quod
1532 2339 1571 2379 est
1582 2349 1683 2373 contra
1690 2347 1823 2382 proprtae
1833 2346 2008 2382 acceptionis
2030 2350 2086 2373 na‘

1200 2397 1320 2427 turam,
1338 2386 1448 2428 similia
1465 2388 1613 2429 facientes
1634 2396 1672 2431 lis
1685 2415 1696 2431 ‚
1725 2397 1775 2433 qui
1793 2390 1997 2431 controversias
2015 2389 2084 2431 fibl-

319 2378 416 2424 Haec
431 2365 530 2443 fimt
559 2380 702 2443 ingenia
734 2376 777 2424 de
803 2378 1070 2445 spiritualibus

446 2448 449 2451 ’
503 2448 707 2513 Nequitiae
736 2483 751 2509 ,
781 2452 874 2496 (9⁸6.

347 2585 434 2624 Udd
445 2584 575 2624 hareses
600 2587 634 2622 &
646 2586 812 2622 schismata
825 2588 888 2622 snt
904 2588 1042 2624 Diaboli
1064 2589 1138 2625 arti-

372 2636 470 2677 ficia,
494 2634 584 2677 quod
603 2637 760 2672 militanti
777 2638 925 2674 Ecclefiae
947 2639 987 2674 ad
1003 2641 1138 2675 Eiectos

400 2686 660 2721 manifestandos
685 2700 723 2722 ac
743 2689 945 2733 detegendos
968 2690 1137 2733 Reprobos

250 2733 314 2768 fint
324 2734 441 2774 utilia,
464 2736 497 2772 δι
511 2746 600 2771 certo
613 2737 715 2772 modo
733 2740 923 2779 necessaria,
951 2740 985 2773 &
996 2739 1089 2783 qudd
1097 2740 1137 2775 ab

250 2784 315 2819 isso
326 2786 461 2828 pessimo
470 2786 631 2831 Magistro
643 2786 783 2822 habeant
796 2789 863 2823 vim
884 2789 926 2824 ad
952 2790 1050 2824 sacras
1069 2790 1136 2826 Lit-

251 2844 335 2868 teras
346 2835 440 2878 prave
453 2836 728 2880 interpretandas,
753 2848 849 2882 atque
862 2839 905 2873 ita
926 2850 966 2872 ex
987 2840 1059 2882 ipsis
1085 2851 1136 2875 va-

136 2900 155 2907 --
199 2908 202 2912 -
250 2885 317 2919 sios
337 2896 459 2920 errores
486 2887 726 2932 excogitandos
759 2900 798 2924 ac
818 2888 1029 2924 instruendos
1052 2915 1064 2930 ,
1089 2890 1134 2925 est

232 2935 380 2969 'abunde
392 2936 650 2973 demonstratum
665 2938 699 2972 in
712 2939 949 2982 superioribus.
978 2939 1007 2973 Ε
1031 2940 1135 2977 nostra

247 2985 346 3029 plebe
356 2986 490 3030 quidam
503 2986 662 3031 simplices
684 2988 775 3023 istam
801 2990 1027 3032 nequiffimam
1043 2991 1134 3025 vafri·

249 3037 331 3069 tiem
352 3037 527 3071 censebant
548 3039 611 3072 effe
630 3038 821 3080 difficilem,
847 3040 1135 3084 inexplicabilem,

250 3085 393 3130 ideoque
417 3087 452 3120 ὅ(
474 3087 696 3124 admirandam
724 3090 916 3125 felicitatem
933 3114 944 3131 ‚
970 3101 1071 3132 atque·
1091 3091 1133 3125 ita

251 3135 289 3170 in
314 3134 370 3173 sua
392 3137 457 3171 fide
479 3137 700 3182 cespitabant.
727 3139 802 3173 Hos
821 3141 928 3175 firmat
950 3141 1059 3175 noster
1069 3141 1135 3174 Do·

254 3186 343 3227 (ior,
372 3187 407 3221 ὅ(
429 3187 523 3223 istam
545 3188 725 3232 nequitiam
744 3190 808 3224 effe
818 3191 970 3231 facilem,
998 3189 1135 3234 ideoque

253 3235 289 3268 &
309 3237 525 3273 admiratione
549 3240 718 3283 indignam
739 3239 941 3275 demonstrat
954 3251 995 3274 ex
1010 3240 1133 3275 Home-

252 3284 352 3320 rianis
378 3301 415 3322 ac
427 3289 624 3334 Virgilianis
642 3290 871 3331 Centonibus,
897 3290 939 3325 de
957 3290 1073 3334 quibus
1099 3294 1133 3327 ἀ

126 3347 187 3377 m,
212 3357 235 3376 1
252 3333 386 3400 Saucius
411 3339 546 3374 lrenaeus
564 3364 575 3383 ,
602 3351 703 3385 agens
719 3340 763 3377 de
786 3340 1055 3377 Valentinianis:
1080 3346 1132 3376 Dt-

119 3397 181 3427 cap.
211 3398 235 3418 1

1200 2437 1339 2479 met-ipfis
1359 2439 1507 2479 quaslibet
1522 2448 1712 2482 proponunt,
1734 2441 1797 2482 post
1818 2442 1925 2486 deinde*
1942 2450 2088 2474 conantur.

1200 2489 1233 2520 (ν
1245 2492 1405 2521 Homericis
1417 2487 1542 2529 verfibus
1553 2491 1697 2523 meditari
1707 2503 1761 2524 eas
1774 2515 1785 2531 ‚
1811 2496 1856 2524 ita
1866 2501 1899 2524 ut
1916 2492 2017 2524 idiotae
2028 2498 2087 2531 pu-

1199 2544 1262 2569 tent
1283 2548 1322 2571 ex
1342 2539 1397 2570 Illa
1416 2540 1572 2580 temporale
1585 2540 1754 2573 declamata
1776 2539 1968 2581 controversia
1981 2547 2085 2576 Home-

1196 2598 1262 2620 rum
1274 2585 1377 2630 versus
1383 2587 1482 2630 fecisse
1492 2614 1500 2622 .
1526 2592 1573 2621 Et
1584 2591 1671 2623 muln
1692 2591 1879 2623 abducuntur
1898 2599 1955 2632 per
1977 2599 2085 2632 compo·

1190 2636 1280 2677 stam
1290 2637 1524 2680 consequentiam
1534 2639 1674 2683 versisum
1689 2664 1700 2681 ,
1726 2652 1762 2674 ne
1764 2640 1848 2681 forte³
1861 2641 1924 2674 haec
1926 2640 1967 2683 fic
1979 2645 2085 2674 Home-

1195 2699 1247 2720 rus
1256 2687 1364 2729 fecerit
1375 2712 1382 2720 .
1412 2687 1471 2722 Ait
1492 2687 1533 2722 ab
1556 2690 1626 2732 iplis
1651 2692 1774 2724 tractari
1800 2691 1901 2723 sacras
1917 2691 2057 2724 Litteras
2069 2713 2083 2729 ‚

1194 2738 1336 2779 quomoda
1343 2736 1374 2778 fi
1378 2743 1448 2780 quis
1462 2741 1553 2781 Regis
1568 2745 1725 2781 imaginem
1746 2739 1850 2770 bonam
1861 2762 1871 2777 ,
1891 2738 2082 2777 fabrlcatam

1195 2788 1354 2830 diligenter
1363 2799 1402 2820 ex
1409 2794 1534 2831 gemmis
1547 2789 1567 2819 ᾶ
1578 2786 1719 2829 sapiente
1730 2788 1840 2828 artifice
1851 2811 1862 2827 ‚
1882 2786 2004 2830 solvens
2011 2786 2081 2830 fiab-

1189 2840 1338 2879 jacentem
1350 2836 1477 2869 hominis
1488 2835 1613 2880 figuram
1627 2862 1637 2877 ,
1663 2837 1833 2879 transferat
1839 2849 1974 2882 gemmas
1988 2839 2057 2871 illas
2068 2862 2081 2879 ,

1197 2889 1230 2922 Θ
1241 2886 1410 2929 reformans
1416 2886 1523 2928 faciat
1534 2899 1573 2920 ex
1594 2893 1637 2920 e1's
1642 2887 1779 2928 formam
1790 2895 1875 2921 canis
1900 2888 1954 2922 ‘cel
1976 2890 2080 2930 vulpe·

1195 2939 1291 2977 culae.,
1317 2939 1351 2970 (ν
1364 2936 1439 2970 banc
1464 2937 1543 2971 male
1559 2935 1726 2980 dispositam
1739 2962 1750 2978 ,
1776 2937 1884 2971 dehinc
1903 2938 2076 2980 confirmet,

1197 2990 1230 3023 (θ’
1240 2989 1321 3021 dicat
1331 2988 1382 3029 effe
1394 2991 1485 3031 Regis
1495 2988 1578 3021 illam
1588 2993 1749 3032 imaginem
1758 2987 1865 3021 bonam
1878 3012 1889 3028 ,
1915 3001 2005 3031 quam
2027 2987 2080 3031 sa-

1191 3045 1281 3081 piens
1308 3038 1422 3079 artifex
1439 3036 1613 3079 fabricavit
1625 3062 1635 3078 ‚
1660 3037 1810 3079 ostendens
1826 3033 1961 3083 gemmas
1974 3063 1985 3078 ‚
2010 3049 2077 3082 quae

1195 3090 1267 3123 bem?
1284 3090 1402 3131 quidem
1414 3089 1434 3119 ἃ
1446 3093 1544 3129 primo
1556 3088 1669 3129 artifice
1681 3094 1713 3122 in
1725 3091 1812 3132 Regis
1823 3095 1982 3132 imaginem
2002 3100 2078 3122 com·

1192 3138 1290 3182 pofitae
1302 3147 1389 3171 erant
1401 3163 1410 3178 ‚
1436 3139 1515 3171 male*
1528 3140 1597 3172 vers)
1608 3142 1627 3171 ἃ
1634 3138 1793 3180 posteriore
1801 3145 1837 3172 tn
1849 3145 1933 3173 canis
1943 3138 2079 3180 formam

1194 3187 1435 3231 translata-sunt
1446 3213 1457 3228 ‚
1483 3190 1516 3222 (9¹
1529 3197 1585 3229 per
1592 3200 1779 3232 gemmarum
1786 3188 1982 3231 phantafiam
2000 3189 2079 3222 decr-

1191 3246 1259 3282 piat
1271 3241 1378 3272 idiotas
1391 3264 1400 3278 ‚
1426 3244 1479 3280 qui
1487 3237 1762 3280 comprehenfionem
1773 3238 2007 3283 Regallsformae
2017 3249 2077 3272 non

1195 3291 1327 3325 babeant
1341 3315 1351 3331 ,
1374 3290 1408 3322 (9·
1425 3287 1535 3331 suadet
1557 3295 1696 3331 quoniam
1718 3289 1781 3324 baec
1803 3295 1899 3331 turpis
1913 3290 2076 3332 vulpeculae

1191 3340 1290 3385 figura
1303 3365 1314 3383 ‚
1344 3341 1397 3374 illa
1417 3339 1454 3381 es}
1476 3339 1551 3375 bona
1570 3343 1660 3385 Regis
1683 3346 1797 3386 imago,
1823 3339 1950 3376 Eodem
1974 3339 2078 3380 modo

1979 3390 2029 3424 illi
