2346 3724
92 640 178 678 Epist.
193 651 233 671 10,

113 690 178 719 cap.
206 691 232 709 2·

72 3147 176 3180 Hares.
184 3159 230 3185 7²·

74 3197 141 3229 cap.
163 3198 191 3227 3.

760 135 800 179 C
872 146 899 176 A

253 228 419 256 mentum:
446 220 521 251 Non
541 216 690 251 habentur
714 223 847 251 etiamin
858 216 982 255 symbolo
1005 220 1140 258 Niceno.

252 268 397 306 Proinde
408 268 687 302 Voffiusaffirmat
699 267 784 302 duo.
813 266 925 302 Primo
940 290 950 306 ,
978 265 1068 309 quod
1083 267 1142 300 ista

252 320 346 356 verba
368 330 434 352 non
449 319 511 352 lint
523 318 565 352 ab
576 318 746 363 Apostolis
758 344 766 351 .
793 317 947 357 Deinde,
974 315 1061 360 quod
1077 317 1141 350 Ro·

251 381 347 406 mana
362 369 501 404 Ecclesia
511 369 595 403 olim
606 369 670 411 ipsa
684 380 750 403 non
764 367 912 403 habuerit
933 366 967 400 iu
981 372 1039 400 suo
1052 368 1145 409 Sym-

249 420 348 456 bolo.
379 419 420 453 Et
434 420 509 453 sane
522 418 834 462 posteriorassertio,
862 417 883 451 fi
910 429 981 451 vera
996 418 1031 450 sit
1045 442 1054 456 ‚
1084 417 1145 450 val·

249 470 292 505 de
313 469 449 504 roborat
473 470 629 513 primam.
659 470 702 503 Et
717 470 807 503 istam
821 468 946 504 tradere
968 468 1095 501 videtur
1110 467 1163 500 inl

251 521 466 565 dogmatica,
493 531 556 563 qua
578 520 880 554 chalcedonensem
900 516 1073 560 Synodum
1098 506 1163 577 imi

248 570 370 604 struxit
384 593 395 609 ‚
421 570 592 613 epistolam
618 571 715 605 etiam
737 570 870 603 Sanetus
880 567 968 611 Papa
990 569 1060 603 Leo
1074 567 1162 631 Ma-t

252 631 336 666 gnus
349 633 361 653 .·
387 620 534 659 Eutyches
556 621 639 654 illam
644 620 750 663 saltem
761 629 940 654 communem
959 621 992 653 (tr
1004 616 1161 661 indiscre-·

252 681 315 705 tam
325 669 648 714 confefflonemsollicito
670 670 906 713 apprehendiffet
928 671 1034 703 auditu
1048 692 1058 708 ,
1084 677 1145 710 qua

251 722 406 754 Fideiium
428 720 605 763 univerfitaes
625 720 785 763 profitetur
799 719 834 764 se
855 722 973 754 credere
994 731 1025 751 m
1047 722 1144 752 Deum

251 774 378 805 Patrem
408 778 638 813 omnipotentem
661 773 735 813 ,(9
755 777 787 804 in
813 770 970 814 JESUM
997 768 1145 809 Christum

251 824 366 855 Filium
377 823 442 863 ejus
455 827 574 855 unicum
587 825 748 854 Dominum
759 821 885 854 nmirum
897 846 907 861 ,
935 826 987 863 qui
999 828 1090 852 natus
1106 817 1144 858 est

249 873 288 905 de
299 875 413 914 Spiritu
423 872 530 904 ‚taneio
541 883 580 905 ex
602 875 722 915 Virgine
747 874 867 904 Maria.
896 872 978 904 Haec
1002 868 1144 904 omnino

248 922 404 955 videntur
425 923 487 956 effe
508 920 657 954 formalia
681 920 777 955 verba
805 921 951 955 Romani
976 919 1145 964 Symboli.

248 972 374 1006 Divina
396 971 456 1007 ista
468 970 603 1015 epistola
616 972 678 1005 fuit
693 973 777 1014 paffa
789 970 967 1010 horrendas
980 970 1144 1003 contradi-

247 1022 372 1055 &iones
385 1021 419 1055 ὅ(
432 1021 614 1056 calumnias
624 1034 635 1055 .·
664 1020 722 1055 Ab
735 1020 954 1064 Eutychianis
965 1021 1098 1053 arietata
1109 1020 1143 1053 in

248 1071 388 1115 fingulis
416 1071 519 1105 verbis
532 1095 540 1102 .
568 1069 677 1104 Prima
698 1070 864 1105 calumnia
877 1071 948 1104 fuit
965 1070 998 1103 in
1013 1070 1079 1113 jam
1091 1070 1141 1104 ad·

246 1120 345 1154 dusta
365 1121 482 1154 verba:
509 1123 582 1153 Huic
602 1122 741 1163 Capitale
761 1120 796 1154 ob
817 1122 854 1154 id
868 1121 940 1162 asse,
966 1121 1079 1164 utique
1091 1132 1143 1155 ne-

246 1171 314 1205 scio
325 1172 399 1216 quis
419 1168 672 1213 Eutychianus,
696 1172 898 1205 calumniatur
911 1195 922 1211 ,
950 1182 1002 1204 cur
1023 1182 1080 1204 non
1095 1173 1142 1204 dt-

245 1227 350 1261 κενὴ,
377 1222 413 1255 In
427 1231 530 1255 unum
546 1221 658 1255 Deum
673 1220 806 1256 Patrem
821 1246 831 1262 ‚
859 1223 894 1256 er
905 1222 943 1255 In
966 1231 1067 1256 unum
1081 1220 1141 1264 ΙΕ-

246 1270 355 1306 SUM
378 1268 549 1306 Christum
573 1272 697 1307 Filium
712 1296 721 1311 ,
745 1275 841 1313 juxta
863 1276 989 1306 Nicaent
1012 1276 1142 1306 Decreta

248 1321 396 1354 concilii.
427 1321 468 1354 Et
482 1321 629 1355 eruditus
655 1322 688 1355 δε
708 1322 887 1365 antiquus,
916 1333 1013 1364 quem
1038 1317 1140 1364 aliqui

251 1370 345 1404 fixisse
365 1369 602 1404 Tridentinum
632 1371 834 1414 Episcopum
866 1370 953 1405 male
985 1373 1141 1412 censent,

130 1439 190 1471 nb·
199 1452 227 1477 4·
249 1420 396 1463 Scriptor
409 1419 501 1463 Vigil
507 1421 556 1453 ius
567 1421 741 1462 respondet
755 1433 762 1451 :
789 1422 850 1454 Sed
858 1424 962 1454 Rome
973 1445 983 1460 ,
1010 1423 1044 1455 (θ’
1057 1430 1141 1455 ante-

245 1478 338 1511 quam
359 1472 493 1500 Ntcaena
525 1470 651 1506 synodus
686 1474 860 1502 conveniret
877 1493 888 1509 ,
914 1472 934 1502 ἃ
962 1471 1142 1512 temporibus

247 1516 442 1560 Apostolorum
454 1516 544 1560 usque
554 1527 628 1551 nunc
641 1526 686 1552 tta
699 1518 858 1552 Fidelibus
870 1519 1035 1556 symbolum
1046 1521 1145 1552 tradi-

244 1575 315 1602 tar.
343 1572 412 1601 Nec
431 1569 639 1610 prejudicans
660 1569 754 1602 verba
768 1593 779 1607 ,
805 1569 856 1602 ubi
874 1567 979 1612 sensus
993 1571 1142 1603 incolumis

241 1626 420 1662 permanet.
450 1618 604 1653 Affirmat
628 1619 708 1652 tria.
735 1618 849 1659 Primo
871 1642 883 1658 ,
907 1619 997 1662 quod
1013 1620 1142 1655 ‘Roma-

245 1679 296 1703 nae
310 1667 460 1703 Ecclesia
470 1668 666 1711 Symbolum
679 1670 715 1702 fit
727 1669 799 1704 vere
811 1668 1041 1713 Apostolicurn
1054 1695 1063 1702 .
1090 1671 1143 1705 Se-

245 1716 381 1758 cundo,
411 1717 571 1761 quodista
584 1718 725 1754 Ecclesia
749 1720 790 1754 ad
813 1720 871 1754 issa
884 1722 982 1763 usque
993 1731 1142 1765 tempora

244 1768 377 1803 nullum
390 1767 577 1804 sustinuerit
588 1769 762 1804 admittere
773 1768 1036 1805 additamentum
1050 1797 1057 1804 ,
1070 1772 1142 1805 Nee

244 1818 345 1853 unius
354 1819 498 1853 voculae.
526 1818 794 1854 LieetNicaenae.
821 1819 878 1854 Ob
900 1822 1063 1855 rationem
1087 1822 1143 1856 ad»

244 1868 375 1903 ductam
387 1869 404 1902 ὲ
418 1868 555 1910 Ruffino
571 1894 578 1901 .
605 1868 726 1902 Tertio
738 1870 843 1909 dicit,
873 1870 963 1914 qued
976 1871 1035 1905 ista
1058 1871 1142 1906 Leo·

245 1919 298 1953 nis
313 1919 409 1953 verba
420 1919 483 1952 sint
495 1917 642 1961 ipfiffima
656 1917 805 1953 Romani
827 1920 977 1963 Symboli
989 1921 1145 1956 formula.

244 1969 331 2016 Qae
341 1968 408 2011 ejus
429 1968 559 2002 affertio
583 1968 786 2013 magislucet
799 1979 841 2002 ex
863 1970 915 2003 his
927 1971 1051 2004 verbis:
1081 1976 1143 2004 Cur

243 2030 304 2052 non
313 2017 404 2058 fimili
415 2019 568 2051 dementia
592 2017 787 2060 reprehendit
808 2020 891 2061 quod
899 2022 959 2054 Leo
980 2026 1042 2061 ait,
1070 2022 1142 2070 Qi

245 2077 343 2101 natus
363 2066 408 2100 est
429 2066 471 2101 de
494 2067 615 2111 Spiritu
639 2069 755 2102 Sancto
777 2079 819 2103 ex
844 2069 952 2105 Maria
979 2070 1142 2116 Virgine,

244 2117 387 2160 quomodo
397 2115 447 2150 hoc
460 2117 587 2153 verbum
598 2122 718 2160 Nicena
734 2120 865 2159 smodus
875 2131 934 2154 mm
941 2119 1054 2164 posuit,
1063 2123 1097 2156 (al
1109 2132 1143 2156 ut

247 2167 293 2201 illi
303 2168 404 2209 placet
419 2190 430 2207 ,
456 2166 506 2200 boc
527 2168 653 2202 verbum
663 2170 796 2212 profiteri
809 2170 948 2203 debemus
963 2195 973 2210 ,
999 2173 1081 2214 quad
1100 2172 1143 2204 ibi

242 2215 390 2261 scriptum
400 2221 604 2252 invenerimus
617 2219 630 2251 ‚2
656 2219 717 2252 Iste
730 2219 949 2253 calumniator
962 2221 1024 2253 fuit
1036 2221 1141 2254 homo

244 2268 377 2301 Graecus
399 2291 407 2299 .
441 2267 546 2302 Porro
568 2268 681 2301 Graeca
707 2267 850 2302 Ecclesia
873 2268 943 2311 post
969 2269 1140 2304 Nicaenam

244 2317 418 2360 Synodum
442 2317 585 2351 deseruit
608 2317 840 2361 Apostolicum
862 2317 1080 2361 Symbolum,
1105 2319 1139 2353 &

244 2367 433 2401 introduxit
445 2368 641 2405 Nicaenum,
667 2375 725 2399 aut
747 2366 835 2400 certe
857 2377 912 2409 per
923 2366 992 2409 ejus
1014 2367 1140 2401 addita-

240 2515 408 2561 Magnum
430 2516 579 2550 Leonem
592 2516 701 2560 arguit
737 2515 779 2550 de
801 2517 1005 2560 praevaricatu
1031 2518 1138 2552 Nica:-

240 2566 279 2610 μὶ
300 2565 469 2600 Concilii.
498 2565 542 2599 Et
563 2565 712 2611 Vigilius
743 2567 910 2610 respondit
945 2567 1136 2603 Romanam

241 2615 418 2649 Ecclesiam
440 2627 630 2658 permanere
652 2616 688 2650 in
711 2616 915 2661 Apostolicis
937 2618 1042 2654 verbis
1063 2645 1074 2662 ,
1100 2631 1138 2654 ac

241 2664 404 2708 interipsa
414 2667 476 2699 effe
489 2676 556 2699 non
570 2667 699 2701 tantum
711 2664 799 2709 haec,
828 2672 934 2702 Natus
959 2668 997 2709 est
1018 2670 1054 2702 de
1071 2672 1138 2712 spt-

241 2720 303 2750 ritu
323 2714 429 2748 sanao
448 2727 487 2749 ex
498 2719 602 2749 Maria
614 2721 737 2761 Virgine
750 2742 761 2758 ‚
789 2718 843 2752 sed
856 2719 889 2753 &
909 2720 1023 2753 omnia
1035 2719 1138 2754 addu-

241 2767 290 2800 ἂι
303 2776 358 2809 per
381 2765 546 2800 laudatam
568 2767 692 2802 Leonis
725 2768 913 2812 epistolam.
944 2767 1084 2803 Accedit
1101 2771 1136 2805 ὃ(

241 2813 332 2850 aliud
355 2815 564 2851 fortiffimum
585 2828 816 2862 argumentum
831 2843 838 2851 .
865 2818 1044 2853 Marcellus
1065 2820 1133 2855 An·

241 2877 326 2910 cyrae
348 2866 530 2910 Episcopus
550 2889 562 2906 ,
589 2871 698 2911 primae
726 2868 865 2904 Galatiae
891 2868 1111 2913 Metropolita
1126 2896 1137 2912 ,

241 2915 323 2950 dum
334 2915 376 2950 ab
389 2914 522 2950 Arianis
532 2916 705 2953 damnatus
716 2919 892 2963 appellavit
906 2919 1022 2954 Sedem
1044 2920 1133 2965 Apo-

241 2966 394 3001 stolicam
406 2990 418 3006 ,
443 2976 554 3000 coram
569 2967 687 3003 Sancto
701 2968 787 3013 Papa
799 2970 888 3013 Julio
900 2968 979 3004 fecit
988 2981 1032 3004 ex
1043 2982 1134 3007 more

243 3016 473 3061 profeffionem
498 3016 591 3050 Fidei
613 3042 620 3051 .
648 3017 807 3054 Professus
830 3020 875 3055 est
901 3020 1131 3064 Apostolicum

244 3065 460 3110 Symbolum.
488 3066 532 3101 Et
559 3067 664 3111 ipsum
683 3067 725 3103 de
747 3069 846 3106 verbo
867 3069 910 3105 ad
929 3070 1062 3106 verbum
1074 3073 1132 3108 suo

245 3117 391 3152 Panario
406 3117 542 3151 inseruit
556 3117 690 3152 sanstus
703 3119 910 3164 Epiphanius
921 3145 929 3152 .
959 3121 1001 3154 Et
1012 3118 1068 3156 hic
1086 3122 1131 3156 est

246 3168 370 3211 primus
390 3167 565 3201 articulus:
593 3169 690 3203 Credo
707 3174 739 3203 in
762 3173 859 3204 Deam
884 3176 1129 3213 omnipotentem.

247 3218 303 3252 De
319 3217 396 3252 coeli
417 3218 451 3252 &t
471 3227 563 3252 terrae
574 3219 732 3253 Creatore
745 3220 836 3255 nulla
846 3221 881 3255 fit
903 3222 1032 3255 mentio
1044 3247 1051 3254 .

298 3266 497 3312 Respondeo
517 3267 583 3303 haec
603 3270 666 3303 effe
685 3268 835 3304 intricata
847 3295 854 3303 .
885 3271 928 3304 Et
949 3268 1130 3308 saneaddu·

248 3319 298 3356 &a
311 3329 506 3366 argumenta
527 3329 679 3364 potenter
692 3320 827 3356 suadent
851 3320 916 3357 ista
931 3321 1025 3358 verba
1045 3323 1128 3359 olim

972 147 993 177 Ρ
1062 146 1083 180 Ῐ
1155 147 1178 175 'f

242 2426 354 2450 menta
376 2416 469 2450 auxit
491 2414 740 2457 Apostolicum.
768 2415 831 2450 Iste
854 2416 975 2460 loquax
995 2416 1060 2452 boc
1093 2409 1195 3488 fl

241 2467 330 2500 &um
353 2464 460 2500 voluit
481 2465 581 2499 etiam
604 2465 638 2499 in
664 2465 816 2500 Romana
841 2466 985 2501 Ecclesia
1007 2480 1015 2500 :
1044 2468 1138 2502 Hinc

1250 146 1267 184 ι
1339 145 1358 174 s
1463 129 1587 178 XIII.
1924 144 1942 176 1
1959 146 1979 188 3
1988 147 2018 184 9

1203 226 1271 249 non
1292 213 1384 247 fuisse
1404 212 1438 246 in
1464 211 1621 246 Romano
1642 211 1801 253 symbolo
1819 238 1831 255 ,
1857 214 1999 259 ideoque
2012 227 2084 253 non

1202 268 1264 300 elle
1288 263 1479 306 Apostolica
1504 287 1511 295 .
1552 264 1598 295 At
1623 261 1697 294 vero
1716 264 1778 295 esse
1802 265 1994 306 Apostolica
2013 291 2024 308 ,
2049 269 2083 304 ὅ(

1204 318 1323 356 semper
1338 315 1430 348 fuisse
1459 314 1492 346 in
1509 312 1570 346 isto
1581 311 1766 355 symbolo,
1793 313 1960 350 fortissime
1972 317 2085 353 suadet

1205 366 1502 401 Sanetuslrenaeus.
1534 364 1668 396 Etenim
1680 360 1799 395 diserte
1811 362 1966 403 affirmat,
1996 367 2086 408 qudd

1204 416 1337 451 Sanetus
1352 416 1506 449 Clemens
1519 414 1603 456 apud
1618 410 1813 447 Corinthios
1835 415 1986 454 repararit
1997 417 2087 459 Apo·

1206 467 1352 500 stolicam
1367 466 1578 501 tiaditionem
1589 487 1600 503 ,
1628 464 1681 497 seu
1693 461 1734 496 ab
1755 461 1925 505 Apostolis
1937 463 2087 502 traditam

1205 516 1349 561 regulam
1364 541 1373 554 ,
1400 527 1469 558 quae
1486 514 1661 548 annuntiat
1686 524 1790 546 unum
1804 512 1917 546 Deum
1938 516 2089 559 omnipo-

1207 576 1326 600 tentem
1342 591 1351 605 ,
1381 566 1538 598 Fac‘lorem
1562 566 1682 599 Caeli&
1696 572 1784 597 terrae
1797 587 1805 595 .
1834 562 1945 597 Etiam
1965 564 1999 596 in
2022 566 2088 599 alio

1206 618 1283 651 loeo
1304 617 1412 651 scribit
1431 629 1442 649 .-
1471 620 1617 649 Veritatis
1639 616 1879 656 praedicatores,
1907 615 1941 647 (τ
1967 616 2088 656 Apostoli

1204 667 1352 701 libertatis
1373 672 1603 699 nominaverunt
1621 663 1716 707 solum
1727 667 1824 697 Deum
1845 666 1969 698 Patrem
1987 690 1996 705 ‚
2025 670 2088 700 Fa-

1205 718 1312 750 &orem
1335 719 1572 750 Coeli&terrae.
1604 716 1644 748 Et
1664 716 1798 749 iterum:
1827 717 1935 747 Gentes
1956 716 2086 749 catecbi·
2107 722 2204 758 Lib.4.

2108 599 2164 630 Lib.
2189 609 2216 637 3.

2105 650 2167 679 cap.
2178 644 2222 671 16.

1205 768 1295 801 zabat
1312 767 1455 809 apostolus
1470 767 1585 800 Paulus
1598 763 1745 807 discedere
1768 764 1807 798 ab
1830 765 1974 798 idolorum
1984 765 2089 809 super-
2106 771 2228 802 cap.41·
2266 773 2269 777 ·

1199 818 1334 859 stitione,
1361 820 1394 852 (⁸⁷
1407 829 1499 851 unum
1521 819 1618 849 Deum
1638 817 1730 848 colere
1750 840 1761 855 ,
1786 815 1938 857 fac‘lorem
1961 818 2036 850 Coeli
2057 818 2091 851 &

1206 878 1294 902 terrae
1314 893 1320 900 .
1349 867 1584 902 Catechizabat
1605 866 1766 900 tradendo
1791 865 1990 908 Symbolum
2011 894 2019 902 .
2049 868 2092 902 Et

1208 919 1272 952 baec
1286 918 1381 952 verba
1397 929 1455 952 nos
1477 917 1595 951 docent
1608 918 1769 950 rationem
1781 941 1791 956 ‚
1819 927 1861 949 ex
1873 928 1936 959 qua
1954 918 2094 961 Aposto-

1207 970 1228 1002 li
1249 969 1309 1002 ista
1332 968 1429 1002 verba
1459 967 1613 1011 symbolo
1635 966 1830 1000 indiderunt
1853 990 1860 998 .
1902 966 2035 1012 Nempe
2055 979 2093 1003 ut

1206 1030 1321 1063 gentes
1334 1019 1489 1052 docerent
1502 1029 1568 1051 non
1582 1017 1721 1061 amplius
1733 1016 1769 1050 in
1783 1015 1880 1050 idolis
1891 1041 1902 1057 ,
1929 1018 2091 1053 defunstis

1206 1068 1418 1108 horninibus,
1446 1068 1659 1107 Doemoniis‚
1681 1078 1735 1101 aut
1757 1068 1824 1101 ulla
1837 1078 1982 1102 creatura
2001 1066 2096 1105 hatte·

1207 1130 1239 1152 re
1252 1128 1302 1161 per
1318 1119 1505 1152 servitutem
1519 1142 1528 1158 ‚
1542 1117 1593 1151 sed
1606 1117 1735 1150 credere
1752 1118 1787 1150 &
1802 1120 1923 1159 sperare
1936 1119 1969 1156 in
1983 1119 2096 1152 Deum

1207 1170 1316 1202 vivum
1328 1180 1366 1202 ac
1379 1179 1488 1202 verum
1501 1192 1511 1207 ‚
1538 1167 1728 1201 Ctiatorem
1741 1166 1825 1200 Coeli
1840 1167 1875 1200 &
1888 1178 1976 1202 terrae
1991 1194 1999 1200 .
2029 1168 2099 1201 Vo·

1206 1231 1276 1253 cem
1288 1242 1298 1258 ,
1328 1223 1586 1260 omipotentem,
1608 1217 1793 1250 direxerunt
1809 1218 1840 1249 in
1854 1218 2006 1260 gentium
2019 1218 2096 1251 Phi-

1207 1267 1383 1312 losophos,
1410 1273 1511 1303 etiam
1538 1268 1756 1301 Platonicos.
1786 1266 1994 1308 Nam&hi,
2022 1268 2098 1303 licet

1208 1330 1314 1354 veram
1332 1320 1396 1353 Dei
1412 1318 1617 1360 Majestatem
1631 1318 1825 1363 agnoverint
1839 1342 1849 1357 ,
1875 1319 2039 1353 affirmant
2053 1329 2098 1353 ta-

1207 1381 1281 1403 men
1295 1370 1421 1411 operari
1444 1381 1511 1403 non
1526 1369 1614 1411 posse
1635 1368 1690 1400 nifi
1704 1379 1744 1401 ex
1763 1368 1879 1401 infesta
1893 1369 1926 1402 δε
1937 1379 2098 1403 coaeterna

1208 1420 1362 1459 materia,
1388 1430 1448 1452 nec
1469 1418 1595 1461 aliquid
1619 1418 1706 1460 posse
1731 1416 1814 1451 ultra
1836 1419 2039 1453 terminos&
2055 1420 2100 1453 vi-

1209 1481 1257 1503 res
1276 1479 1413 1503 naturae.
1442 1468 1626 1502 Adversum
1644 1467 1705 1500 hos
1717 1478 1837 1501 errores
1852 1468 2029 1502 voluerunt
2052 1469 2097 1502 A·

1209 1518 1327 1560 postoli
1339 1519 1358 1550 a
1372 1516 1524 1561 gentibus
1546 1518 1615 1551 fieri
1638 1518 1867 1559 professionem
1881 1518 2010 1552 Divinae
2029 1531 2099 1553 om·

1209 1567 1420 1610 nipotentiae.
1451 1566 1556 1613 Qod
1579 1567 1698 1606 verba,
1725 1571 1894 1600 Creatorem
1905 1570 2100 1603 Coeli&ter-

1206 1629 1273 1657 rae,
1300 1617 1363 1651 sint
1390 1615 1462 1651 vere
1485 1615 1679 1659 Apostolica
1700 1617 1792 1650 valde
1811 1619 1987 1653 confirmat
2002 1619 2100 1653 Con-

1208 1666 1505 1710 stantinopolitana
1527 1667 1682 1710 Synodus
1705 1689 1717 1707 ,
1751 1679 1822 1711 quae
1839 1669 1897 1702 illa
1918 1670 1935 1703 a
1960 1669 2100 1706 Nicaeno

1207 1717 1368 1752 Concilio
1393 1717 1598 1762 praetermifl‘a
1615 1718 1757 1761 reposuit
1782 1717 1815 1750 in
1854 1720 1946 1752 suurn
1968 1720 2100 1763 symbo-

1208 1769 1297 1802 lum.
1325 1767 1427 1801 Haud
1451 1765 1550 1801 dubie
1561 1779 1603 1800 ex
1618 1766 1816 1810 Apostolico
1828 1793 1835 1801 .
1866 1769 1991 1804 Eadem
2005 1770 2100 1805 verba

1207 1818 1306 1852 habet
1331 1817 1474 1853 Ecclesia
1498 1817 1756 1856 Mediolanenfis
1778 1841 1790 1857 ,
1824 1829 1921 1861 quam
1948 1819 2101 1855 fundavit

1206 1868 1240 1902 ἀ
1265 1866 1381 1902 docuit
1403 1868 1538 1902 sanstus
1560 1866 1725 1902 Barnabas
1747 1866 1931 1911 Apostolus
1951 1895 1958 1902 .
1987 1872 2100 1906 Omne

1204 1918 1295 1952 enim
1307 1918 1375 1960 ejus
1388 1917 1575 1960 symbolum
1589 1919 1633 1951 ita
1648 1918 1762 1952 recitat
1787 1929 1825 1952 ac
1845 1920 1999 1962 explanat
2014 1923 2101 1956 San-

1205 1970 1273 2002 ctus
1288 1967 1481 2002 Ambrofius
1492 1992 1499 2000 .
1529 1968 1572 2001 Et
1586 1967 1749 2004 Barnabas
1777 1969 1921 2003 omnind
1931 1970 2046 2005 docuit
2058 1970 2101 2006 ad

1206 2019 1307 2052 ritum
1317 2018 1426 2053 Sansti
1441 2017 1528 2052 Petri
1544 2043 1551 2051 .
1582 2019 1624 2052 Et
1650 2017 1738 2061 quod
1759 2028 1875 2051 omnes
1893 2018 2015 2053 ltalicae
2039 2019 2102 2056 Ec,

1206 2069 1305 2103 clefiae
1314 2069 1397 2102 olim
1411 2067 1587 2102 habuerint
1601 2066 1740 2101 eundem
1754 2067 1852 2101 ritum
1862 2091 1873 2108 ‚
1905 2066 2100 2114 adeoque&

1208 2118 1297 2153 idem
1308 2118 1520 2162 symbolum,
1547 2116 1664 2150 diserte
1689 2117 1828 2151 affirmat
1839 2119 1974 2153 Sanetus
2000 2120 2100 2154 lnno-

1206 2169 1335 2202 centius
1355 2169 1478 2211 primus
1491 2166 1651 2200 Pontifex
1661 2166 1697 2199 in
1710 2167 1827 2202 litteris
1838 2168 1878 2202 ad
1894 2169 2099 2208 Decentium

1208 2217 1409 2260 Episcopum
1429 2216 1663 2260 Eugubinum.
1696 2217 1739 2251 Et
1751 2219 1838 2252 certe
1856 2220 1890 2252 in
1905 2221 1968 2254 suis
1980 2219 2098 2258 litteris

1207 2268 1340 2301 Sanetus
1351 2268 1422 2301 Leo
1438 2266 1534 2309 possit
1546 2266 1735 2311 compendii
1749 2279 1829 2312 ergo
1841 2269 1901 2304 ista
1916 2270 2009 2304 verba
2025 2282 2098 2313 prae·

1206 2316 1370 2349 tei-misisse
1389 2341 1397 2349 .
1426 2317 1467 2350 Et
1480 2315 1544 2350 hoc
1557 2315 1682 2351 strenue
1694 2318 1837 2352 insinuat
1849 2319 2009 2354 addudus
2023 2321 2098 2358 Noe
2133 2335 2137 2339 ⁸

1206 2366 1328 2399 vatiani
1350 2364 1443 2398 locus
1470 2390 1477 2397 .
1515 2365 1653 2400 Certum
1679 2366 1746 2405 est,
1772 2367 1861 2411 quod
1885 2370 2096 2410 Novatianus

1206 2425 1261 2458 per
1300 2416 1444 2450 veritatis
1470 2416 1620 2459 regulam
1651 2416 1820 2462 intelligat
1858 2419 2095 2462 Apostolicum

1203 2465 1402 2508 Symbolum
1414 2491 1422 2498 .
1451 2466 1541 2499 Nam
1554 2467 1588 2500 ἀ
1602 2466 1682 2501 infra
1694 2467 1802 2502 scribit
1817 2481 1825 2501 :
1854 2472 1976 2504 Eadem
1992 2473 2095 2515 regula

1204 2522 1347 2549 veritatis
1372 2518 1453 2549 docet
1467 2528 1520 2549 nos
1532 2518 1649 2550 credere
1656 2517 1717 2559 post
1731 2520 1858 2553 Patrem
1868 2526 1960 2553 etiam
1979 2527 2020 2554 inv
2032 2525 2095 2554 Fi·-

1203 2568 1275 2599 lium
1314 2570 1372 2600 Dei
1398 2566 1668 2602 CHRISTUM
1700 2567 1858 2611 jssSUM
1881 2594 1890 2608 ‚
1930 2574 2093 2605 Dominum

1205 2619 1300 2649 Deum
1323 2616 1466 2657 nostrum.
1497 2617 1537 2650 Et
1561 2617 1680 2652 iterum
1693 2631 1704 2652 :
1731 2621 1812 2652 ordo
1833 2626 1961 2654 rationis
1973 2624 2007 2657 ό·
2015 2621 2091 2664 fidet
2106 2641 2170 2681 Gap
2196 2653 2215 2680 9

1202 2666 1370 2700 authoritas
1395 2668 1533 2701 admonet
1555 2679 1608 2700 nos
1630 2670 1747 2702 credere
1770 2675 1864 2703 etiam
1889 2676 1923 2703 in
1942 2674 2090 2712 spiritum
2172 2664 2179 2672 ¹
2217 2665 2225 2672 ’

1202 2717 1342 2749 sanorum
1355 2742 1362 2749 .
1393 2716 1623 2760 Apostolicum
1651 2719 1846 2761 Symbolum
1860 2743 1871 2758 ,
1897 2720 1986 2762 quod
2001 2718 2089 2755 dixit

1202 2767 1347 2801 veritatis
1358 2768 1502 2811 regulam
1517 2792 1527 2806 ,
1554 2768 1619 2810 jam
1640 2768 1721 2801 dicit
1743 2767 1819 2801 fidei
1833 2767 2087 2805 authoritatem.

1202 2816 1352 2851 Grandes
1373 2817 1479 2852 tituli.
1511 2815 1612 2850 Porro
1635 2817 1702 2859 ejus
1723 2817 1875 2852 formalia
1901 2818 1995 2854 verba
2015 2830 2087 2855 non

1201 2867 1315 2901 recitat
1325 2890 1336 2906 ,
1362 2866 1414 2901 sed
1427 2867 1462 2900 δε
1474 2866 1563 2900 addit
1577 2866 1611 2900 ἀ
1624 2868 1725 2901 variat
1737 2891 1744 2899 .
1772 2866 1918 2902 Proinde
1940 2867 2006 2904 haec
2017 2882 2087 2905 ver*

1201 2918 1262 2958 ba,
1289 2917 1323 2952 id
1336 2916 1381 2951 est
1394 2940 1405 2957 ,
1433 2920 1546 2950 Rerum
1557 2922 1688 2950 omnium
1708 2917 1948 2959 persi-Htffimum
1957 2922 2085 2955 condito·

1199 2980 1262 3002 rem
1276 2991 1287 3008 ,
1312 2967 1466 3001 videntur
1489 2979 1557 3001 non
1568 2967 1825 3002 commentarius
1835 2971 1898 3004 effe
1910 2992 1922 3010 ,
1947 2971 2000 3005 sed
2015 2982 2084 3005 tex-

1198 3027 1250 3053 tus
1271 3017 1469 3062 paraphrasis
1487 3042 1495 3050 .
1537 3018 1638 3064 Qiod
1663 3018 1767 3062 ipsum
1795 3020 1930 3054 suadent
1955 3021 1990 3054 δι
2013 3020 2082 3056 baec

1198 3067 1317 3103 verba:
1341 3070 1471 3103 Credere
1493 3074 1525 3101 iu
1539 3071 1594 3101 Dei
1605 3069 1739 3108 Filium,
1765 3067 1854 3112 bujus
1877 3074 1955 3112 Dei,
1981 3073 2082 3113 qui&

1197 3131 1276 3154 unus
1289 3121 1323 3154 6
1330 3118 1409 3163 solus
1420 3118 1480 3159 est,
1508 3119 1652 3152 Conditor
1672 3117 1782 3162 fttlicet
1806 3126 1938 3154 omnium
1958 3132 2058 3154 rerum
2072 3146 2080 3153 .

1198 3171 1364 3205 Videntur
1375 3179 1504 3203 textum
1516 3169 1686 3212 respicere.
1718 3170 1771 3204 Est
1799 3181 1848 3205 res
1867 3173 1968 3215 usque
1991 3182 2080 3206 nunc

1197 3219 1279 3255 mihi
1303 3220 1444 3254 incerta.
1471 3218 1644 3265 Quidquid
1664 3218 1724 3261 sit,
1749 3220 1809 3256 ista
1836 3221 1932 3255 verba
1945 3231 2014 3254 non
2025 3220 2079 3255 ha-

1197 3271 1268 3306 buit
1280 3270 1489 3313 Aquileiense
1510 3268 1717 3312 symbolum.
1745 3270 1878 3306 Etenim
1903 3272 2071 3316 integrum

1194 3321 1235 3356 de
1255 3320 1354 3358 verbo
1375 3321 1415 3355 ad
1440 3318 1575 3355 verbum
1596 3318 1751 3356 Ruffinus
1787 3321 1959 3357 suolibro
1996 3321 2078 3365 indi·

1958 3371 2025 3406 dit.
