2346 3724
695 153 735 196 C
808 167 834 195 A
908 167 951 196 1³2
999 165 1028 195 1.

209 245 283 280 rum
303 231 437 278 quidam
449 230 594 267 omnino
613 231 745 268 fuerunt
760 233 916 269 haeretici.
946 231 1002 267 Ab
1026 232 1096 275 ipfis

211 283 292 331 ergo
313 283 371 317 ista
393 282 529 316 audacia
549 281 685 322 devenit
709 283 751 318 ad
775 284 901 319 nostros
914 282 1087 319 sectarios.

212 334 348 370 Testem
368 331 497 366 adduco
526 332 670 367 nostrum
682 333 951 372 Tertullianum,
976 333 1033 376 qui
1060 333 1094 366 in

212 386 297 421 libro
321 381 362 417 de
383 381 507 417 Anima
529 383 639 416 scribit
669 383 710 418 de
739 383 924 422 Gentilium
949 382 1096 417 Philoso-

154 448 159 455 ·
186 447 197 457 ·
213 435 303 479 phis:
331 434 422 477 ‚Quid
430 441 530 466 autem
543 432 573 475 fi
582 432 754 477 Philosophi
771 440 862 468 etiam
887 434 943 466 illa
964 431 1094 475 incursa-

211 490 314 526 verint
339 507 350 525 ,
378 495 446 526 quae
467 491 562 525 penes
590 496 640 516 nos
667 483 892 526 apocryphorum
930 483 1095 524 confeffione

211 536 398 569 damnantur
423 557 434 573 ,
457 542 548 566 certos
570 533 649 567 nibil
669 536 864 576 recipiendum
889 557 901 574 ,
938 536 1017 575 quod
1039 545 1096 566 non

210 583 356 627 conspiret
360 595 517 627 germanae
528 608 538 625 ‚
566 586 599 618 <5
611 581 746 627 ipsojam
763 595 830 617 aevo
853 593 1010 626 prognatae
1025 586 1095 616 Pro-

207 634 335 677 phen‘cae
348 636 511 668 Paraturae
523 656 534 672 ‚
560 635 680 677 quando
694 636 729 669 et
741 633 1094 675 Pseudo-Prophetarum

210 689 429 725 meminerimus
458 708 468 724 ,
503 686 537 717 <5
558 684 649 717 multb
667 684 756 726 prius
781 683 980 726 apostatarum
1004 686 1096 726 Spiri-

210 744 315 775 tuum,
343 739 393 777 qui
416 732 583 777 huiusmodi
593 745 704 779 quoque
726 740 908 778 ingeniorum
924 735 1095 768 calliditate

210 796 324 819 omnem
328 784 443 826 faciem
450 782 553 827 saeculi
562 783 764 825 instruxerunt
780 785 792 818 Ρ
817 783 1004 819 Gentilium
1016 782 1097 817 Phi-

211 833 425 881 losophorum
436 834 572 879 Dogma
587 834 651 868 fuit,
659 835 760 868 scoria
773 832 956 869 obduetum
969 845 1095 873 aurum,

211 884 352 919 mixtum
373 896 456 928 aqua
481 884 619 920 vinumz
645 883 695 915 Ex
719 884 935 918 vero&falso
948 894 1091 919 textura.

211 933 294 968 Veri
318 934 411 968 istius
431 932 571 967 radicem
587 932 697 967 Patres
707 932 869 978 affignant
883 935 1003 968 variam
1016 957 1024 966 .
1052 934 1096 968 Et

209 994 274 1018 una
286 983 332 1018 est
350 1008 361 1025 ‚
388 982 478 1026 quod
501 981 630 1017 nostros
643 981 822 1026 Prophetas
845 983 895 1017 illi
921 984 1071 1027 legissent
1088 1007 1096 1015 .

210 1033 344 1073 Horum
357 1034 448 1069 enim
462 1057 473 1073 ‚
500 1031 575 1067 licet
585 1032 639 1075 ipfi
650 1032 816 1075 appellent
831 1032 997 1067 barbaram
1010 1055 1021 1073 ‚
1048 1033 1093 1066 est

210 1083 369 1117 veriffima
391 1084 424 1116 δε
436 1081 654 1126 antiquiffima
672 1079 907 1125 Philosophia.
936 1083 1093 1117 Mixturae

208 1133 337 1173 causam
348 1131 576 1166 Tertullianus
587 1131 725 1166 affirmat
746 1132 831 1166 inter
845 1132 925 1166 alias
938 1133 1032 1166 fuiffe
1046 1134 1092 1167 in-

208 1182 391 1217 cursionem
413 1180 700 1226 apocryphorum,
725 1182 780 1218 seu
807 1182 1093 1227 Pseudo-Prophe-

208 1241 316 1272 tarum
340 1256 351 1273 ,
387 1230 507 1276 quibus
527 1231 711 1266 istiusmodi
738 1232 824 1276 lepra
851 1233 896 1267 est
921 1234 1086 1267 naturalis.

209 1282 371 1326 supponit
385 1280 572 1325 apocrypha
594 1282 717 1326 Scripta
740 1283 804 1317 else
828 1282 913 1318 adeo
934 1284 1070 1328 antiqua
1083 1308 1091 1317 .

212 1331 258 1368 Et
277 1331 357 1367 reste
379 1331 551 1376 supponit.

218 1468 221 1472 ι
290 1484 388 1549 Qae
411 1499 463 1528 ex
468 1479 581 1546 falfi>
593 1470 869 1548 composuerunt
884 1517 898 1542 ‚
934 1486 1026 1531 &a

258 1630 389 1665 Doctor
410 1629 584 1675 distinguit
612 1629 759 1674 duplices
785 1632 1050 1676 apocryphorum
1063 1633 1098 1668 li·

211 1681 348 1716 brorum
371 1679 542 1714 ufitatores
561 1692 569 1712 ε
596 1680 693 1714 Alios
714 1680 771 1724 qui
803 1682 889 1724 ipsos
909 1685 1097 1727 composue·

210 1739 314 1771 runt,
335 1730 417 1764 alios
437 1730 494 1774 qui
517 1730 601 1774 ipsos
627 1742 667 1764 ex
680 1730 899 1775 ambiguitate
921 1745 1093 1778 ceperunt.

211 1780 270 1817 Ad
291 1781 430 1824 primam
445 1780 573 1815 ciatrem
585 1782 727 1823 spestant
741 1780 919 1816 Cerinthus
935 1809 946 1824 ,
968 1785 1098 1830 Meritis-

212 1831 312 1870 thus‚
340 1829 559 1871 Valentinus,
585 1832 618 1864 ὄσ
633 1831 739 1873 pines
750 1831 829 1872 alii,
854 1833 872 1866 ὲ
894 1834 1012 1876 quibus
1033 1835 1098 1879 jam

210 1881 399 1921 audivimus
411 1890 605 1915 attentatam
618 1880 710 1915 fuisse
723 1881 816 1917 istam
827 1883 998 1919 audaciam
1009 1909 1017 1919 .
1042 1885 1098 1919 Est

209 1929 348 1967 audacia
361 1929 444 1965 adeo
455 1930 607 1974 sacrilega
622 1954 632 1970 ,
659 1930 807 1973 utipsam
829 1934 863 1966 in
887 1934 935 1967 sui
950 1934 1099 1980 Evange-

207 1980 248 2016 lii
258 1980 399 2016 exordio
421 1981 555 2016 sanstus
576 1980 683 2014 Lucas
706 1981 837 2016 duxerit
852 1983 1097 2020 damnandam.

207 2031 267 2066 Est
287 2031 378 2066 enirn
400 2030 496 2072 plena
523 2029 869 2074 Pseudo-prophetia,
895 2035 1100 2070 mendaciffi·

209 2079 264 2115 me
288 2079 452 2113 blaterans
473 2080 507 2113 δε
530 2078 675 2114 clamans
703 2103 714 2120 ‚
741 2084 821 2113 Dicit
842 2085 986 2117 Dominus
1002 2110 1012 2126 ,
1040 2083 1097 2120 ubi

210 2128 381 2164 Dominus
403 2138 471 2162 non
493 2129 538 2163 est
559 2128 712 2165 locutus·
741 2130 798 2165 Est
823 2132 889 2166 falfi
912 2134 1034 2169 crimen
1062 2135 1097 2169 in

209 2180 315 2223 ipsam
338 2178 498 2214 Divinam
521 2179 729 2223 Maiestatem
754 2205 762 2214 .
800 2182 843 2216 Et
864 2180 943 2218 hinc
969 2185 1003 2219 in
1027 2185 1098 2219 illu-

210 2228 326 2264 strium
348 2229 491 2264 virorum
514 2231 669 2275 catalogo
690 2229 803 2265 scribit
831 2232 966 2267 Sanctus
978 2234 1097 2269 Hiero-

210 2290 334 2324 nymus
355 2278 398 2315 de
410 2279 520 2314 nescio
541 2290 609 2323 quo
632 2280 778 2315 Asiatico
791 2279 1009 2325 Presbytero,
1037 2284 1095 2327 qui

211 2329 400 2365 fabulosum
419 2329 462 2364 de
474 2329 582 2363 Sansti
605 2328 743 2365 Pauli&
756 2330 878 2365 Sanstae
889 2331 1023 2367 Theciae
1047 2336 1096 2376 p'e-

211 2379 317 2414 riodis
337 2377 457 2413 librum
477 2379 683 2412 confinxerat
705 2391 713 2410 :
740 2380 948 2413 Tertullianus
973 2387 1095 2414 vicinus

210 2440 310 2465 rorum
321 2436 484 2470 temporum
495 2427 589 2469 refert
603 2426 808 2467 Presbyterum
826 2429 993 2463 convic‘lum
1009 2433 1096 2476 aJo-

214 2490 295 2513 anne
306 2477 431 2520 apostolo
443 2502 454 2518 ,
471 2477 554 2519 quid
563 2476 669 2511 author
684 2478 749 2522 effet
772 2477 843 2511 libri
856 2503 867 2519 ,
894 2481 928 2514 (ν
940 2480 1095 2523 confeffum

209 2526 244 2573 se
265 2527 317 2563 hoc
337 2539 435 2563 amore
460 2527 551 2562 Pauli
565 2527 670 2571 feciffe
682 2553 691 2568 ‚
719 2529 753 2561 Θ
775 2528 812 2561 ob
829 2530 865 2562 id
878 2530 936 2564 loco
948 2533 1046 2564 excidi
1066 2544 1098 2566 e.

212 2577 373 2613 Testatur
386 2578 419 2612 id
433 2577 662 2612 Tertullianus
674 2578 707 2611 in
718 2577 802 2613 libro
813 2578 854 2613 de
865 2579 1042 2624 Baptismo.
1055 2582 1101 2615 A·

212 2628 337 2663 liorum
353 2651 364 2668 ,
389 2627 446 2671 qui
467 2626 628 2671 ejusmodi
654 2627 755 2663 libros
765 2629 806 2663 de
817 2629 1033 2676 ambiguitate
1053 2643 1102 2674 ce·

216 2686 335 2722 petunt
357 2677 548 2716 „delictum
560 2688 628 2712 non
656 2678 699 2713 est
710 2678 794 2714 adeo
813 2690 911 2725 grave
924 2706 931 2713 .
961 2681 1004 2715 Et
1017 2682 1102 2716 inter

215 2727 296 2762 istos
306 2726 368 2761 fuit
379 2726 535 2762 Sabellius
548 2752 559 2768 ,
586 2727 627 2762 ab
648 2729 834 2774 Evangelio
846 2730 1024 2765 secundum
1039 2731 1101 2765 AE-

215 2777 352 2824 gyptios
361 2777 620 2822 circumscriptus
639 2788 676 2813 ac
689 2779 834 2814 seductus
846 2805 854 2813 .
883 2780 961 2815 Erat
976 2780 1009 2814 in
1022 2780 1102 2815 Pen-

216 2827 399 2871 tapolitana
411 2826 622 2873 AEgyptiacae
635 2828 816 2864 Dioeceseos
828 2829 1002 2865 Provincia
1027 2831 1102 2874 Epi-

216 2879 353 2921 scopus.
381 2877 475 2911 Hinc
498 2876 655 2924 ambiguo
676 2878 729 2913 isti
756 2879 942 2925 Evangelio
959 2881 1100 2915 nimium

216 2926 335 2962 detulit
355 2951 363 2959 .
402 2925 588 2962 istiusmodi
607 2929 705 2973 porro
727 2929 908 2973 Scripturas
927 2931 1101 2974 Septimius

217 2977 361 3023 appellat
370 2977 406 3009 de
429 2976 649 3021 ambiguitate,
674 2978 763 3021 quod
774 2978 916 3015 habeant
927 2979 1101 3025 ambiguos

217 3025 504 3070 &clandestinos,
531 3037 628 3071 atque
652 3029 697 3063 itu
715 3029 911 3072 damnatos,
938 3042 994 3066 aut
1016 3031 1102 3066 certe

219 3078 381 3121 suspectos
392 3077 516 3113 natales
524 3102 535 3120 ‚
561 3077 708 3124 adeoque
729 3080 795 3115 fine
806 3080 926 3116 delisto
941 3081 1102 3117 anemine

220 3128 342 3174 poffint
354 3127 486 3162 admitti
498 3153 506 3161 .

270 3178 420 3227 Qaestio
442 3177 510 3218 est,
537 3176 629 3226 Qid
651 3178 690 3212 fit
711 3178 873 3223 Scriptura
891 3180 1103 3226 apocrypha?

218 3226 425 3272 Respondeo
435 3227 537 3272 ipsam
551 3229 584 3262 in
596 3227 684 3262 libris
696 3227 845 3265 adversus
858 3232 1012 3266 Faustum
1032 3233 1103 3267 Ma-

92 3277 566 3325 11b.11.=nichaeuminfiguiter
576 3279 706 3314 definiri
725 3278 744 3313 a
756 3280 875 3315 Sancto
890 3281 1079 3327 Augustino
1094 3295 1101 3316 z

92 3333 155 3364 cap.
168 3335 194 3355 ι.

227 3328 311 3363 Libri
324 3330 515 3373 appellantur
525 3328 702 3373 apocryphi,
727 3340 784 3364 non
805 3332 886 3374 quod
908 3331 1104 3376 habendifint

1087 163 1284 194 TIS

1389 148 1571 194 XVII.
1867 162 1965 212 175

1158 236 1190 264 in
1202 233 1305 274 aliqua
1314 229 1500 264 authoritate
1507 229 1620 274 ficreta
1631 251 1642 269 ,
1663 228 1724 272 sed
1732 235 1803 274 quia
1812 234 1895 268 nulla
1905 234 2035 277 testifica-

1157 288 1246 314 tionis
1259 283 1320 315 luce
1331 281 1500 321 declarati,
1513 282 1553 314 de
1563 277 1659 323 nescio
1672 290 1729 323 quo
1736 279 1854 323 sterno,
1865 283 1954 327 nescio
1964 296 2034 327 quo-

1157 343 1223 365 rum
1233 330 1467 376 praesumptione
1476 330 1589 373 prolati
1594 328 1686 373 sunt,
1713 328 1886 366 Consonat
1898 334 1932 368 in
1945 334 2032 369 festi·

1161 383 1222 415 vali
1233 381 1370 425 epistola
1385 381 1622 417 &Athanasius
1635 380 1765 415 SLucae
1778 379 1811 413 in
1824 380 1914 414 suum
1928 384 2032 417 Evan-

1158 431 1280 475 gelium
1299 431 1545 475 praefationidat
1558 430 1642 465 hanc
1663 428 1902 474 paraphrasim:
1928 434 2034 473 ,Quan-

1160 483 1316 524 doquidem
1337 487 1433 515 conati
1446 480 1507 525 fint
1518 482 1651 516 nonnulli
1659 492 1697 515 ea
1700 479 1758 522 fibi
1769 504 1781 519 ,
1806 491 1876 523 quae
1892 480 2034 514 dicuntur

1160 531 1320 574 apocrypha
1334 557 1345 572 ‚
1372 541 1522 566 contexere
1535 558 1546 574 ‚
1571 533 1729 573 eademque
1738 530 1896 564 Divinitas
1906 528 2036 573 inspira-

1161 590 1200 615 tae
1213 584 1373 624 Scripturae
1383 580 1563 625 immiscere,
1590 593 1679 625 quam
1700 581 1734 614 o·
1756 579 1918 622 ipfi'tamen
1930 581 2035 622 explo-

1160 641 1259 665 ratam
1267 633 1331 666 ideo
1342 655 1354 672 ,
1379 641 1546 674 certamque
1569 632 1708 665 babemus
1721 655 1730 671 ,
1757 631 1865 674 quoda
1886 631 2034 664 Patribus

1161 681 1261 721 nostris
1272 706 1283 721 ,
1309 687 1362 724 qui
1372 682 1411 715 ab
1423 687 1510 715 initio
1520 682 1649 715 Verbum
1660 679 1754 724 ipsum
1761 679 1826 724 suis
1848 681 1937 714 oculis
1954 682 2037 716 vide-

1160 741 1232 764 runt
1247 755 1257 771 ,
1266 737 1347 775 eique
1356 731 1579 772 ministrarunt,
1590 744 1656 765 eam
1669 737 1828 772 accepimus
1839 752 1851 770 ,
1876 729 1976 773 visum
1988 740 2036 765 et·-

1160 787 1222 814 iam
1234 782 1317 815 nobis
1327 782 1366 824 est
1378 806 1389 822 ,
1414 777 1606 816 hortantibus
1617 784 1663 815 ad
1670 783 1705 814 id
1707 787 1863 825 germanis
1866 781 2035 824 fratribus,

1161 837 1212 874 qui
1222 832 1260 864 ab
1274 837 1360 867 initio
1369 839 1467 866 omnia
1479 834 1639 866 didicimus
1652 857 1663 873 ,
1689 832 1778 864 libros
1790 836 1843 874 qui
1855 830 1977 865 authore
1988 843 2037 865 ca-

1160 893 1233 915 none
1240 890 1296 923 pro
1307 886 1431 916 Divinis
1442 888 1553 925 recepti
1577 884 1611 917 (¹5¹
1621 884 1725 916 crediti
1731 880 1805 926 sunt
1817 905 1828 922 ‚
1853 883 1919 917 ideo
1939 893 2037 918 recen·

1155 930 1242 974 sere,
1269 941 1303 965 ut
1322 938 1374 975 qui
1395 939 1427 967 in
1443 932 1589 974 fraudem
1610 933 1670 966 actia·
1686 931 1760 977 sunt
1773 957 1783 973 ‚
1809 932 1913 967 eadem
1930 932 2035 966 reliHa

1160 980 1327 1024 refipiscant
1339 1007 1350 1023 ‚
1376 984 1482 1026 reliqui
1505 992 1604 1016 autem
1623 983 1792 1023 constantt'ae
1810 981 1876 1027 suae
1896 988 2037 1016 memoria

1160 1032 1317 1066 laetentur.
1344 1033 1497 1068 Affirmat
1508 1033 1542 1066 δε
1555 1033 1645 1068 dolet
1660 1032 1770 1067 fideles
1781 1032 1940 1078 quosdam
1962 1033 2039 1067 fuis-

1161 1081 1189 1114 se
1210 1081 1251 1117 ab
1271 1082 1466 1126 apocryphis
1478 1084 1736 1118 circumventos.
1766 1083 1809 1116 Et
1832 1084 1872 1116 ad
1893 1081 1983 1117 hosa
1996 1083 2041 1117 la-

1160 1142 1246 1175 queo
1267 1132 1428 1167 eruendos
1439 1132 1610 1177 distinguit
1620 1132 1763 1175 triplices
1784 1131 1903 1166 libros:
1931 1133 2041 1167 Canoe

1161 1181 1253 1215 nicos
1275 1205 1287 1223 ,
1314 1181 1521 1217 authenticos
1543 1205 1554 1221 ‚
1580 1181 1614 1215 δε
1635 1180 1862 1225 apocryphos.
1892 1180 2042 1216 Canoni-

1161 1243 1216 1265 cos
1236 1232 1290 1265 seu
1313 1233 1474 1276 regulares
1487 1231 1585 1265 libros
1598 1231 1735 1266 affirmat
1758 1233 1820 1264 elie
1834 1230 1930 1269 illos,
1957 1234 2041 1274 quos

1161 1281 1252 1318 certo
1263 1282 1390 1317 constat
1404 1284 1466 1317 esse
1478 1281 1574 1315 nobis
1584 1282 1601 1316 a
1614 1281 1738 1316 Divina
1750 1279 1921 1325 Majestate
1942 1281 2041 1316 dista-

1161 1341 1231 1372 τος,
1260 1332 1399 1375 ideoque
1421 1331 1516 1367 nobis
1540 1333 1639 1366 etiam
1666 1332 1740 1367 sunt
1753 1331 1863 1376 regula
1883 1331 2042 1367 credendi

1162 1394 1198 1416 ac
1210 1381 1340 1416 vivendi
1356 1406 1362 1415 .
1392 1382 1436 1415 Et
1455 1381 1602 1425 singulos
1612 1391 1779 1415 enumerat
1793 1405 1800 1412 .
1828 1380 1872 1415 Et
1889 1381 2043 1426 adjungit

1162 1432 1204 1467 de
1226 1430 1443 1466 authenticis:
1471 1432 1622 1464 Caeterum
1633 1434 1753 1471 majoris
1764 1432 1799 1465 ό·
1818 1431 1977 1465 exactiores
1994 1433 2041 1467 di-

1161 1480 1294 1524 [ciplinae
1315 1478 1402 1523 causa
1421 1481 1503 1514 addo
1524 1505 1534 1521 ,
1561 1483 1594 1515 (¹1¹
1615 1482 1691 1513 illud
1703 1479 1835 1524 scribens
1862 1483 2037 1525 neceffarib,

1158 1539 1273 1572 praeter
1278 1528 1446 1572 superiores
1458 1530 1508 1572 effe
1527 1530 1614 1562 libros
1627 1531 1703 1563 alios
1725 1540 1782 1563 non
1801 1535 1833 1562 in
1843 1536 1966 1566 Canone
1975 1538 2042 1575 qui-

1162 1581 1228 1613 dem
1254 1579 1415 1621 probatos,
1439 1578 1498 1621 sed
1517 1588 1653 1612 veterum
1673 1579 1856 1614 authoritate
1876 1583 1958 1621 illis,
1986 1587 2040 1625 qui

1159 1635 1285 1673 pietatis
1313 1631 1463 1663 elementis
1484 1628 1633 1662 imbuendi
1656 1631 1763 1672 effent,
1784 1630 1962 1673 propofitos.
1989 1635 2045 1667 Sa.

1160 1685 1307 1722 pientiam
1345 1681 1449 1722 nempe*
1475 1680 1639 1714 Salomonis
1658 1704 1669 1721 ‚
1701 1678 1883 1723 sapientiam
1909 1682 2040 1725 syrach,

1165 1729 1270 1771 Esther
1295 1754 1306 1771 ,
1324 1733 1354 1774 J
1360 1728 1447 1762 udith
1466 1753 1477 1771 ,
1503 1731 1537 1764 ὼ·
1561 1730 1698 1763 Tobiam.
1725 1731 1950 1773 Constitutiones
1971 1744 2041 1776 quae

1164 1790 1308 1815 vocantur
1318 1780 1512 1823 Apostolorum
1520 1805 1527 1813 .
1557 1780 1732 1814 Doertnam
1744 1787 1835 1814 etiam
1846 1782 2042 1825 Apoaolorum

1164 1837 1279 1866 nomine
1316 1838 1517 1872 nuncupatam
1545 1853 1551 1861 .
1587 1829 1688 1873 Ipsum
1713 1832 1838 1873 denique
1875 1832 2022 1873 Pastorem
2033 1858 2041 1866 .

1162 1881 1228 1916 Isto
1249 1881 1338 1915 enim
1361 1891 1507 1925 tempore
1529 1891 1729 1915 memoratos
1752 1880 1894 1925 Antiqui
1926 1882 2045 1917 Testa—

1162 1932 1264 1966 menti
1279 1930 1378 1966 libros
1387 1931 1533 1975 quaedam
1545 1930 1625 1966 hinc
1638 1930 1716 1965 indc-
1731 1932 1877 1967 Ecclesiae
1899 1933 2045 1969 necdum

1160 1981 1354 2017 admiserant
1366 1982 1401 2015 in
1413 1981 1558 2026 regulam
1571 2006 1578 2015 .
1607 1982 1740 2016 Cun&ae
1752 1991 1862 2016 tamen
1885 1980 1970 2025 ipsos
1989 1981 2045 2018 ha·

1162 2032 1281 2067 bebant
1291 2043 1350 2076 pro
1363 2031 1561 2066 authenticis
1573 2056 1581 2064 .
1611 2031 1744 2074 Utpote
1756 2040 1895 2074 quorum
1918 2034 1970 2076 pia
1982 2030 2041 2067 do·

1160 2083 1261 2116 &rina
1274 2106 1284 2122 ,
1311 2094 1348 2116 ac
1372 2081 1450 2117 inde
1463 2092 1537 2116 nata
1549 2079 1732 2115 authoritas
1750 2082 1827 2115 effer
1848 2082 2020 2125 explorata
2033 2107 2042 2116 .

1162 2133 1295 2166 Sanctus
1315 2131 1514 2167 Athanasius
1527 2130 1630 2175 pergit
1644 2130 1685 2164 de
1698 2129 1927 2175 Apocryphis:
1956 2140 2043 2174 cete-

1159 2183 1224 2215 rum
1244 2181 1295 2214 boc
1331 2192 1440 2220 unum,
1465 2180 1596 2220 Ditem,
1623 2191 1676 2214 vos
1688 2181 1768 2214 decet
1786 2183 1965 2224 advertere,
1994 2195 2043 2216 ne·

1160 2243 1215 2273 qne
1225 2232 1291 2265 illos
1302 2236 1352 2274 qui
1363 2234 1485 2263 Canone
1496 2255 1507 2272 ,
1534 2241 1628 2272 neque
1638 2232 1702 2263 illos
1713 2237 1763 2273 qui
1773 2233 1909 2275 permiffa
1920 2234 2041 2267 lec‘lione

1163 2281 1380 2325 distinguuntur
1402 2304 1413 2320 ‚
1441 2279 1664 2323 apocryphorum
1686 2288 1802 2315 nomine
1833 2284 2041 2328 intelligendos

1162 2331 1235 2374 effe3
1256 2329 1315 2371 sed
1335 2330 1507 2371 apocryphos
1527 2331 1579 2373 effe
1601 2330 1802 2364 baereticorum
1824 2343 2041 2375 commentum,

1162 2391 1236 2422 quos
1248 2380 1320 2411 dum
1329 2380 1556 2420 compatiuntur
1566 2403 1576 2418 ‚
1602 2379 1712 2422 eisdem
1729 2389 1784 2422 pro
1796 2383 1920 2417 libidine
1933 2392 2043 2427 tempo·

1162 2441 1198 2462 ra
1223 2428 1411 2472 largiuntur,
1437 2438 1471 2462 ut
1493 2438 1649 2470 tamquam
1669 2431 1819 2465 veteribus
1831 2435 1876 2466 ad
1890 2431 2045 2477 fimplicio-

1162 2491 1230 2512 rum
1246 2477 1388 2520 fraudem
1416 2479 1581 2512 abutamur
1604 2503 1611 2512 .
1643 2480 1758 2524 ltaque
1780 2481 1946 2518 Canonici
1968 2486 2045 2520 sunt

1165 2529 1343 2564 neceffariae
1354 2553 1366 2569 ,
1394 2528 1574 2563 authentici
1590 2530 1664 2564 sunt
1677 2532 1831 2575 permisiae
1841 2557 1852 2574 ,
1863 2533 2047 2578 apocryphi

1165 2579 1237 2613 libri
1263 2580 1336 2613 sunt
1358 2578 1518 2614 damnatae
1531 2580 1699 2623 Scripturae
1718 2605 1725 2613 .
1752 2583 1835 2617 Sunt
1855 2595 2046 2620 commenta

1164 2628 1383 2664 haereticorum
1395 2655 1403 2663 .
1432 2630 1476 2664 Et
1486 2629 1522 2663 hi
1533 2630 1598 2664 illis
1610 2640 1667 2673 pro
1678 2630 1731 2665 sua
1750 2631 1889 2669 libidine
1901 2634 2048 2678 largiun-

1164 2690 1216 2714 tur
1234 2689 1399 2723 rempora‚
1430 2690 1466 2714 ut
1477 2690 1636 2724 tanquam
1647 2681 1807 2716 veteribus
1822 2683 1862 2716 ad
1874 2684 2047 2725 simplicio-

1164 2742 1235 2764 rum
1248 2729 1393 2764 fraudem
1405 2729 1580 2765 abutantur
1591 2755 1598 2762 .
1626 2731 1763 2766 Etenim
1775 2732 1942 2766 Canonici
1966 2731 2043 2766 libri

1163 2779 1282 2814 debent
1293 2781 1356 2813 effe
1369 2791 1490 2815 veteres
1502 2793 1512 2813 .·
1540 2780 1655 2823 Scripti
1665 2780 1683 2814 a
1695 2780 1828 2815 Divinae
1839 2781 1874 2813 in
1895 2792 1956 2814 nos
1968 2780 2044 2815 Cle-

1164 2831 1292 2865 mentiae
1303 2828 1477 2873 Prophetis
1497 2839 1554 2862 aut
1568 2828 1736 2871 Apostoiis
1749 2854 1757 2861 .
1784 2829 1878 2864 Hinc
1898 2829 2043 2867 haeretici

1164 2880 1227 2915 suis
1248 2880 1447 2914 commentis
1468 2878 1605 2913 istorum
1629 2878 1762 2923 antiqua
1784 2889 1931 2924 tempora
1953 2881 2044 2916 affin·

1164 2940 1279 2965 xerunt
1293 2955 1300 2963 .

1214 2978 1372 3015 Notanda
1399 2979 1473 3014 sunt
1495 2979 1601 3015 Sansti
1624 2976 1805 3025 Augustini
1819 2979 1939 3016 verba.-
1968 2986 2041 3015 Non

1162 3032 1244 3075 quid
1268 3029 1400 3064 habendi
1428 3028 1488 3071 fint
1513 3034 1545 3062 in
1571 3029 1672 3071 aliqua
1697 3029 1878 3065 authoritate
1906 3029 2039 3075 secreta.

1164 3082 1246 3126 Agit
1270 3082 1304 3114 in
1330 3079 1554 3120 Manichaeos‚
1579 3079 1637 3121 qui
1657 3090 1699 3114 ez
1711 3079 1885 3116 Valentini
1898 3093 1936 3116 ac
1956 3082 2042 3115 alio-

1162 3143 1233 3167 rum
1255 3131 1489 3165 Gnosticorum
1510 3128 1629 3164 fabulis
1663 3130 1849 3175 garriebant
1873 3130 2042 3166 Christum

1164 3182 1350 3217 Dominum
1373 3180 1434 3215 alia
1455 3180 1496 3214 ad
1521 3179 1680 3223 populum
1693 3180 1728 3215 in
1752 3192 1884 3225 aperto,
1910 3182 1973 3216 alia
1987 3194 2042 3216 co-

1162 3243 1230 3268 ram
1243 3232 1318 3267 solis
1331 3231 1498 3275 Apostolis
1520 3228 1665 3266 docuisse
1684 3231 1718 3266 in
1731 3232 1877 3267 occulto.
1904 3232 1969 3267 His
1987 3232 2041 3266 lo-

1164 3293 1277 3317 cutum
1289 3284 1440 3316 secretam
1454 3281 1644 3323 sapientiam
1667 3281 1753 3316 inter<
1764 3282 1916 3325 perfecios
1931 3307 1938 3314 .
1964 3284 2043 3318 Gar-

1166 3332 1290 3367 riebant
1311 3332 1409 3367 etiam
1424 3330 1601 3375 Apostolos
1621 3342 1696 3366 cum
1708 3332 1821 3368 eadem
1846 3332 2042 3368 discretione

1870 3382 1994 3418 docui?
