2346 3724
750 163 1070 209 CA1³1

240 244 360 284 decimi
371 243 494 280 Psalmi
517 244 754 279 commentario
766 270 778 287 ,
803 243 844 278 ad
865 242 954 279 hunc
967 244 1114 284 versum,

238 297 327 333 Pluet
340 294 429 338 super
438 303 599 338 peccatores
621 295 741 337 laqueos
754 319 764 335 ,
791 294 951 329 scribens:
980 296 1012 327 Si
1024 292 1116 327 nubes

235 347 412 393 generaliter
424 344 581 386 Propbetae
605 347 833 390 intelligantur,
854 342 918 385 five
943 343 1031 385 boni,
1051 342 1116 386 five

238 398 330 438 mali,
356 402 406 439 qui
424 402 515 430 etiam
539 393 823 438 Pseudo-Prophetae
842 395 1034 437 appellantur
1046 418 1056 433 ,
1077 393 1117 435 fic

237 449 415 482 ordinantur
439 445 719 490 Pseudo-Propbetae
736 448 757 479 si
778 449 905 479 Domino
926 467 938 484 ,
961 453 995 478 ut
1015 445 1050 478 de
1070 443 1116 477 bis

236 501 354 542 laqueos
364 495 452 540 super
459 505 625 539 peccatores
643 498 750 538 pluat.
778 499 852 529 Non
872 499 951 530 enim
961 493 1117 537 quisquam

240 556 273 584 in
285 547 492 592 eosJ'edlandos
502 546 606 580 incidit
624 546 817 589 nifipeccator
829 570 839 586 ‚
858 544 925 587 five
944 547 989 579 ad
996 552 1118 587 praepa·

236 605 381 634 rationem
390 602 518 632 extremi
523 595 663 640 supplicii
675 619 687 636 ,
707 594 737 638 fi
739 593 933 639 perseverare
953 601 986 629 in
994 603 1118 638 peccan-

235 651 274 684 do
285 650 445 687 maluerit,
465 646 529 690 five
539 649 584 680 ad
593 644 802 691 desudandum
819 644 990 690 superbiam
1000 670 1013 687 ,
1032 645 1117 688 siali-

234 701 356 744 quando
369 702 466 732 Deum
477 695 696 740 curafinceriori
707 695 853 740 quaesterit
864 722 872 730 .
899 696 986 745 Qis
997 695 1118 731 inficie-

231 758 286 786 tur
296 759 355 786 aut
365 749 510 793 ambigat
520 747 713 784 Donatistas
726 772 738 789 ,
760 745 906 781 Arianos
917 771 928 788 ‚
941 745 1118 790 Eutychia-

231 812 299 836 nos
317 825 329 841 ‚
353 798 577 835 Iconoclastas
600 822 613 840 ,
638 797 782 842 aliosque
807 796 923 831 ssmiles
948 796 1118 831 haereticos

227 851 329 886 fuisse
349 849 481 894 populis
502 848 629 884 Divina
651 845 780 890 flagella
798 870 810 887 ,
838 858 950 891 poenas
972 856 1117 890 peecato-

230 912 307 935 rum
327 900 342 932 ἓ
369 899 487 934 Exstat
506 896 641 941 insignis
664 896 801 939 epistola
824 921 836 937 ,
861 908 925 941 qua
948 897 1118 931 Dominus

232 949 380 993 'Julianus
402 945 589 982 Cardinalis
601 946 780 981 Caesarinus
801 947 947 982 Concilii
961 947 1116 981 Bafileen‘

230 1000 270 1034 fis
286 1024 298 1040 ,
323 998 414 1042 cujus
435 995 740 1043 erapApostolicus
764 996 880 1031 Praeses
894 1021 905 1037 ,
933 995 1116 1031 dissolutio-

230 1061 311 1084 nem
324 1060 366 1083 ex
376 1048 478 1091 pleno
497 1049 624 1090 pectore
645 1046 807 1081 diliuadet
819 1046 973 1092 Eugenio
998 1055 1116 1092 quarto

227 1097 391 1133 Pontifici
410 1121 421 1138 ‚
445 1097 479 1131 &
498 1096 649 1142 adjungit
671 1110 682 1130 .-
708 1101 857 1131 1ncitavit
880 1102 972 1136 etiam
995 1108 1041 1131 me
1062 1095 1116 1130 huc

230 1153 338 1183 venire
348 1147 526 1189 deformitas
544 1147 727 1190 &dtffolutio
738 1148 822 1181 Cleri
836 1147 1052 1188 Allemanniae,
1077 1158 1116 1181 ex

229 1210 293 1241 qua
304 1202 390 1232 Laici
404 1195 500 1240 supra
510 1199 630 1232 modum
651 1203 812 1245 irritantur
835 1198 988 1232 adversus
1001 1197 1117 1238 statum

230 1247 458 1291 Ecclefiasticum
477 1272 489 1289 ,
510 1255 633 1291 propter
653 1249 732 1290 quod
749 1248 843 1282 valde
874 1248 1040 1293 timendum
1057 1247 1116 1290 est,

227 1297 322 1341 nifise
334 1298 489 1333 emendent
498 1322 509 1339 ‚
535 1309 572 1332 ne
586 1302 671 1331 Laici
693 1309 769 1331 more
782 1299 956 1339 Huffitarum
969 1295 1116 1331 in'totum

232 1350 355 1382 clerum
366 1355 505 1387 irruant,
533 1355 567 1380 ut
573 1347 691 1388 publice
712 1347 832 1380 dicunt.
862 1351 908 1380 Et
930 1349 1048 1389 quidem
1062 1348 1117 1380 bu-

224 1397 363 1441 jusmodi
372 1396 550 1439 deformatio
560 1408 703 1439 magnam
713 1397 872 1431 audaciam
887 1395 1007 1438 praebet
1019 1397 1114 1430 Bobe-

227 1453 286 1481 mis
298 1470 310 1487 ,
335 1448 517 1487 multumque
525 1447 634 1478 colorat
643 1455 755 1478 errores
767 1455 863 1478 eorum
873 1470 884 1486 ‚
907 1452 958 1487 qui
965 1448 1118 1489 praecipue

221 1494 375 1530 invehunt
395 1504 498 1529 contra
524 1495 738 1536 turpitudinem
764 1495 845 1527 cieri
870 1518 878 1526 .
906 1497 980 1538 ,Qua
1003 1497 1039 1527 de
1060 1507 1093 1529 re
1106 1520 1116 1535 ‚

221 1543 343 1590 etiamst
348 1545 394 1579 hic
405 1555 462 1578 non
467 1542 569 1587 futffet
581 1544 728 1578 Generale
743 1545 906 1577 Concilium
927 1544 1094 1584 institutum
1105 1570 1115 1585 ,

220 1596 408 1639 mceffarium
423 1594 527 1637 fuiffet
545 1592 643 1635 facere
656 1604 747 1627 unum
762 1596 951 1628 Provinciale
963 1617 972 1632 ‚
1000 1599 1117 1627 ratione

221 1648 393 1689 legationis
414 1655 471 1687 per·
495 1647 690 1678 Germaniam
701 1666 713 1683 ‚
736 1652 793 1686 pro
803 1644 890 1678 Clero
901 1643 1092 1686 refhrmando
1106 1669 1113 1676 .

221 1697 306 1739 ,Quia
329 1696 437 1729 revera*
460 1695 626 1728 timendum
643 1693 682 1735 est
695 1719 706 1734 ,
732 1693 788 1737 nifi
807 1694 855 1733 iste
868 1695 973 1728 Clerus
983 1693 1016 1737 se
1029 1700 1116 1728 corri-

215 1753 274 1790 gat
284 1770 295 1786 ,
319 1747 403 1789 quod
413 1750 504 1779 etiam
516 1744 659 1787 exstincta
681 1743 787 1786 baeresi
794 1745 946 1779 Bobemiae
955 1743 1113 1788 suscitare.

220 1796 344 1829 ruralia
360 1820 367 1828 .
394 1794 529 1839 Utique
552 1793 592 1829 ad
611 1794 703 1829 istius
727 1795 818 1830 Cleri
841 1796 875 1829 ὅ(
889 1795 1001 1839 populi
1021 1796 1115 1829 scele-

217 1856 253 1880 ra
263 1845 452 1891 castiganda
461 1868 473 1886 ,
500 1854 599 1888 atque
608 1845 654 1878 ita
666 1844 771 1888 ipsum
783 1845 1052 1889 compellendum
1064 1845 1106 1880 ad

215 1895 387 1930 meliorem
414 1895 541 1939 frugem
563 1919 571 1927 .
608 1894 823 1929 Eruditiffimi
851 1907 890 1930 ac
916 1896 1104 1940 pientiffimi

216 1944 403 1980 Cardinalis
423 1943 595 1988 prophetia
621 1943 737 1980 habuit
758 1946 908 1981 effectum
932 1972 940 1979 .
968 1946 1102 1981 Etenim

216 1994 386 2030 Huffiticae
403 1994 508 2030 haerefi
529 1995 674 2030 succeffit
695 1993 885 2030 Lutherana
900 2019 911 2036 ,
938 2007 1009 2040 quae
1034 2007 1103 2030 non

215 2046 320 2079 solam
342 2044 540 2080 Bohemiam
553 2069 566 2086 ,
591 2045 646 2079 sed
668 2056 805 2080 omnem
828 2045 1103 2080 Germaniamin-

215 2096 316 2135 vafit,
342 2095 491 2139 implevit
512 2095 754 2130 calamitatibus
767 2120 778 2136 ‚
804 2107 842 2130 ac
863 2095 1102 2140 propemodum

214 2144 396 2179 destruxit.
424 2144 632 2188 Ampliffima
658 2146 872 2189 plurimarum
886 2147 1103 2181 Ecclefiarum

210 2197 253 2229 'ae
275 2195 552 2230 Monasteriorum
579 2195 667 2230 bona
691 2195 872 2231 Lutherani
896 2196 1102 2231 invaserunt.

213 2244 259 2279 Et
270 2245 312 2281 de
324 2244 491 2289 superstite
502 2245 601 2278 Clero
611 2246 676 2279 dici
689 2243 767 2279 hinc
781 2245 858 2279 inde
868 2246 962 2287 possit
977 2269 989 2285 ‚
1013 2244 1100 2287 quod

212 2294 255 2329 de
266 2295 462 2338 quibusdam
476 2294 659 2335 Romanis,
685 2295 749 2328 sese
771 2294 843 2337 post
855 2293 1037 2328 Gothicam
1051 2306 1103 2328 ca-

213 2344 398 2388 ptivitatem
411 2355 479 2377 non
489 2343 745 2387 corrigentibus,
771 2344 894 2386 scripsit
905 2344 940 2375 in
957 2342 1047 2377 libris
1057 2341 1100 2375 de

215 2393 281 2428 Dei
293 2394 438 2428 Civitate
448 2393 582 2425 Sanctus
595 2390 801 2436 Augustinus
815 2403 823 2423 τ
853 2389 1030 2431 Perdidiffls
1047 2396 1103 2424 uri-

214 2443 333 2476 litatem
342 2442 527 2475 calamitatis
541 2465 549 2474 .
575 2439 824 2484 Miser-rimisa&
836 2440 902 2482 estis
912 2463 923 2480 ‚
952 2443 986 2476 (tr
994 2442 1104 2484 pefflmi

210 2490 412 2535 permansistis
431 2517 439 2525 .
471 2491 697 2526 Sacro-Sansta
722 2491 923 2526 Tridentina
946 2492 1102 2534 Synodus

215 2544 279 2578 fuit
301 2543 471 2586 praesertim
491 2542 573 2576 fasta
592 2541 639 2576 ob
660 2542 831 2577 nationem
845 2542 1078 2577 Germanicam
1090 2556 1101 2577 .-

216 2591 273 2626 Ad
287 2592 355 2636 ejus
366 2603 472 2633 mores
493 2590 716 2627 reformandos
728 2617 735 2624 .
765 2592 808 2628 Et
829 2603 905 2627 ecce
922 2592 1022 2636 ipsam
1037 2592 1101 2636 jam

215 2642 343 2677 admisit
361 2643 472 2676 omnis
484 2643 602 2677 Latina
625 2643 768 2677 Ecclesia
780 2667 791 2683 ,
819 2643 880 2678 soli
894 2642 958 2678 fere
970 2643 1102 2677 Germa-

217 2693 253 2726 ni
277 2692 395 2727 nolunt
415 2693 587 2728 admittere
609 2716 617 2726 .
643 2692 725 2740 Qio
747 2694 847 2737 usque
870 2704 941 2728 non
961 2693 1104 2728 admise-

218 2743 306 2782 rint,
332 2742 501 2777 miserrimi
521 2743 757 2786 permanebunt
777 2744 811 2778 &
830 2743 955 2788 peffimi
974 2770 982 2777 .
1012 2743 1106 2777 Divi-

220 2804 262 2827 na
276 2791 402 2836 Justitia
415 2791 511 2828 addet
525 2792 664 2838 flagellis
675 2792 803 2838 flagella
817 2818 828 2833 ‚
854 2792 958 2828 imm&
979 2793 1012 2827 &
1026 2794 1109 2828 scor·

222 2843 357 2886 piones.
385 2843 439 2877 De
458 2844 606 2878 scelerata
628 2841 848 2878 Anti-Christi
874 2843 1104 2887 praedicatione

89 2911 203 2948 Epist&
224 2892 334 2949 scribit
344 2893 478 2927 Sanetus
489 2892 608 2927 Paulus
620 2893 660 2927 ad
673 2892 1000 2948 Theflalonicenses:
1030 2895 1108 2928 Ideo

85 2960 146 2991 cap.
177 2962 203 2981 2.
225 2943 391 2977 mittetillis
405 2945 485 2976 Deus
495 2948 689 2985 operationem
697 2950 805 2978 erroris
816 2968 827 2984 ,
846 2952 880 2978 ut
892 2945 1017 2978 credant
1029 2955 1107 2978 men·

227 2994 332 3033 dacio,
358 3001 392 3025 ut
405 2993 581 3033 Judicentur
604 3004 704 3028 omnes
715 2999 766 3038 qui
787 3006 845 3028 non
856 2995 1047 3028 crediderunt
1057 3005 1110 3029 ve-

235 3048 346 3083 rituti,
367 3040 425 3086 sed
432 3040 633 3085 consenserunt
641 3049 797 3087 iniquitati
809 3070 817 3078 .
845 3044 888 3080 Et
899 3045 941 3079 de
953 3043 1110 3089 AEgypto

232 3090 406 3137 prophetat
428 3094 563 3128 Sanstus
578 3091 693 3127 Isaias:
720 3098 865 3129 Dominus
885 3094 1002 3139 miscuit
1010 3101 1043 3128 in
1053 3106 1110 3129 me-

232 3145 283 3177 dio
293 3146 358 3184 ejus
374 3140 516 3187 spiritum
537 3147 715 3187 vertiginis.
739 3146 871 3180 Sanetus
881 3146 1111 3189 Hieronymus

75 3187 148 3226 caP·
160 3197 201 3224 ¹9·
230 3193 267 3227 in
282 3193 377 3237 hujus
387 3192 452 3228 loci
463 3193 702 3228 commentario
712 3195 848 3230 affirmat
859 3195 1059 3239 Apostolum
1068 3207 1110 3230 ex

228 3242 396 3288 Propheta
420 3244 534 3287 loqui:
565 3243 607 3277 Et
629 3254 802 3286 utrumque
823 3245 996 3290 insigniter
1014 3245 1110 3281 eluci·

226 3293 302 3328 dat.
329 3294 516 3342 Qiomodo
527 3292 590 3328 hos
610 3294 751 3337 poenales
762 3305 883 3329 errores
901 3294 936 3328 dc
947 3296 1109 3331 coecitates

227 3342 353 3380 Divina
364 3344 492 3389 Iustitia
516 3344 627 3383 mittat
639 3345 676 3380 in
694 3354 881 3390 peccatores
903 3356 942 3382 ac
952 3345 1084 3384 misceat
1096 3371 1108 3389 ‚

1143 174 1165 205 ’

1153 2070 1162 2667 Ι

1146 2696 1161 3485 l

1235 173 1263 205 1·
1322 174 1343 204 s
1443 157 1558 205 1v.
1931 172 2000 224 77

1180 242 1321 288 exponit
1350 243 1487 278 Sanetus
1508 238 1719 288 Augustinus
1738 242 1772 278 in
1785 244 1871 281 libro
1888 245 1931 283 de
1948 244 2065 284 Gratia

1180 305 1218 328 ac
1241 292 1364 328 Libero
1384 293 1555 329 Arbitrio:
1585 291 1680 327 Abfit
1704 302 1742 327 ut
1763 294 1802 327 fit
1813 305 1926 331 eorum
1943 297 2065 335 author

1180 353 1236 379 aut
1254 344 1403 387 ,infusorn
1429 344 1556 387 Eadem
1575 343 1624 379 est
1647 341 1986 391 ratio-cujuscumque
2000 347 2066 385 hz·

1181 395 1304 430 reseos.

1231 444 1369 486 Aliam,
1394 455 1492 488 quarn
1511 444 1608 480 nobis
1628 455 1671 479 ex
1696 438 1866 479 haerefibus
1885 443 1977 479 elicit
2002 441 2063 482 Di-

1181 495 1257 529 vina
1280 494 1492 531 Providentia
1511 520 1522 536 ,
1547 495 1728 530 utilitatem
1750 494 1888 530 adducit
1911 495 2066 532 Hermiae

1182 546 1415 580 Zozomenus:
1441 550 1607 589 Imperator
1618 547 1729 580 Valens
1743 569 1754 586 ,
1780 542 1886 580 horno
1900 544 2067 588 Arianus,

2079 286 2153 325 Cap.
2170 294 2219 323 19·

2081 338 2128 360 zo·
2141 324 2174 359 &
2189 329 2241 358 υς

1181 597 1290 637 maJori
1311 597 1380 630 odio
1399 601 1432 629 in
1445 597 1511 631 dies
1533 602 1567 630 in
1582 595 1648 641 suae
1672 598 1821 639 opinionis
1843 594 2042 639 Adversarios
2054 620 2066 637 ,
2082 589 2140 621 Lib·
2166 592 2199 620 6·

1182 645 1377 682 Catholieos
1392 646 1562 690 praesertim
1573 671 1584 688 ,
1610 644 1817 689 exardescere,
1841 645 1947 680 acerbe
1957 657 2004 679 eos
2016 646 2067 689 af-

1176 696 1277 741 fligere
1293 722 1305 738 ‚
1330 698 1365 731 ό·
1384 701 1539 742 exagitare
1562 702 1667 740 coepit.
1695 697 1773 730 Cum
1794 698 1864 730 vero
1886 695 2066 738 Themistius

1183 745 1378 791 Philosophus
1396 747 1508 781 librum
1518 752 1547 782 ei
1568 747 1720 781 dedicaret
1735 771 1747 788 ,
1769 745 1947 780 hortabatur
1963 757 1998 780 ac
2008 747 2068 781 do.-

1178 797 1265 831 cebat
1276 808 1334 831 non
1344 805 1471 840 oportere
1487 796 1595 832 mirari
1619 796 1817 841 diffenfionem
1828 821 1840 837 ‚
1867 807 1935 839 quae
1957 802 1990 830 in
1999 799 2068 832 Ec«

1176 846 1336 889 clefiaflicis
1355 848 1539 890 opinionibus
1560 845 1739 891 versabatur
1751 871 1762 888 ,
1787 847 1852 881 cum
1873 847 1967 880 multo
1990 846 2068 888 infe-

1180 902 1259 937 rior,
1284 899 1433 941 multoque
1448 904 1543 932 minor
1547 897 1608 940 fir,
1632 899 1724 941 quam
1744 908 1813 940 quae
1834 896 1963 937 exstaret
1981 897 2070 939 apud

1181 950 1314 982 Gentiles
1326 972 1333 981 .
1363 953 1451 982 Nam
1456 950 1617 991 permultae
1627 950 1714 991 apud
1723 945 1802 991 ipsbs
1820 945 1895 991 sunt
1905 952 2068 990 opiniones,

1180 1000 1214 1032 Θ
1226 996 1417 1040 diffenfionem
1420 997 1586 1042 susceptam
1598 999 1632 1032 ob
1645 999 1866 1032 multitudinem
1881 1001 2065 1042 Dogmatum

1178 1049 1337 1090 complures
1349 1055 1544 1082 contentiones
1556 1051 1592 1082 de
1606 1047 1751 1092 ejusmodi
1769 1048 1856 1082 rebus
1870 1050 1904 1082 (ς
1918 1046 2068 1091 discepta-

1179 1102 1272 1131 tiones
1292 1105 1424 1132 excitare
1445 1099 1582 1142 neceffum
1603 1098 1658 1139 est.
1687 1099 1836 1141 Siquidem
1862 1101 1923 1131 Deo
1942 1096 2067 1141 fortaffe

1179 1146 1322 1192 visumfit
1334 1173 1344 1188 ,
1369 1157 1403 1181 ut
1414 1147 1475 1192 ipfie
1484 1148 1644 1190 nonfacile
1654 1146 1817 1191 nosceretur
1829 1171 1839 1187 ‚
1866 1149 1902 1182 θ’
1914 1153 2012 1181 variae
2023 1148 2064 1181 de

1176 1209 1208 1231 eo
1219 1197 1373 1240 existerent
1383 1205 1534 1241 opiniones
1546 1223 1559 1240 ‚
1585 1200 1642 1241 quo
1653 1197 1762 1242 finguli
1775 1199 1807 1230 eb
1818 1203 1915 1241 magis
1926 1206 2070 1231 vereren-

1179 1258 1229 1281 tur
1241 1273 1252 1289 ,
1278 1249 1342 1281 cum
1354 1248 1527 1291 exquifitam
1538 1251 1603 1291 ejus
1613 1252 1803 1293 cognitionem
1820 1246 2067 1289 comprehendere

1180 1310 1236 1331 non
1245 1299 1354 1341 possent
1367 1323 1377 1339 ‚
1398 1297 1496 1341 secum
1512 1308 1686 1341 reputantes
1701 1321 1713 1339 ,
1738 1307 1869 1339 quantus
1882 1295 1917 1337 fit
1927 1322 1938 1338 ,
1964 1298 1999 1331 ὀ·
2018 1306 2070 1329 cu-

1172 1346 1306 1390 jusmodi
1318 1349 1367 1382 ille
1376 1350 1494 1391 quidem
1505 1373 1517 1389 ,
1542 1350 1586 1382 ad
1606 1350 1688 1390 cujas
1700 1353 1891 1391 cognitionem
1909 1351 2013 1380 venire
2023 1356 2070 1379 co-

1173 1404 1296 1441 gitans:
1323 1398 1425 1443 Qod
1449 1399 1556 1441 ipsum
1581 1397 1692 1431 scribit
1715 1398 1863 1431 Socrates
1880 1421 1887 1428 .
1914 1395 2069 1429 Affirmat

1177 1446 1264 1490 apud
1276 1447 1426 1481 Gentiles
1436 1449 1499 1482 effe
1511 1447 1582 1490 plus
1592 1448 1690 1490 quim
1709 1456 1869 1481 trecentas
1881 1445 1982 1479 Seaas
1997 1469 2008 1485 ,
2033 1445 2067 1479 &

1179 1496 1327 1541 adjungit
1341 1509 1348 1528 :
1377 1501 1459 1530 Deus
1473 1497 1542 1530 vult
1553 1505 1617 1529 tam
1628 1493 1754 1537 diversa
1764 1506 1800 1529 ac
1823 1493 1939 1538 dispari
1958 1500 2069 1537 opinio-

1180 1558 1250 1578 num
1261 1551 1377 1578 ratione
1385 1543 1407 1587 s
1404 1556 1473 1577 uam
1481 1546 1608 1588 gloriam
1620 1543 1764 1582 illustrare
1779 1567 1792 1584 ,
1816 1543 1987 1588 qubfingult
1998 1547 2063 1586 ejus

1177 1594 1365 1636 najestatem
1383 1596 1543 1637 propterea
1553 1600 1649 1638 magis
1661 1603 1857 1629 revereantur
1869 1617 1881 1634 ,
1906 1595 1987 1636 quod
2008 1605 2068 1628 non

1176 1707 1262 1740 gnus
1274 1695 1323 1729 vir
1335 1696 1399 1729 fuit
1422 1694 1481 1729 iste
1505 1693 1731 1730 Themistius.
1754 1694 1862 1739 lpsum
1885 1694 2066 1739 Imperator

1177 1745 1394 1781 Constantius
1417 1744 1583 1786 Praetura,
1610 1745 1777 1780 Successor
1791 1745 1941 1788 Julianus
1960 1743 2068 1779 hono-

1176 1796 1259 1831 ravit
1270 1796 1460 1830 Praefestura
1475 1794 1584 1830 Urbis
1597 1793 1995 1839 Constantinopolitanae.
2010 1794 2068 1830 Li·

1177 1845 1229 1881 cet
1241 1845 1378 1891 gentilis
1392 1868 1403 1885 ‚
1428 1846 1491 1880 fuit
1504 1845 1600 1880 nobis
1611 1844 1737 1880 amicus
1752 1859 1763 1880 .-
1791 1844 1836 1879 Et
1846 1845 1865 1880 a
1877 1843 1995 1883 nostris
2006 1843 2065 1879 sub

1175 1898 1267 1931 vario
1278 1895 1418 1940 Imperio
1429 1895 1530 1931 fidem
1542 1896 1748 1937 mutantibus
1762 1920 1775 1937 ‚
1799 1905 1882 1940 quos
1900 1894 2065 1930 Vertum-

1175 1958 1236 1982 nos
1246 1945 1452 1990 appellabat,
1478 1946 1563 1981 dixit
1582 1958 1652 1982 non
1667 1947 1855 1981 Dominum
1866 1946 1980 1981 Deum
2003 1957 2066 1980 co-

1173 1997 1196 2031 li
1210 2021 1221 2037 ,
1246 1997 1300 2032 sed
1314 2008 1487 2041 purpuram
1501 2022 1508 2029 .
1538 1997 1582 2031 Et
1603 1995 1768 2032 crudelem
1781 1994 1987 2031 Valentema
2002 2006 2064 2029 no-

1175 2046 1224 2082 bis
1248 2046 1475 2091 persequendis
1491 2046 1631 2082 deduxit
1644 2072 1652 2080 .
1680 2047 1840 2081 Attamen
1863 2053 1900 2078 ut
1912 2054 2064 2088 paganus

1173 2098 1218 2131 est
1248 2099 1395 2132 locutus.
1423 2096 1562 2131 Nullam
1590 2095 1729 2139 agnovit
1754 2095 1855 2129 fixam
1882 2095 2030 2138 regulam
2053 2120 2063 2130 .

1175 2147 1314 2182 Censuit
1328 2148 1376 2181 uti
1394 2147 1480 2188 apud
1503 2154 1648 2189 paganos
1659 2167 1670 2182 ,
1692 2145 1736 2178 ita
1749 2145 1781 2178 δε
1795 2143 1881 2188 apud
1895 2144 2063 2179 Christia-

1176 2207 1258 2234 nos,
1285 2196 1449 2238 quidlibet
1472 2195 1560 2238 porse
1580 2194 1620 2228 de
1641 2195 1718 2229 Deo
1741 2195 1872 2229 sentiri.
1899 2194 2064 2239 Qemvis

1175 2245 1262 2288 posse
1276 2245 1310 2278 in
1323 2246 1380 2278 suo
1398 2245 1491 2279 sensu
1501 2244 1665 2279 abundare
1676 2270 1684 2277 .

1225 2293 1268 2326 Et
1282 2294 1361 2327 hinc
1373 2294 1534 2337 Evagrius
1559 2294 1810 2338 Epiphanienlis
1831 2295 1912 2330 reste
1922 2296 2063 2331 affirmat

1173 2341 1259 2375 inter
1271 2342 1423 2376 Gentiles
1443 2341 1665 2387 Philosophos
1685 2356 1723 2378 ac
1748 2346 1872 2380 nostros
1893 2345 2062 2380 haereticos

1173 2391 1237 2426 effe
1247 2390 1327 2426 duas
1338 2392 1560 2427 differentias:
1587 2394 1663 2428 Hos
1687 2394 1754 2429 istis
1776 2397 1838 2429 effe
1860 2396 1970 2440 quoad
1991 2396 2061 2430 duo

1173 2441 1325 2477 meliores
1335 2466 1346 2482 ,
1373 2444 1425 2477 seu
1440 2442 1550 2478 minus
1561 2455 1677 2487 pravos
1687 2469 1695 2476 .
1727 2446 1805 2479 Haec
1824 2446 1870 2480 est
1884 2445 1985 2490 prima
1996 2445 2061 2480 dif-

1174 2492 1337 2528 ferentia:
1362 2495 1413 2526 Ea
1422 2504 1490 2535 quae
1508 2491 1582 2536 sunt
1600 2493 1674 2536 fidei
1677 2494 1907 2536 fundamenta,
1933 2507 2059 2539 quaeque

1170 1645 1210 1687 fit
1222 1651 1358 1687 cuiquam
1372 1650 1402 1678 in
1410 1652 1552 1688 promptu
1563 1656 1630 1679 eam
1639 1646 1776 1679 accurati
1786 1641 1954 1688 ‹ognosiere
1963 1667 1973 1676 .
1994 1644 2071 1679 Ma-

1151 1373 1166 2063 l

2081 639 2146 671 cap.
2158 633 2209 670 ssi
2221 643 2223 645 ·

2084 1491 2143 1523 Lib·
2163 1502 2191 1527 4.

2082 1542 2145 1572 cap.
2160 1541 2206 1566 ²7·

2079 2517 2139 2548 Lib.
2174 2528 2199 2548 ι.

1171 2551 1243 2577 rata
1265 2542 1316 2586 effe
1326 2544 1456 2584 debent,
1480 2550 1624 2578 communi
1644 2551 1773 2578 omnium
1797 2543 1934 2588 consensu
1957 2556 2058 2579 conce·-
2077 2567 2138 2598 cap‚
2156 2570 2201 2592 Π,

1173 2594 1302 2627 duntur.
1330 2598 1418 2627 Nam
1436 2598 1561 2629 Numen
1573 2619 1583 2636 ,
1609 2596 1691 2637 quod
1709 2596 1891 2636 adoramus,
1918 2599 2057 2630 Trinitas

1165 2645 1323 2686 judicatur
1333 2669 1344 2685 ‚
1371 2646 1404 2679 6
1415 2642 1548 2687 personae
1558 2669 1569 2685 ,
1596 2645 1703 2688 quibus
1724 2647 1828 2680 laudes
1838 2648 2034 2680 decantamus
2044 2671 2056 2687 ‚

1172 2699 1276 2728 unitas
1288 2718 1299 2734 ,
1326 2696 1436 2737 Deique
1446 2694 1574 2728 Verbum
1583 2705 1656 2729 anre
1670 2694 1783 2739 saecula
1790 2702 1927 2739 genitum
1937 2722 1949 2736 ,
1975 2699 2010 2731 <a
2020 2696 2055 2729 ob

1171 2752 1315 2779 creatusae
1333 2743 1399 2788 suae
1422 2744 1701 2788 commiserationem
1718 2744 1847 2788 J'ecunda
1863 2750 2056 2788 generatione

1172 2799 1364 2828 incarnatum
1375 2795 1504 2829 creditur
1518 2819 1525 2828 .
1555 2795 1704 2838 Respicit
1720 2796 1784 2828 isto
1805 2804 1952 2837 tempore
1969 2796 2056 2838 gras-

1171 2845 1276 2879 santes
1290 2843 1437 2879 Nestorii
1459 2856 1497 2879 ac
1509 2843 1703 2888 Eutychetis
1715 2843 1847 2878 haereses
1857 2867 1868 2884 ‚
1894 2856 1966 2887 quae
1985 2855 2056 2879 om-

1173 2905 1229 2929 nes
1241 2892 1281 2927 de
1293 2894 1417 2928 Divina
1430 2893 1602 2939 Majestate
1615 2896 1733 2928 redium
1743 2918 1754 2934 ,
1777 2902 1834 2928 aut
1855 2895 1921 2928 fere
1931 2895 2054 2930 testum

1172 2945 1334 2979 senserunt
1355 2969 1364 2977 .
1401 2943 1550 2992 Qidam
1571 2945 1662 2979 enim
1686 2941 1945 2988 Eutychianistae
1966 2945 2054 2980 circa

1171 2995 1333 3029 Divinam
1356 2993 1516 3030 Naturam
1536 2993 1715 3029 delirarunt
1739 3005 1817 3028 cum
1839 2994 2053 3040 Apollinario

1170 3057 1209 3080 ac
1224 3044 1424 3079 Valentino.
1450 3044 1531 3078 Haec
1541 3045 1587 3078 est
1606 3044 1705 3079 altera
1729 3042 1934 3079 differentia:
1961 3046 2055 3089 ,Quod

1165 3095 1195 3140 fi
1200 3101 1233 3129 in
1243 3097 1312 3129 aliis
1322 3095 1410 3129 rebus
1421 3096 1564 3138 quaedam
1587 3104 1739 3129 novantur
1748 3120 1759 3137 ,
1779 3094 1861 3137 fiunt
1882 3107 1917 3130 ea
1928 3097 2051 3138 quidem

1173 3150 1235 3180 Deo
1244 3145 1346 3179 liberae
1356 3145 1506 3179 bominum
1516 3145 1670 3178 voluntati
1675 3150 1867 3188 permittente
1873 3145 2050 3188 potestatem

1172 3199 1210 3231 de
1220 3196 1282 3229 illis
1289 3204 1345 3238 pro
1354 3196 1505 3229 arbitratu
1512 3194 1667 3239 sentiendi
1680 3219 1691 3236 ,
1716 3198 1774 3239 qui
1782 3194 1911 3239 salla,
1937 3195 2050 3230 Carbo-

1170 3249 1248 3288 lua,
1274 3248 1309 3281 θ
1333 3245 1487 3289 apostolica
1508 3247 1634 3289 Ecclesia
1651 3270 1664 3286 ,
1691 3255 1728 3280 ea
1748 3258 1816 3289 quae
1838 3252 1872 3279 in
1892 3253 2049 3288 utramque

1166 3306 1289 3340 partem
1305 3297 1442 3330 dicuntur
1461 3305 1586 3330 coerceat
1597 3320 1609 3338 ‚
1633 3297 1679 3330 ad
1695 3295 1812 3340 sacram
1834 3295 2001 3329 doc‘irinam
2011 3306 2048 3329 ae

1170 3358 1275 3383 veram
1281 3352 1425 3393 pietatem
1434 3347 1593 3388 traducat,
1620 3345 1731 3391 &ipsa
1749 3348 1794 3382 ad
1813 3346 1937 3390 planam
1955 3356 1989 3378 ac
2001 3357 2046 3381 re-

1916 3397 1997 3432 Bam
