2346 3724
101 205 170 233 Can.
183 215 226 243 35.

717 120 1123 162 CA121T

243 203 284 240 ad
309 203 440 237 Clarum
467 202 636 237 Furnerfis
662 202 821 237 Ecclefiae:
852 206 946 233 Com·
963 201 1125 239 Presbyteri

242 254 349 295 nostri,
377 259 430 296 qui
453 252 535 285 nobis
548 252 733 291 adfidebant.
767 253 808 286 Et
822 263 934 294 quarta
957 250 1125 294 Carthagi-

244 304 349 340 nenfis
372 302 525 343 synodus
547 301 666 336 habet:
693 301 855 345 Episcopus
869 306 900 332 in
917 298 1065 340 Ecclefia,
1092 302 1125 334 <5

244 362 278 388 in
287 351 406 395 cons'effu
420 353 653 390 Presbyterorum
661 351 816 395 sublimior
834 349 937 392 sedeat
950 375 959 389 ,
985 353 1068 382 intra
1079 351 1126 382 do-

243 415 323 437 mum
345 405 417 436 vero
437 403 585 446 collegam
605 402 639 445 se
653 403 881 440 Presbyterorum
893 401 945 443 effe
953 399 1102 444 cognoscat
1117 424 1124 431 .

188 489 191 493 ,
243 456 287 488 Et
299 454 338 486 de
358 452 549 496 quibusdam
574 454 607 486 in
633 452 856 495 persecutione
877 451 968 493 lapsis
994 449 1124 492 Presby-

115 514 187 541 Can.
209 523 232 542 ι·

102 2143 177 2179 Cap.
188 2151 234 2176 14.

243 504 320 538 teris
331 504 435 537 sanxit
448 503 624 545 Ancyrana
637 501 807 546 Synodus:
831 499 936 543 'Visum
958 500 995 539 es}
1020 512 1067 534 eos
1080 499 1126 531 ho·

244 565 343 588 norem
363 555 445 586 sedis
468 563 581 586 tenere.
614 554 655 586 Et
681 553 721 586 de
748 552 877 595 Magno
898 552 1042 590 Basilio,
1068 550 1125 583 suo

244 616 347 647 nuper
360 603 479 643 sodali,
507 603 618 646 jamin
634 603 828 645 Episcopum
847 612 1001 644 promoto
1014 625 1024 640 ‚
1052 600 1126 634 scri*-

244 654 338 688 bitin
359 655 427 697 ejus
439 655 592 687 encomio
604 653 736 686 Sanetus
750 651 928 696 Gregorius
950 650 1126 685 Nazianze—

244 717 323 740 nus:
353 704 452 743 Postea
472 714 538 737 cum
559 705 602 735 ad
621 714 687 735 eum
725 702 881 744 vemffem,
906 711 997 743 atque
1020 698 1127 733 Cathe-

244 759 312 790 drae
325 754 479 792 honorem,
506 750 717 796 infigniorisque
738 758 816 787 inter
837 752 1020 789 presbyteros
1046 750 1127 782 bono-

243 813 290 840 ris
310 807 402 839 locum
423 802 608 846 recusassem,
636 805 693 837 &a
722 803 766 837 Et
788 803 822 836 in
844 801 954 837 habita
976 801 1018 837 ad
1040 800 1128 834 Con-

243 855 573 898 stantinopolitanam
592 852 762 896 Synodum
774 854 926 886 oratione
947 851 1128 884 exclamat:

244 907 325 941 Vale
332 905 487 939 Catbedra
498 929 508 943 ‚
534 901 711 945 invidiosum
724 902 774 936 hoc
787 914 821 936 ac
839 899 1029 944 periculosum
1043 898 1129 942 fasti-

241 962 341 1001 gium.
370 957 457 987 Ponti
455 953 544 995 ficum
556 955 719 986 Concilium
730 975 740 992 ,
761 953 949 986 sacerdotum
962 962 1020 984 non
1030 949 1128 982 minus

246 1004 398 1047 majestate
417 1029 428 1044 ,
455 1005 546 1046 quam
565 1012 656 1036 aetate
678 1011 847 1035 ornatorum
865 1025 875 1041 ‚
902 1003 936 1036 ἐκ
956 1005 1128 1042 quicumque

246 1058 372 1090 tandem
380 1055 434 1088 alii
445 1061 523 1087 circa
534 1056 554 1085 5
555 1051 757 1093 arrosanllam
768 1048 901 1092 Mensam
912 1051 971 1082 Deo
982 1048 1127 1089 ministra·

245 1111 290 1138 :is
302 1114 392 1145 atque
401 1104 446 1135 ad
453 1108 741 1144 appropinquantem
756 1101 848 1132 Deum
858 1105 1107 1142 appropinquatis
1121 1123 1127 1130 .

243 1154 375 1190 Laudat
389 1162 456 1185 non
468 1152 610 1185 solorum
625 1150 893 1193 presbyterorum
909 1173 920 1189 ,
946 1150 999 1183 sed
1010 1150 1044 1184 ὃ(
1057 1149 1131 1193 Epi·

244 1205 421 1246 scoporum
429 1212 505 1235 curn
515 1198 1049 1243 ConstantinopolitanoAntistite
1056 1210 1132 1233 con·

245 1254 360 1288 sessum
370 1251 411 1286 ad
421 1252 540 1286 sacram
556 1251 726 1285 Mensam.
743 1251 855 1297 Qem
864 1249 970 1293 ipsum
989 1249 1079 1283 fuifle
1089 1259 1132 1282 et—

246 1305 315 1338 iam
325 1303 414 1347 S.Joa
420 1301 478 1335 nni
490 1300 778 1343 Chrysostorno,ac
787 1297 1009 1334 Haeresiatchae
1019 1298 1134 1333 Nesto·

247 1354 314 1393 xio,
327 1352 482 1386 habemus
494 1351 528 1385 in
543 1351 692 1395 Dialogo
704 1350 844 1385 Palladii
858 1349 1133 1392 Helenopolitani

249 1402 459 1447 Episcopi,ac
470 1402 502 1435 in
515 1401 605 1436 Astis
613 1399 761 1434 concilii
771 1398 1035 1447 Ephesini.Qdd
1047 1410 1134 1432 nem-

249 1451 342 1498 peex
354 1452 415 1486 isto
428 1461 574 1495 tempore
592 1449 982 1494 Constantinopolitanus
1005 1449 1137 1492 Episco-

249 1513 309 1546 pus
322 1501 476 1544 inciperet
486 1512 581 1546 agere
591 1499 821 1534 Patriatcham.
833 1499 1024 1534 Confessum
1036 1499 1133 1532 istum

249 1552 341 1587 idern
355 1552 535 1595 Gregorius
544 1551 709 1595 eleganter
719 1549 870 1585 describit
883 1550 917 1583 in
936 1549 1081 1584 carmine
1096 1549 1136 1582 de

251 1600 625 1644 Constantinopolitana
643 1599 858 1634 S.Anastas1ae
879 1598 1041 1634 Basilica-z·
1062 1600 1136 1634 sede

254 1652 335 1692 alta,
346 1661 399 1685 aut
410 1652 475 1685 alta
484 1650 622 1692 confidere
634 1660 730 1685 mente
742 1648 875 1685 videbar.
886 1654 972 1683 Nam
984 1659 1073 1693 neque
1079 1657 1137 1691 per

248 1698 387 1744 somnum
401 1708 498 1734 mente
501 1699 646 1743 fitperbus
657 1712 758 1734 eram.
787 1699 1004 1742 Presbytertque
1022 1710 1137 1743 graves

250 1750 334 1794 sellis
346 1757 490 1794 utrimque
498 1749 642 1794 sedebant
663 1751 806 1791 demiffis:
834 1752 932 1783 AEtas
951 1750 1050 1788 ledia,
1077 1751 1137 1781 Du*

253 1799 354 1843 cesque
368 1806 488 1844 gregis.
517 1800 649 1841 Vestibus
671 1806 705 1834 in
715 1805 814 1835 niveis
824 1799 961 1839 adstabat
980 1800 1069 1832 turba
1082 1803 1137 1830 mi-

252 1850 402 1891 nistrans:
432 1851 621 1891 splendorem
639 1849 770 1889 referens
785 1850 899 1881 ordinis
917 1850 1065 1892 angelici..
1089 1846 1137 1879 Hi

251 1910 343 1934 erant
354 1899 503 1933 Diaeoni-
512 1899 546 1932 in
559 1897 673 1936 Albis,
700 1898 733 1931 ὃς
743 1897 841 1931 Stolis
853 1897 1062 1931 referentibus
1074 1898 1138 1930 alas

251 1950 442 1984 Sanflorum
465 1946 673 1990 Angelorum
696 1969 704 1977 .
732 1947 835 1979 Hunc
858 1949 1020 1980 conseflus
1044 1945 1140 1980 Ordi-

249 2010 327 2033 nem
353 2000 416 2031 effe
441 1995 615 2035 antiquum
644 1995 825 2038 Synagogae
848 2004 973 2027 morem
993 2017 1005 2033 ‚
1031 1994 1063 2027 δε
1085 2004 1138 2036 per

251 2045 434 2090 Apostolos
445 2044 616 2078 inductum
627 2043 661 2078 in
677 2043 834 2078 Ecclefias
845 2068 856 2083 ,
881 2043 1019 2077 affirmat
1032 2045 1064 2076 in
1078 2043 1140 2086 pri-

251 2108 311 2130 mae
333 2095 373 2129 ad
386 2092 581 2128 Corinthios
593 2092 733 2136 epistolae
747 2092 991 2129 commentariis
1003 2093 1139 2129 Hilarus

255 2147 417 2179 Romanae
439 2143 589 2178 Ecclefiae
608 2143 796 2176 Diaconus:
826 2150 898 2178 Haec
922 2145 1044 2176 traditio
1054 2145 1136 2183 syna-

247 2208 331 2240 gogae
343 2194 379 2235 est
392 2217 404 2235 ,
430 2205 520 2236 quam
530 2204 581 2227 nos
598 2194 665 2227 vult
673 2191 782 2236 sellari
795 2193 938 2234 Apostolus
950 2218 960 2234 ,
971 2200 1042 2236 quia
1052 2193 1137 2227 Chri·

245 2247 351 2287 silanis
364 2244 483 2287 quidem
491 2243 596 2286 scribit
608 2263 619 2282 ‚-
628 2241 785 2285 sedfaffls
796 2254 834 2277 ex
843 2244 984 2288 gentibus
995 2269 1005 2284 ,
1033 2245 1066 2277 (θ’
1081 2255 1137 2276 non

252 2308 288 2330 ex
294 2299 323 2340 J
328 2296 446 2332 uda-is,
471 2303 505 2326 ut
522 2291 657 2335 sedentes
671 2292 820 2336 disputent
845 2296 976 2327 Seniores
990 2295 1136 2337 dIgnitate

251 2353 284 2378 in
310 2343 473 2377 Catbedris
485 2361 513 2384 ,ῃ
518 2340 673 2385 sequentes
695 2350 728 2376 in
746 2341 913 2386 subselliis,
941 2345 1083 2384 noviffimr'
1104 2350 1135 2377 in

250 2399 426 2438 pavimento
441 2393 530 2436 super
541 2402 656 2426 mattas
667 2416 674 2425 .
704 2394 746 2426 Et
759 2392 823 2426 haec
846 2393 891 2427 est
905 2393 1068 2428 Cathedra
1081 2394 1134 2428 seu

251 2447 351 2479 Sedes
372 2468 383 2484 ,
409 2454 472 2487 qua
496 2443 663 2486 plerosque
684 2442 850 2477 haeteticos
869 2455 976 2478 carere
998 2444 1135 2478 affirmat

250 2494 428 2538 Septimius
446 2518 453 2526 .
482 2493 613 2535 Nempe
633 2504 747 2527 omnes
780 2493 926 2528 absolute
948 2494 1135 2532 ordinatos.

251 2543 385 2588 Agitde
396 2543 472 2577 solis
485 2543 654 2586 Episcopis
680 2556 716 2577 ac
730 2541 946 2586 presbyteris.
975 2544 1135 2578 Hisenim

250 2596 329 2628 solis
340 2592 474 2634 antiqua
486 2591 656 2635 disciplina
668 2591 756 2627 dedit
780 2593 814 2626 in
838 2593 977 2628 solemni
988 2594 1137 2628 Ecclesia:

251 2652 421 2678 conventu
442 2641 640 2676 Cathedram
653 2667 664 2682 ‚
690 2643 807 2677 Sedem
827 2667 838 2684 ,
866 2654 920 2678 aut
941 2643 992 2686 jus
1012 2645 1135 2678 conses-

252 2695 322 2727 sus.
351 2692 516 2732 Diaconi‚
542 2691 655 2735 utpote
678 2692 818 2727 ministri
839 2717 850 2732 ,
877 2694 1006 2728 stabant
1034 2695 1134 2737 parati

251 2744 292 2778 ad
304 2742 518 2777 ministerium
529 2767 536 2773 .

301 2792 403 2827 Porro
416 2794 505 2836 quod
519 2789 664 2826 absolute
680 2790 849 2826 ordinatus
873 2791 1054 2836 Episcopus
1079 2805 1134 2829 aut

251 2843 560 2887 Presbyternullam
574 2842 608 2876 in
622 2842 840 2878 Ecclesiastica
856 2843 1052 2886 Apparitura
1075 2844 1133 2879 Se-

251 2894 350 2934 dem,
376 2891 577 2927 Cathedram
600 2915 611 2931 ,
638 2901 694 2929 aut
716 2892 907 2927 confidendi
928 2892 976 2935 jus
995 2891 1132 2935 habeat,

240 2947 301 2979 'res
325 2944 391 2987 ipsa
413 2942 549 2977 clamat.
578 2941 634 2974 Est
659 2942 884 2976 manifestum.
914 2942 1007 2976 Hinc
1027 2943 1069 2977 de
1090 2945 1131 2979 se·

95 3161 181 3202 Epist.
192 3163 238 3189 61.

100 3212 164 3240 cap.
176 3205 218 3230 16.

122 3318 176 3355 Ep.
188 3320 234 3347 62·

252 2994 391 3037 metipso
413 3004 467 3036 per
491 2992 666 3026 Paulinum
691 2991 882 3028 Antiochiae
910 2992 1131 3027 patriarcham

252 3043 400 3079 absolute
413 3044 447 3076 in
462 3042 686 3085 Presbyterum
699 3043 887 3076 consecrato
908 3042 1015 3076 scribit
1029 3043 1069 3076 ad
1081 3044 1130 3086 Jo-

251 3106 371 3128 nnnem
391 3093 631 3134 Hierosolymae
655 3092 850 3135 Episcopum
869 3094 1002 3126 sanetus
1015 3093 1130 3127 Hiero-

253 3155 388 3187 nymus:
418 3147 523 3176 Extra
543 3142 663 3175 cellulas
686 3141 796 3181 nostras
816 3144 905 3175 locum
919 3141 1049 3183 Ecclefiae
1073 3154 1129 3176 non

254 3194 396 3228 habemus
416 3219 423 3226 .
463 3193 600 3229 Nullam
628 3193 662 3225 in
683 3192 811 3235 publica
838 3192 977 3225 Ecclesia
989 3192 1103 3227 Sedem
1119 3217 1127 3225 .

254 3242 300 3277 Et
321 3242 606 3286 adffTheophilum
638 3242 847 3275 Alexandriae
885 3241 1127 3276 patriarcham:

255 3297 337 3325 Unus
350 3292 564 3335 &populosum.
593 3292 688 3326 Plura
702 3291 742 3325 de
756 3291 815 3325 hac
827 3303 858 3324 re
870 3292 939 3324 dixi
953 3295 987 3325 in
1002 3293 1129 3326 noviffi-

256 3355 314 3377 mo
337 3343 493 3385 opusculo
515 3345 554 3376 de
577 3342 789 3386 Regularium
813 3342 1023 3376 Ecclefiarum
1037 3343 1127 3386 jure,

256 3390 479 3429 demonstrans
504 3393 664 3437 Sanstum,
679 3393 924 3435 Hieronymum
946 3405 1014 3429 non
1037 3393 1128 3428 fuine

1415 117 1603 160 -XLH,

1184 201 1355 233 Rectorem
1379 198 1546 233 Parochiae
1568 199 1836 237 Bethleemiticae.
1864 205 1918 238 De
1939 204 2060 238 cunetis

1184 249 1365 283 istiusmodi
1389 248 1524 283 Clericis
1546 249 1698 284 scribitin
1710 264 1804 294 opere
1815 254 1856 287 de
1869 254 1999 288 Divinis
2011 255 2061 288 of·

1196 131 1210 158 1
1283 130 1300 157 S
1907 131 1994 176 363

1184 300 1265 333 ficiis
1276 300 1408 333 Santstus
1424 299 1560 333 Isidorus
1573 297 1866 344 Archi-Episcopus
1887 303 2060 347 Hispalen-

1184 350 1239 383 sis:
1268 354 1329 383 Hos
1342 361 1435 392 neque
1445 355 1524 383 inter
1535 347 1811 393 laicossaecularium
1835 354 1985 392 officiorum
1999 353 2058 395 stu·
2076 355 2133 385 Lib.
2146 366 2190 384 ιι.

1184 401 1255 438 dla,
1281 411 1374 441 neque
1400 405 1478 435 inter
1505 402 1633 434 clericos
1655 401 1753 443 religio
1765 401 1900 435 detentat
1920 406 2036 437 Divina
2049 429 2057 438 .
2072 404 2170 434 ⁶³93·

1186 448 1302 483 Habent
1316 448 1429 493 signum
1453 450 1612 494 Religionis
1627 475 1638 489 ‚
1663 462 1718 482 non
1740 451 1900 493 Religionis
1919 453 2036 491 officium
2048 477 2057 486 .

1186 503 1279 541 Hippo
1291 505 1440 532 centauris
1446 499 1555 540 fimlles
1568 513 1574 532 ε
1602 504 1706 541 Neque
1717 506 1783 542 equi
1797 524 1807 539 ‚
1819 511 1907 541 neque
1918 500 2060 535 homines.

1187 553 1319 582 Mixtum
1327 561 1422 593 genus
1431 574 1441 590 ‚
1465 549 1615 593 prolesque
1627 550 1760 593 biformis
1770 574 1777 582 .
1808 550 1850 584 Et
1862 549 1903 585 de
1919 550 1965 584 ita
1977 551 2063 588 ordi,-

1189 600 1273 633 natis
1285 597 1461 634 Monachis
1474 599 1571 635 habet
1584 611 1698 644 quarta
1709 599 1876 634 Toletana
1888 600 2064 642 Synodus:

1188 655 1253 684 Nec
1274 655 1352 683 inter
1376 651 1525 691 clericos,
1553 662 1604 684 nec
1628 656 1709 684 inter
1724 649 1876 682 Monacbos
1896 649 2042 684 habentur
2055 674 2063 682 .

1188 698 1348 733 Absolute
1369 699 1539 735 ordinatus
1562 700 1666 735 solum
1678 700 1798 735 Clerici
1819 701 2064 735 Sacramentum
2080 699 2150 736 Cap·
2167 707 2212 733 52·

1187 750 1219 783 δε
1241 749 1454 785 εὶιπειέὶεῐειη
1477 748 1576 785 habet
1598 774 1609 791 ‚
1635 762 1702 785 non
1726 750 1895 786 officium.
1921 749 1965 784 Et
1988 749 2065 786 ideo

1189 812 1248 834 nec
1261 799 1453 834 honoratam
1477 801 1511 834 in
1524 799 1664 834 Ecclesia
1677 800 1792 835 Sedem
1806 825 1813 832 .

1236 850 1316 885 Haec
1330 861 1436 884 tamen
1451 851 1525 885 sunit
1535 862 1609 885 cum
1630 850 1849 885 moderamine
1859 850 2047 894 accipienda
2058 876 2065 882 .

1190 899 1322 934 Etenim
1345 902 1445 944 usque
1467 901 1507 935 ad
1536 900 1839 935 Chalcedonensem
1862 902 2033 944 Synodum
2056 924 2066 940 ,

1189 961 1256 991 quae
1268 949 1456 985 Monachos
1467 951 1506 984 ad
1521 952 1566 985 sui
1581 950 1774 985 Monasterii
1785 950 1917 985 titulum
1938 951 2068 985 ordina·

1189 999 1215 1034 ri
1229 999 1389 1043 permisit,
1415 1001 1562 1035 absoluta
1574 1000 1753 1035 Ordinatio
1764 1001 1959 1045 fuitduplex
1976 1026 1985 1040 ,
2014 1001 2071 1033 lar-

1190 1061 1230 1093 ga
1258 1051 1292 1085 &
1315 1050 1420 1084 striCsa
1445 1075 1452 1085 .
1481 1051 1644 1085 Damnata
1670 1053 1702 1084 ὅ(
1726 1052 1871 1093 permissa
1894 1077 1901 1084 .
1938 1052 2071 1085 Etenim

1190 1100 1295 1134 statim
1318 1101 1335 1134 a
1357 1101 1462 1143 primo
1483 1100 1697 1135 Coenobiticae
1717 1113 1771 1143 per
1794 1103 1946 1135 Sanstutn
1960 1102 2072 1135 Anto-

1192 1150 1283 1183 nium
1298 1148 1442 1183 inducta
1467 1151 1538 1184 vitae
1550 1151 1688 1184 exordio
1711 1151 1889 1184 Orientalis
1901 1151 2074 1193 praesertim

1195 1198 1335 1233 Ecclesia
1345 1200 1443 1242 coepit
1458 1199 1496 1233 ad
1510 1199 1704 1234 Monasserii
1716 1200 1850 1233 titulum
1877 1211 1914 1233 ac
1933 1200 2076 1233 ministe-

1194 1249 1276 1282 rium
1302 1250 1488 1282 consecrare
1510 1261 1578 1283 non
1599 1249 1810 1283 solummodo
1840 1249 2048 1292 presbyteros
2067 1273 2078 1289 ‚

1192 1299 1245 1335 ,sed
1273 1300 1305 1332 ὅ(
1330 1299 1525 1342 Epist-opos.
1554 1299 1703 1334 Pluribus
1727 1299 1790 1332 hoc
1801 1298 2019 1334 demonstravi
2042 1300 2078 1333 in

1196 1349 1360 1390 opusculis
1379 1349 1421 1383 de
1442 1350 1515 1392 Jure
1536 1349 1750 1393 Regularium
1772 1349 2005 1383 Ecclesiarum.
2037 1349 2079 1384 Et

1199 1400 1270 1432 istas
1291 1399 1568 1436 consecrationes,
1597 1398 1671 1432 licet
1694 1397 1802 1432 nullus
1827 1410 1904 1433 tunc
1924 1399 2045 1432 Canon
2066 1421 2076 1438 ,

1197 1460 1305 1483 tamen
1318 1448 1521 1483 consuetudo
1548 1448 1581 1482 &
1600 1448 1824 1482 ordinantium
1844 1449 2079 1492 Episcopotutn

1197 1499 1366 1533 consensus
1387 1498 1554 1540 probavit.
1586 1498 1628 1531 Et
1651 1498 1729 1532 hinc
1747 1499 1826 1541 ipsas
1853 1499 1985 1533 istorum
2001 1511 2081 1533 tem-

1198 1559 1313 1591 porum
1336 1547 1445 1582 Patres
1470 1560 1508 1581 ac
1530 1547 1585 1581 alii
1598 1548 1773 1591 Scriptores
1795 1547 1906 1591 paffim
1918 1549 2084 1593 appellant.

1198 1598 1361 1634 absolutas
1372 1622 1379 1630 .
1406 1598 1496 1644 Qia
1512 1598 1629 1641 nempe
1643 1598 1809 1632 ordinatos
1828 1610 1895 1632 non
1908 1599 2085 1643 adstringe-

1200 1647 1329 1683 bantad
1343 1647 1511 1691 publicum
1523 1647 1626 1682 fidelis
1637 1649 1749 1691 populi
1771 1648 2008 1683 ministerium.
2036 1649 2086 1685 Ira

1200 1697 1563 1742 S.Hietonymum,ejus
1578 1699 1707 1733 fratrem
1720 1697 1962 1739 Paulinianum,
1977 1700 2089 1741 S.E.pi-

1202 1746 1261 1790 pha
1269 1746 1370 1788 nium,
1386 1747 1642 1787 S.Hilarionem,
1655 1748 1798 1789 aliosque
1812 1748 1844 1780 id
1856 1749 1958 1791 genus
1970 1749 2088 1783 Hiero-

1200 1795 1577 1830 Monachosetiamnum
1596 1795 1697 1829 hodie
1707 1797 1861 1837 ponimus
1882 1798 1915 1830 in
1931 1798 1991 1832 isto
2018 1810 2090 1842 gra-

1201 1846 1243 1879 du
1256 1870 1263 1877 .
1294 1845 1386 1878 Hinc
1398 1846 1530 1878 Sanstus
1544 1844 1772 1887 Hieronymus
1789 1844 1876 1880 dixit
1889 1847 1946 1883 sibi
1969 1848 2002 1883 in
2029 1848 2091 1883 Ec-

1201 1894 1294 1930 clefia
1306 1905 1374 1930 non
1387 1895 1449 1928 esse
1463 1894 1577 1929 Sedem
1589 1918 1599 1933 ,
1627 1895 1684 1928 nisi
1698 1895 1782 1927 intra
1796 1895 1850 1928 sua
1865 1896 2064 1933 Monasieria
2077 1910 2088 1931 z

1204 1945 1246 1977 Et
1268 1944 1303 1977 in
1327 1942 1466 1986 publicis
1490 1942 1636 1976 Ecclesiis
1658 1944 1689 1978 se
1719 1944 1839 1978 censeri
1865 1946 2089 1983 &stareintet

1202 1991 1378 2035 populum.
1408 1992 1450 2025 Et
1471 1991 1552 2026 reste
1575 1992 1661 2027 dixit
1683 1993 1740 2028 fibi
1763 1996 1823 2028 effe
1850 1995 1961 2031 locum
1974 1999 2007 2031 in
2023 1999 2089 2034 suis

1202 2041 1327 2075 cellulis
1354 2042 1407 2076 seu
1433 2042 1664 2077 Monasteriis.
1693 2042 1827 2079 Etenim
1850 2046 1992 2091 plurium
2012 2049 2088 2085 Mo-

1203 2091 1412 2127 nastetiorum
1434 2092 1563 2136 gerebat
1585 2092 1806 2129 Praefesturam
1825 2119 1836 2136 ,
1863 2108 1960 2143 atque
1985 2100 2028 2135 ita
2051 2101 2086 2135 in

1202 2143 1404 2187 singulorum
1415 2142 1592 2178 Tribunali
1617 2156 1655 2179 ac
1678 2144 1886 2190 Presbyterio
1910 2162 1978 2185 non
2002 2151 2086 2187 sede-

1202 2192 1254 2227 bat
1269 2193 1501 2234 solummodo,
1529 2194 1581 2229 sed
1608 2196 1642 2230 δε
1663 2197 1862 2240 praefidebat.
1891 2200 1935 2235 Et
1957 2213 1998 2236 ex
2020 2202 2086 2239 hoc

1201 2244 1363 2287 principio
1377 2244 1419 2278 de
1428 2244 1495 2286 ejus
1506 2245 1619 2286 fratre,
1650 2246 1668 2280 a
1681 2247 1756 2281 sein
1770 2248 1995 2294 Presbyterum
2008 2266 2085 2288 con-

1202 2295 1321 2327 secrato
1332 2319 1342 2334 ,
1369 2294 1568 2329 Pauliniano
1580 2296 1687 2330 scribit
1698 2297 1738 2331 ad
1753 2297 1912 2340 Ioannem
1929 2303 2084 2338 Hieroso-

1202 2344 1298 2386 lymae
1321 2344 1518 2388 Episcopum
1543 2347 1677 2380 Sanctus
1699 2347 1918 2391 Epiphanius:
1947 2355 2084 2387 Primum

1201 2395 1360 2427 Diaconum
1371 2396 1577 2430 ordinavimus
1590 2420 1601 2436 ,
1627 2399 1824 2439 compellentes
1836 2410 1869 2433 ut
1880 2402 2061 2443 ministraret
2072 2427 2081 2436 .

1201 2447 1259 2476 Vix
1281 2446 1468 2486 compulimus
1489 2457 1555 2480 eum
1582 2449 1616 2480 (9·
1633 2446 1809 2490 persuadere
1828 2458 1976 2492 potuimus
2000 2479 2006 2486 .
2034 2458 2079 2487 Et

1198 2494 1262 2526 cum
1282 2494 1464 2533 ministraret
1484 2500 1515 2527 in
1531 2494 1649 2538 sanc‘lis
1678 2499 1853 2541 Sacrificiis,
1880 2505 1996 2536 rursum
2015 2516 2080 2537 eum

1199 2545 1404 2577 ordinavimus
1421 2546 1639 2583 Presbyterum.
1667 2552 1698 2581 E
1703 2552 1892 2591 timpulimus
1909 2562 1942 2585 ut
1964 2552 2080 2596 sederet

1197 2599 1228 2625 in
1239 2595 1341 2627 ordine
1363 2594 1560 2634 Presbyterii.
1589 2597 1690 2636 Postea
1707 2597 1876 2640 scripsimus
1900 2604 1945 2635 ad
1958 2601 2080 2646 sanc‘los

1199 2643 1381 2682 Presbyter-os
1419 2645 1608 2687 Monaflerit,
1634 2649 1667 2680 (⁰5
1688 2658 1804 2682 eaeteros
1820 2651 1956 2692 fratres.
1982 2656 2083 2686 Erin-

1197 2699 1383 2735 cre-pavimus
1404 2719 1416 2734 ,
1442 2707 1534 2738 quare
1554 2708 1612 2728 non
1629 2695 1798 2739 scripfiffent
1816 2698 1904 2740 fisper
1923 2712 1954 2733 eo
1975 2725 1986 2740 ‚
2013 2703 2078 2735 cum

1196 2754 1266 2776 ante
1286 2755 1400 2776 annum
1421 2746 1530 2777 multos
1553 2755 1647 2777 eorum
1670 2752 1752 2786 queri
1769 2748 1928 2791 audissem,
1955 2762 2005 2784 cur
2019 2763 2076 2785 non

1196 2792 1358 2832 haberent,
1384 2799 1436 2835 qui
1450 2793 1506 2833 fibi
1532 2797 1652 2826 Domini
1672 2796 1865 2830 Sacramenta
1887 2799 2052 2841 conficerent
2065 2827 2075 2842 ‚

1196 2844 1320 2877 &illum
1332 2842 1488 2886 omnessuo
1500 2842 1649 2885 poscerent
1672 2845 1850 2887 testimonio,
1876 2851 1910 2883 (τ
1927 2853 2077 2893 grandem

1195 2894 1357 2926 utilitatem
1378 2899 1410 2925 in
1433 2904 1580 2927 commune
1600 2894 1770 2933 Monasterii
1788 2897 1961 2936 testarentur
1983 2926 1990 2934 .
2021 2894 2079 2936 Ex*

1197 2943 1245 2975 his
1259 2941 1348 2976 vides
1361 2943 1395 2976 in
1408 2944 1497 2977 istius
1514 2943 1709 2978 Monasterii
1727 2947 1865 2983 Ecclesia
1878 2951 1970 2986 fuisse
1985 2951 2074 2986 Pres-

1197 2992 1358 3034 byterium
1383 3005 1421 3027 ac
1431 2993 1618 3033 Tribunal‚
1644 2997 1784 3038 atquein
1808 2999 1876 3041 ipso
1897 3001 1965 3043 ejus
1987 3001 2073 3035 Pres-

1196 3044 1324 3085 byteros
1344 3044 1521 3076 consedisse
1534 3067 1541 3075 .
1569 3043 1644 3077 Istic
1669 3044 1811 3080 habuisse
1825 3050 1939 3083 Sedem
1966 3052 1997 3085 ὅ(
2010 3052 2071 3085 Ca-

1194 3092 1337 3126 thedram
1352 3119 1359 3126 .
1391 3093 1433 3126 Et
1457 3092 1521 3127 hoc
1546 3094 1585 3127 ad
1598 3096 1753 3137 grandem
1766 3098 1960 3134 utilitatem.
1987 3103 2071 3148 Qae

1193 3145 1304 3176 omnia
1316 3143 1516 3177 considerans
1541 3142 1814 3180 Chalcedonensis
1829 3150 1979 3192 synodus
2004 3164 2072 3194 pro·

1194 3193 1280 3227 bavit
1292 3204 1415 3227 morem
1428 3218 1437 3234 ,
1465 3194 1498 3227 ὅ(
1513 3193 1704 3228 Monasterii
1718 3196 1850 3231 titulum
1873 3200 1959 3242 juffit
1981 3201 2072 3235 dein-

1193 3255 1265 3285 ceps
1277 3243 1315 3276 ad
1330 3244 1432 3276 sacros
1449 3242 1590 3278 Ordines
1600 3244 1660 3278 effe
1674 3246 1909 3283 authenticum.
1940 3250 1980 3284 Et
1992 3262 2071 3287 tunc

1194 3293 1471 3327 Hiero-Monachi
1492 3293 1652 3327 desierunt
1673 3297 1793 3330 censeri
1821 3300 1905 3333 inter
1925 3292 2072 3336 absolute

1192 3344 1390 3377 ordinatos.
1419 3345 1535 3378 Fateor
1557 3344 1691 3379 addusta
1709 3346 1811 3380 Sansti
1826 3350 1933 3383 Isidori
1958 3353 2072 3395 Hispa·

1195 3394 1283 3428 lenlis
1309 3406 1347 3428 ac
1370 3405 1488 3438 quartae
1510 3393 1684 3431 Toletanae
1706 3398 1830 3440 Synodi
1854 3400 1946 3435 verba
1962 3403 2073 3443 sonare

1918 3450 2013 3485 aliud·
