2346 3724
123 798 186 832 Lib.
215 810 241 838 g-

122 850 184 879 cap.
201 852 208 870 1
221 847 252 872 8.

106 891 117 911 ι
124 882 186 918 9.8ε
193 890 249 920 ῑ3.

140 2329 221 2367 Cap.
231 2335 260 2357 ι.

141 2378 172 2404 7·
193 2377 222 2403 9·

116 2448 197 2484 Cap.
216 2454 260 2475 η·

117 2489 203 2524 ‘cap-
220 2493 264 2518 ¹73

121 2526 204 2562 Cap.
224 2534 263 2560 ¹9-

123 2565 198 2600 Cap.
214 2566 260 2601 89.

123 2604 204 2642 cap.>
216 2611 243 2640 5.

688 173 727 219 C
800 188 827 216 A
898 187 918 215 Ρ
989 183 1003 213 1
1074 185 1099 213 τ

258 258 559 304 εαῐγρίῐεὸεδεωέὶὶ
572 258 708 302 Ioannis
722 255 938 302 Evangelium
951 254 1013 297 lint
1023 251 1137 288 diversi

258 310 359 353 styli,
387 309 512 352 qui-est
535 308 623 352 quali
635 308 817 343 distinfflva
838 303 1010 349 scriptoris
1021 304 1139 344 facies,

259 359 436 401 Secundo,
463 359 553 402 quod
576 358 812 402 Apocalyplios
835 355 953 390 author
975 355 1067 393 suum
1082 365 1138 387 no-

1258 184 1275 212 s
1381 169 1651 213 xxxrlr.
1912 186 2004 233 275

1198 252 1412 297 ligamusejus
1424 253 1576 297 quintum
1588 264 1702 289 contra
1716 254 1842 292 haereses
1865 259 1981 295 librum
1992 284 2009 300 „
2035 258 2072 294 in

1198 314 1264 347 quo
1288 303 1373 336 varia
1393 302 1629 347 Apocalypfios
1651 306 1754 347 capita
1781 307 2001 343 elucidantur.
2029 309 2073 342 Et

1200 353 1514 395 Sa'nCiiMelitonis,
1541 354 1715 388 dostiffimi
1742 355 1984 391 &vetustissimi
2007 360 2076 393 Sar-

258 419 337 443 men
359 410 544 451 frequenter
568 409 695 443 laudet.
727 407 784 442 Est
803 401 849 448 res
870 404 1007 440 aliena&
1020 405 1138 439 Sancto
1200 402 1347 446 densium
1362 403 1548 447 Episcopi,
1575 403 1693 440 librum
1716 404 1758 439 de
1771 404 1968 448 Apocalypsi
1983 407 2078 447 Ioan-

260 459 413 502 Ioatme‚
439 460 495 502 qui
516 459 601 494 istud
617 471 677 494 nec
698 460 731 498 in
743 458 803 499 suae
813 455 956 500 epistolae
966 454 1140 497 titulopo-

259 509 347 543 suit.
366 509 495 544 Tertio
507 534 517 549 ,
543 510 633 552 quod
646 509 704 551 iste
717 507 836 552 proprii
860 505 1005 539 nominis
1022 515 1142 547 memo·

259 569 348 593 rator
359 560 478 594 nullibi
492 562 522 594 se
534 560 621 594 dicat
635 557 831 602 Apostolum
843 580 854 597 ,
879 554 965 590 haud
985 554 1085 590 dubie
1095 554 1141 588 di-

258 611 392 652 florus,
421 611 478 645 nisi
500 610 616 648 veritas
627 607 796 645 obstitisset
810 632 817 639 .
1010 633 1022 637 „

316 659 472 704 Ejusdem
485 658 655 704 opinionis
666 659 728 693 fuit
741 655 897 696 Eusebius
919 654 1122 691 Caesareenfis
1133 678 1143 693 ,

267 711 362 755 niens
385 711 592 745 Canonicam
615 708 705 743 istius
727 707 804 742 libri
820 707 1051 741 authoritatem
1076 704 1143 747 ‚esse

268 763 511 797 controversam
521 758 608 804 apud
619 758 792 799 Ecclefias,
804 758 838 792 &
848 758 980 801 utrique*
986 753 1134 790 contradi

268 811 385 846 (tionis
407 812 488 854 parti
509 810 572 845 esse
596 818 749 854 potentes
762 819 933 852 patronos.
958 807 1143 851 Negantem

270 873 394 905 partem
406 855 751 905 fortiterpostmodum
770 857 897 902 adjuvit
919 855 1145 900 Apollinarius

269 909 490 956 Haerefiarcha
502 934 513 951 ‚
534 909 625 944 mille
636 908 773 942 carnalis
785 907 857 941 vitae
869 907 979 941 felices
991 916 1096 940 annos
1106 915 1145 938 ex

268 962 357 998 libro
368 962 430 996 isto
441 960 649 995 confirmans.
659 959 754 993 Hinc
766 958 855 992 enim
868 956 1014 998 Cyrillus
1026 955 1144 989 Hiero.-

267 1013 308 1046 so
321 1011 488 1055 ymitanus
497 1034 508 1050 ,
521 1009 698 1053 Gregorius
709 1008 936 1049 Nazianzenus
947 1029 957 1045 ,
969 1003 1148 1049 Gregorius

272 1061 443 1103 Nyffenus
463 1084 475 1100 ,
503 1057 758 1100 Amphilochius
776 1078 787 1094 ‚
811 1067 849 1091 ac
870 1055 925 1091 alii
950 1050 1148 1098 Apollinari-

269 1109 356 1150 sticae
366 1108 540 1152 impietatis
551 1106 719 1141 adversarii
732 1104 844 1140 Patres
855 1105 888 1138 in
913 1104 1005 1138 illum
1018 1105 1148 1138 fuerunt

270 1159 435 1194 duriores.
462 1155 567 1205 Qod
591 1155 695 1191 Sancti
718 1155 869 1200 Gregorii
894 1154 1144 1200 Magnitempo

270 1208 361 1243 ribus
374 1208 514 1242 necdum
527 1207 624 1241 fuerit
646 1209 788 1240 firmatus
810 1205 844 1239 in
857 1205 995 1239 Canone
1009 1229 1020 1245 ,
1047 1205 1150 1246 liquet

271 1270 315 1292 ex
332 1258 460 1292 decimo
483 1257 621 1301 septimo
640 1256 786 1300 capitulo
804 1266 922 1299 quartae
933 1254 1060 1298 synodi
1079 1255 1149 1291 To·

271 1300 418 1354 letanae}
440 1302 629 1353 Apocalypst‘m
649 1307 757 1340 librum
779 1307 936 1339 multorum
957 1306 1151 1339 conciliorum

274 1358 442 1392 authoritas
465 1359 499 1391 &
520 1359 657 1396 synodica
672 1356 844 1389 sannorum
867 1354 1032 1398 Praesulum
1046 1359 1150 1389 Roma·

273 1419 380 1442 norum
393 1412 516 1442 Decreta
518 1410 551 1452 J
553 1412 657 1439 oannis
670 1406 872 1450 Evangelrstae
883 1408 932 1449 effe
939 1403 1152 1448 praestabunt,

273 1459 312 1492 ά
332 1462 410 1490 inter
433 1459 564 1489 Divinos
585 1455 674 1490 libros
703 1457 901 1497 recipiendum
929 1455 1151 1495 constituerunt.

273 1508 325 1539 Et
337 1513 408 1548 qula
415 1507 539 1548 plurimi
546 1502 618 1549 sunt
630 1529 642 1546 ,
667 1509 719 1548 qui
728 1507 794 1545 ejus
804 1503 1014 1538 authoritatem
1036 1516 1093 1537 non
1110 1516 1152 1537 re-

273 1558 389 1598 cipiunt
401 1581 411 1597 ,
431 1550 603 1599 eumque-in
630 1554 754 1596 Ecclefia
773 1557 829 1588 Dei
844 1555 1013 1596 praedicare
1032 1562 1151 1587 contem-

273 1615 376 1644 nunt,
396 1606 426 1647 fi
433 1610 500 1648 quis
511 1617 576 1639 eum
587 1606 722 1647 deinceps
744 1613 798 1638 aut
811 1616 868 1637 non
888 1609 1046 1646 receperit,
1071 1612 1124 1637 aut
1134 1605 1154 1635 ἃ

270 1651 397 1697 ‘Pascha
421 1654 510 1698 usque
531 1657 574 1687 ad
595 1654 778 1694 Pentecosten
800 1654 952 1697 Mtffarum
971 1661 1100 1695 tempore
1124 1658 1155 1685 in

278 1703 408 1748 Ecclefia
428 1716 485 1737 non
505 1705 741 1746 praedicaverit,
765 1709 1073 1738 excommunicationis
1093 1701 1155 1747 sen·

276 1760 407 1802 rentiam
429 1753 569 1787 habebit.
598 1755 685 1789 Eum
697 1754 830 1789 Canoni
852 1754 1007 1797 synodus
1029 1765 1097 1788 non
1111 1754 1159 1797 inf

275 1804 376 1845 serit,
403 1803 456 1837 sed
479 1803 641 1839 Romanae
665 1804 837 1844 Ecclesiae,
863 1805 898 1838 ὅ(
920 1804 1079 1838 variarum
1101 1803 1159 1847 Sy-

275 1852 465 1894 modomm,
490 1854 508 1887 a
521 1853 712 1897 quibusjam
725 1851 851 1896 pridem
874 1853 980 1887 fuerat
1001 1852 1157 1892 insertus,

277 1904 438 1950 judicium
450 1904 517 1936 vult
527 1901 612 1949 apud
623 1913 738 1939 omnes
753 1903 815 1938 efle
826 1901 980 1947 deinceps
1001 1903 1160 1937 sacrosan-

278 1956 390 1991 aum.
416 1954 527 1998 ipsum
551 1953 585 1987 in
613 1954 671 1987 suo
683 1952 823 1986 Canone
834 1954 958 1996 semper
968 1950 1160 1987 habuitRo-

278 2017 379 2042 mana
390 2002 533 2048 Ecclesia
545 2026 553 2034 .

335 2054 378 2087 Et
389 2051 456 2094 ejus
465 2049 624 2093 judicium
636 2050 698 2084 fuit
709 2049 827 2085 nixum
839 2049 1028 2093 firmissimis
1040 2046 1162 2085 ancho-

282 2102 327 2137 ris
339 2126 346 2133 .
373 2101 504 2136 Etenim
522 2099 586 2135 hoc
608 2099 642 2134 in
656 2101 730 2135 loco
742 2101 915 2144 Septimius
928 2100 1036 2134 noster
1056 2099 1162 2143 palam

283 2151 390 2187 asserit
401 2150 521 2186 librum
531 2150 595 2184 effe
605 2149 815 2185 Canonicum
827 2174 838 2190 ,
863 2149 897 2183 &
908 2151 1014 2185 Saneii
1027 2150 1163 2194 Joannis

282 2201 500 2247 Evangelistae
511 2211 613 2243 opus,
640 2211 707 2234 non
721 2200 830 2235 minus
841 2201 938 2242 quam
953 2200 1088 2244 primam
1100 2199 1162 2241 epi-

282 2251 400 2287 stolam
423 2250 465 2285 de
490 2251 581 2293 cujus
607 2249 745 2286 authore
767 2250 801 2284 &
830 2249 1028 2285 authoritate
1055 2249 1164 2283 nullus

283 2313 440 2346 umquam
454 2302 486 2334 in
503 2299 644 2335 Ecclesia
663 2299 841 2334 dubitavit.
867 2298 972 2349 Qod
994 2299 1163 2344 ipsumin-

284 2352 334 2386 frav
343 2351 457 2395 repetit
468 2374 479 2390 ,
505 2349 583 2385 item
597 2351 632 2384 in
645 2349 729 2384 libro
740 2349 781 2383 de
791 2350 869 2394 fuga
882 2351 915 2382 in
929 2348 1165 2393 persecutione,

285 2401 370 2436 libro
392 2401 569 2445 Scorpiaco
588 2398 757 2433 adversum
779 2398 980 2437 Gnosticos,
1007 2392 1091 2433 libro
1110 2397 1163 2430 ad·

285 2452 395 2486 versus
407 2448 585 2490 Praxeam,
611 2447 696 2482 libro
706 2448 747 2482 de
758 2448 938 2492 pudicitia,
966 2448 1000 2482 &
1024 2447 1058 2482 in
1080 2446 1163 2481 libro

284 2500 326 2537 de
336 2500 468 2541 anima,
494 2498 618 2534 addens
641 2499 796 2543 scriptum
816 2499 850 2535 in
874 2497 982 2533 Insula
1000 2495 1164 2538 pathmo,

287 2563 355 2596 quo
377 2551 446 2594 post
471 2550 632 2585 Divinam
654 2560 695 2583 ex
718 2549 818 2593 igneo
835 2547 912 2582 oleo
933 2547 1162 2582 liberationem

287 2602 352 2636 fuit
371 2600 390 2633 a
414 2599 614 2634 Domitiano
636 2599 833 2642 Imperatore
845 2598 1047 2642 deportatus.
1076 2597 1119 2631 Et
1130 2598 1163 2631 in

286 2649 404 2695 quarto
426 2647 575 2690 adversus
596 2649 803 2684 Marcionem
815 2648 921 2684 libro.-
950 2647 1021 2688 Etsi
1036 2649 1163 2690 Apocaly-

282 2699 359 2745 pfim
378 2694 510 2732 Marcion
532 2696 640 2780 respuit
654 2723 665 2738 ‚
690 2700 760 2732 ordo
774 2708 875 2732 tamen
897 2696 1107 2741 Episcoporum
1123 2700 1167 2731 ad

286 2756 429 2793 originem
439 2747 570 2791 recensus
594 2759 614 2780 n
617 2749 647 2792 J
648 2759 773 2795 oannem
779 2748 872 2789 flabit
885 2747 1036 2780 authorem
1045 2771 1053 2778 .
1081 2748 1162 2782 Eam

288 2798 372 2835 dicit
393 2799 524 2833 admitti
547 2797 590 2833 ab
609 2796 980 2842 omnibusApostolicis
993 2795 1162 2839 Eccleffls,

286 2849 396 2885 immo
406 2849 446 2883 ab
456 2847 598 2890 univerfis
609 2871 621 2889 ‚
646 2860 714 2892 quae
724 2849 786 2881 illis
796 2849 833 2881 de
837 2845 980 2891 societate
992 2849 1160 2881 Sacramen-

286 2906 315 2934 τι·
336 2899 589 2941 consoederamur.
613 2897 657 2932 Et
680 2899 716 2933 in
740 2897 837 2933 tertio
850 2897 992 2942 ejusdem
1011 2898 1116 2940 operis
1126 2897 1162 2932 li·

286 2951 348 2986 bro
371 2947 578 2989 Marcionem
599 2949 738 2993 graviter
747 2948 878 2993 arguit,
904 2947 992 2991 quod
1010 2947 1161 2982 Sanaum

287 3001 450 3045 Ioannem
473 2997 696 3040 Apostolum,
721 2998 754 3032 &
777 2997 942 3041 speciatim
956 2996 1161 3040 huncejusli-

287 3052 383 3088 brum
396 3060 463 3083 non
476 3049 663 3093 agnosceret
675 3071 682 3078 .
709 3047 861 3082 nonoris
872 3047 972 3081 nostri
984 3045 1162 3082 authorita-

286 3114 356 3139 tem
369 3100 513 3144 sequitur
522 3099 556 3132 ὃ(
566 3097 698 3132 extollit
724 3096 758 3131 in
770 3098 912 3131 virorum
933 3097 1102 3131 illustrium
1113 3109 1163 3132 ca-

287 3154 404 3197 talogo
428 3174 439 3190 ,
465 3160 503 3183 ac
530 3147 606 3182 alibi
640 3147 824 3188 frequenter
846 3147 980 3181 Sanctus
1000 3146 1163 3191 Hierony·

289 3215 361 3238 mus
373 3226 384 3242 ,
409 3200 441 3235 &
453 3210 494 3234 ex
508 3196 648 3232 Eusebio
661 3197 854 3231 Caesaraeensi
862 3196 1014 3241 adjungit
1027 3208 1034 3228 :
1049 3198 1164 3240 Quam,

291 3250 524 3297 Apocalypfim
545 3273 555 3289 ,
579 3254 817 3290 interpretantur
836 3270 848 3287 ,
866 3246 1009 3295 ,Iustinus
1033 3248 1173 3290 Martyr,'

289 3305 324 3338 Θ
335 3307 461 3335 Jrenaeus
477 3325 484 3331 .
512 3298 664 3341 Uterque
676 3296 944 3331 Commentarius
960 3296 1037 3330 latet
1048 3306 1102 3330 aut
1114 3308 1165 3340 pe-

289 3353 362 3393 riit.
389 3349 459 3383 Nifi
484 3348 566 3383 sorte
592 3359 647 3391 per
661 3347 769 3380 Irenaei
784 3345 1057 3382 commentarium
1071 3346 1166 3382 intel·

390 3397 496 3438 Christ.
509 3402 586 3439 Lupi*
597 3401 698 3440 Opera
708 3398 743 3430 T.
759 3399 817 3430 IX.

1204 454 1253 493 nis
1266 478 1276 494 ‚
1301 453 1414 497 utique
1424 455 1673 499 apologeticum
1686 480 1697 495 ,
1722 455 1936 489 contraillius
1960 455 1999 488 de
2017 456 2079 489 Ce-

1204 502 1368 537 rinthiana
1389 505 1577 548 carnalitate
1605 505 1855 543 calumniatores
1873 530 1884 546 ,
1911 504 2023 541 laudat
2044 505 2079 538 in

1207 552 1423 589 Ecclefiastica
1444 551 1925 599 historia‘praefatusEusebius
1937 580 1948 595 ‚
1966 555 2006 593 ,ὅς
2027 553 2081 590 ιὰ,-

1203 604 1310 648 jungit
1320 604 1361 638 de
1373 615 1494 649 magno
1505 605 1539 639 &
1551 607 1689 649 antiquo
1700 606 1861 649 Scriptore
1875 604 2078 648 Apollonio:
2098 598 2191 634 Lib&-

1206 659 1306 688 Utitur
1331 653 1497 699 testimoniis
1516 666 1558 697 ex
1582 654 1747 698 Apocabpfi
1748 659 1780 701 J
1783 660 1886 693 oannis
1899 653 2058 698 desumptis
2072 678 2081 686 .
2096 647 2157 709 ἓξ
2171 647 2215 706 ἑΤ·

1207 708 1233 746 ,Α
1241 704 1304 749 pud
1316 704 1457 744 eundem
1471 705 1615 749 loquitut
1629 707 1791 752 Origenes
1801 706 1842 741 de
1855 706 1980 749 Joanne
1992 704 2085 749 Apo·
2098 695 2164 757 «ψ’,
2178 697 2234 751 spu

1210 754 1314 789 stolo:
1342 753 1456 800 scripfir
1479 755 1706 799 Apocahpfim..·
1986 783 1989 787 .
2047 784 2049 786 .

1256 806 1349 839 Olim
1371 806 1465 839 variae
1489 806 1636 840 Eccleliae
1647 805 1829 841 habuerunt
1842 806 1965 840 varium
1979 800 2088 851 'sacra-

1211 866 1279 889 rum
1291 855 1488 890 Litterarum
1501 856 1676 891 Canonem
1687 882 1694 889 .
1723 856 1878 900 Praecipui
1890 857 1922 891 &
1934 855 2088 899 antiquis-

1210 905 1422 940 simifuerunt
1434 905 1553 941 Canon
1570 906 1715 940 Ecclefiae
1735 907 1914 945 Romanae,
1941 906 2089 940 laudatus

1212 966 1267 998 per
1286 955 1520 990 Innocentium
1543 956 1904 1003 primumssontificem
1924 957 1958 989 in
1974 955 2089 990 litteris

1211 1004 1250 1038 ad
1273 1006 1425 1048 Sansturn
1463 1001 1666 1051 Exuperium
1699 1007 1897 1051 Episcopum
1927 1005 2090 1040 Tholosa·

1214 1065 1310 1096 num,
1338 1056 1372 1089 δε
1384 1067 1438 1100 pet
1452 1056 1638 1092 Romanam
1651 1059 1758 1092 Sansti
1782 1057 1900 1091 Gelafii
1913 1057 2007 1100 primi
2033 1057 2091 1098 Sy-

1214 1106 1357 1148 nodum3
1386 1105 1507 1148 Canon
1530 1107 1680 1149 Ecclesia:
1703 1108 1865 1142 Africana
1879 1130 1891 1146 ,
1917 1106 2090 1149 produaus

1212 1165 1265 1198 per
1294 1155 1424 1189 tertiam
1447 1155 1740 1200 Carthaginensem
1762 1155 1935 1200 synodum
1962 1180 1972 1195 ,
1998 1157 2031 1191 ὅ(
2051 1155 2095 1196 ab.

1214 1204 1355 1249 Ecclesia
1368 1204 1523 1240 Romana
1546 1206 1699 1250 probatus
1715 1218 1727 1248 ,·
1756 1206 1906 1240 Ecclesia:
1919 1204 2098 1249 AEgyptiae

1212 1267 1256 1290 cae
1269 1255 1391 1291 Canon
1402 1255 1575 1300 prodmstus
1595 1255 1614 1290 a
1628 1257 1747 1291 Sansto
1763 1256 1943 1290 Athanasio
1955 1257 1988 1289 in
2001 1255 2097 1300 trige-

1212 1306 1291 1340 sima
1302 1305 1537 1350 nonaepistola
1561 1306 1696 1341 festivali
1709 1319 1723 1347 ;
1751 1307 1870 1341 Canon
1886 1305 2097 1349 AquileienfiS

1217 1356 1363 1390 Ecclefiae
1374 1380 1386 1396 ,
1414 1356 1586 1399 productus
1607 1357 1625 1390 a
1639 1357 1779 1391 Ruffino
1798 1354 1990 1399 Presbytero
2002 1357 2034 1389 in
2046 1366 2099 1390 ex·

1217 1406 1375 1449 positione
1386 1405 1535 1449 Symboli
1549 1405 1753 1449 Apostolici.
1782 1406 1830 1440 Hi
1853 1417 1968 1440 omnes
1991 1404 2099 1449 palam

1218 1456 1377 1490 affirmant
1401 1454 1635 1499 Apocalypfim
1657 1456 1719 1490 esse
1745 1455 1853 1490 Sanffi
1876 1457 2037 1498 Ioannis,
2063 1454 2099 1491 ὅ(

1220 1504 1352 1538 Divinae
1369 1503 1598 1539 authoritatis.
1626 1505 1779 1549 Ejusdem
1794 1505 1869 1540 libri
1886 1506 2102 1543 auctoritate,

1222 1554 1269 1587 uti
1282 1554 1453 1588 Canonica
1464 1578 1476 1595 ‚
1503 1556 1688 1598 frequenter
1711 1555 1955 1589 utunturetiam
1967 1554 2103 1590 sanetus

1223 1602 1372 1637 Hilarius
1399 1603 1610 1641 Pistavienfis
1641 1604 1821 1650 Episcopus
1848 1630 1860 1645 ,
1895 1617 1932 1640 ac
1969 1604 2105 1642 sanstus

1224 1654 1360 1697 Prosper
1370 1678 1378 1685 .
1400 1654 1533 1688 SantSius
1547 1653 1736 1690 Ambrosius
1745 1668 1781 1690 ac
1789 1656 1921 1690 Sanetus
1932 1654 2111 1690 Primanus*

1226 1703 1398 1739 Uticensis
1413 1703 1594 1749 Episcopus
1605 1705 1710 1749 ipsum
1723 1707 1841 1750 amplis
1862 1703 2109 1741 commentariis

1224 1753 1426 1788 illustrarunt
1436 1778 1445 1786 .

1274 1803 1359 1849 Qiae
1367 1802 1480 1837 omnia
1493 1803 1662 1839 firmantur
1678 1804 1713 1838 δε
1727 1803 1800 1839 aliis
1810 1804 2010 1840 authenticis
2022 1797 2112 1840 testiss

1226 1853 1349 1886 moniis
1366 1876 1373 1883 .
1400 1851 1618 1888 Testimonio
1638 1854 1744 1888 Sancti
1777 1855 1888 1890 Irenaei
1911 1868 1918 1888 :
1947 1856 2111 1900 Plenissime
2130 1844 2193 1877 Lib·
2214 1854 2239 1875 ¹·

1223 1910 1277 1944 per
1293 1902 1322 1945 J
1327 1908 1433 1935 oanm's
1457 1903 1650 1946 Apocahpfim
1673 1904 1901 1945 manffestantur
1921 1929 1932 1944 ‚
1961 1918 2013 1948 qut
2024 1898 2111 1947 fiat,
2129 1894 2249 1925 c²p‘²⁷'

1227 1952 1341 1984 nullam
1362 1951 1565 1991 differentiam
1587 1954 1639 1995 effi
1651 1955 1786 1986 docentes
1812 1962 1847 1986 in
1857 1954 2027 1988 moechando
2039 1981 2048 1995 ,
2074 1952 2121 1990 ὑ*

1227 2000 1417 2039 tdoloaehytum
1437 2003 1540 2035 edere.
1568 2004 1763 2046 ,Quapropter
1787 2005 1868 2036 dixit
1883 2006 1921 2038 <v
1933 2006 1972 2037 de
1993 2010 2030 2038 ns
2043 2008 2108 2038 Ser-

1226 2062 1291 2083 mo:
1317 2051 1379 2084 Sed
1398 2049 1448 2083 hoc
1471 2050 1564 2086 babes
1592 2076 1604 2093 ,
1627 2055 1707 2094 quod
1727 2053 1810 2094 odisti
1829 2064 1917 2097 opera
1938 2051 2115 2089 Nicolarem'

1225 2111 1309 2141 rum,
1339 2111 1404 2141 quae
1425 2102 1600 2145 &egoodi.
1628 2102 1756 2138 Laudat
1779 2105 1883 2148 ipsum
1901 2104 1984 2140 hica
2006 2107 2111 2151 Septi·

1229 2151 1297 2184 mio
1311 2149 1476 2185 laudatum
1492 2153 1601 2186 locum
1615 2177 1623 2184 .
1652 2153 1805 2189 Eundem
1818 2154 1937 2189 librum
1949 2155 2059 2191 laudat
2070 2155 2108 2190 in

1227 2210 1343 2243 quarto
1365 2200 1423 2234 suo
1445 2200 1552 2241 libro,
1581 2202 1614 2237 &
1627 2203 1793 2250 adjungit:
1815 2210 1961 2250 Joannes
1973 2205 2109 2250 Discipu-
2128 2196 2202 2235 ΕιΡ·
2223 2198 2271 2234 5⁰5

1226 2252 1273 2283 lus
1287 2254 1405 2283 Domini
1416 2252 1497 2285 vidit
1518 2257 1552 2285 in
1563 2254 1743 2296 Apocalypst.
1773 2255 1815 2289 Et
1827 2257 1861 2290 in
1887 2258 2010 2300 quinto
2020 2257 2106 2293 libro

1227 2300 1428 2343 istudipsum
1441 2303 1578 2346 repetit,
1602 2304 1882 2350 atqueadjungit:
1912 2311 2018 2350 Neque
2028 2313 2260 2352 enim.Cap·30.

1226 2358 1298 2382 ante
1308 2351 1432 2384 multum
1445 2358 1586 2394 temporis
1598 2352 1695 2396 visum
1706 2354 1746 2394 est
1755 2379 1766 2394 ,
1791 2354 1934 2399 sedpene
1947 2356 2003 2401 fich
2016 2357 2107 2398 nostro

1220 2397 1326 2441 saeculo
1338 2423 1350 2439 ,
1363 2401 1421 2434 vad
1435 2401 1526 2443 finem
1550 2405 1714 2437 Domitiani
1734 2409 1873 2447 Imperii,
1903 2408 1946 2441 Et
1967 2409 2000 2442 in
2014 2409 2107 2443 sexto

1226 2451 1425 2484 stromatum
1453 2450 1538 2485 libro
1562 2454 1696 2487 Sanctus
1723 2455 1878 2490 Clemens
1913 2456 2108 2494 Alexandri-

1228 2503 1418 2555 nus:nD1·c1e
1431 2504 1574 2545 Joannes
1596 2508 1629 2536 in
1644 2497 1821 2547 Apocalypsi.
1854 2506 2008 2549 Ejusdem
2022 2508 2107 2543 testi·
2128 2510 2263 2548 fol-667.

1226 2560 1347 2582 mouns
1368 2550 1620 2592 frequentiffime
1637 2555 1740 2588 utitur
1750 2556 1883 2589 Sanctus
1897 2557 2083 2601 Cyprianus
2097 2584 2106 2592 .

1227 2599 1336 2632 Etiam
1349 2599 1484 2634 sanetus
1506 2600 1723 2638 Athanafius.
1753 2604 1796 2638 Et
1820 2605 1993 2651 insuperiu
2007 2610 2107 2644 sacra-

1224 2659 1295 2682 rum
1307 2648 1506 2687 Litterarum
1517 2653 1655 2696 Synopfi
1679 2654 1789 2690 scribit
1800 2669 1810 2688 :
1837 2657 2049 2698 Esspraeterea
2071 2661 2106 2692 (θ’

1226 2699 1402 2741 Apocalypfis
1417 2704 1449 2746 J
1452 2706 1555 2734 oannis
1571 2702 1704 2746 Theologi
1716 2728 1727 2743 ,
1752 2707 1771 2735 ci
1787 2703 1895 2746 Priscis
1904 2704 2020 2747 sanclis
2034 2731 2043 2745 ,
2070 2709 2105 2740 (⁰5

1226 2751 1338 2791 Spiritu
1348 2753 1405 2782 Dei
1428 2752 1558 2792 impletis
1575 2752 1718 2784 Patribus
1730 2776 1740 2792 ‚
1767 2755 1850 2785 velut
1872 2765 1939 2795 quae
1952 2756 2079 2797 illiusfit
2092 2781 2113 2798 „

1223 2806 1343 2840 accepta
1362 2798 1592 2841 &approbatas
1622 2800 1773 2842 Ejusdem
1798 2801 1871 2836 libri
1891 2803 1967 2837 finis
1989 2803 2104 2841 diserte

1224 2849 1361 2882 affirmat
1385 2848 1483 2891 ipsam
1505 2849 1568 2883 esse
1590 2850 1842 2893 sanetiJoannis
1867 2852 2101 2899 Evangelistae.

1226 2899 1267 2932 Et
1280 2899 1429 2941 scriptam
1442 2899 1475 2932 in
1489 2898 1632 2934 Pathmo
1643 2925 1650 2933 .
1669 2901 1720 2933 Ex
1733 2912 1799 2943 quo
1811 2901 1898 2939 lucet
1910 2906 2009 2947 ipsam
2024 2907 2103 2941 sem-

1226 2959 1279 2991 per
1299 2948 1392 2982 suiffe
1412 2948 1446 2981 in
1481 2948 1622 2983 Canone
1645 2950 1855 2994 AEgyptiacae
1892 2954 2102 2990 Dioeceseos.

1227 2997 1421 3032 Athanasius
1440 2999 1530 3033 enim
1545 3001 1669 3035 secutus
1681 3001 1724 3034 est
1740 3002 1870 3046 vestigia
1882 3003 2102 3040 Alexandrini

1225 3049 1408 3083 Clementis
1424 3073 1435 3089 ‚
1461 3048 1567 3084 Sanffl
1590 3049 1782 3086 Patriarchae
1794 3053 1948 3097 Dionysii
1968 3080 1978 3095 ,
2005 3067 2103 3100 atque

1224 3099 1403 3144 Origenis‚
1425 3099 1659 3144 Apocalypfim
1678 3100 1841 3136 laudantis
1863 3106 1960 3138 etiam
1980 3106 2014 3138 in
2028 3105 2104 3140 Phi·

1223 3148 1362 3189 localia,
1388 3161 1426 3183 ac
1445 3149 1478 3182 in
1503 3149 1574 3184 aliis
1592 3151 1690 3184 locis.
1719 3152 1763 3186 Et
1784 3152 1818 3186 in
1841 3154 1932 3188 sexto
1954 3150 2038 3189 li'bro
2063 3156 2104 3191 de

1223 3200 1418 3235 adoratione
1435 3199 1468 3231 in
1482 3200 1592 3241 spiritu
1612 3201 1645 3234 δε
1659 3201 1793 3236 veritate
1806 3203 1938 3238 Sanctus
1961 3204 2104 3246 ejusdem

1225 3248 1381 3286 Dioecelis
1392 3248 1579 3283 Patriarcha
1592 3250 1738 3292 Cyrillus
1760 3252 1888 3287 scribit:
1912 3258 2054 3299 Joannes
2067 3258 2106 3289 il·
2127 3248 2200 3284 0²9¹
2217 3256 2284 3276 ¹·2·

1224 3303 1252 3334 le
1268 3299 1391 3344 sapiens
1417 3299 1594 3342 Apocalypfis
1613 3301 1740 3335 libellum
1763 3301 1924 3346 conscripfit
1935 3328 1946 3344 ,
1971 3311 2023 3347 qul
2047 3309 2107 3339 Pa·
2125 3288 2187 3318 ἤι’
2199 3290 2263 3317 ¹⁸⁸*

1225 3360 1308 3385 trum
1327 3351 1443 3393 judicio
1460 3350 1660 3392 comprobatus
1682 3351 1737 3391 est.
1769 3352 1812 3387 Et
1837 3353 1871 3387 in
1890 3355 1968 3389 novi
1993 3355 2106 3390 Testa-

1625 3401 1657 3436 A
1678 3412 1696 3437 a
1747 3413 1769 3439 2
1966 3416 2056 3439 men-
