2346 3724
135 1013 208 1051 Cap.
220 1022 261 1051 13.
279 1017 310 1041 to
320 1006 513 1040 bebdomadae
524 1005 631 1037 circulo
641 1028 651 1044 ,
678 1004 741 1036 ciem
752 1003 880 1046 rediiffet
892 1003 952 1035 dies
969 1006 1141 1037 Dominicus
1153 1028 1163 1044 ,

130 2096 194 2129 Sess
207 2107 249 2134 23.

129 2149 195 2177 cap·
206 2142 249 2170 16.

365 108 461 179 3&4
881 115 1107 162 Seu

283 198 392 237 aliud.
420 198 511 247 Qia
524 194 639 243 nempe
650 196 828 241 loquuntur
839 196 880 233 de
890 198 952 231 alia
965 199 1035 232 faeti
1049 199 1151 243 specie
1167 222 1172 229 .

289 252 489 294 Loquuntur
501 249 542 284 de
553 247 732 284 Monachis
743 259 847 290 neque
869 248 910 282 ad
925 248 1073 283 Ecclefiae
1084 273 1094 290 ‚
1123 259 1173 282 ne-

289 311 354 344 que
371 298 411 334 ad
425 298 620 335 Monasterii
631 298 778 333 officium
793 298 1007 332 consecratis.
1034 300 1088 333 De
1097 310 1173 333 con·

287 351 417 386 sectaris
437 350 478 386 ad
500 348 747 385 valedicendum
770 346 974 382 Monasterio
994 373 1005 388 ,
1030 348 1065 382 ὅ(
1088 349 1171 383 nulli

287 402 532 437 deserviendum
548 399 709 434 Ecclefiae.
738 396 792 431 Ad
804 395 954 432 liberrimi.
966 398 1170 446 vagandum.

287 452 452 488 Gnostico
464 461 554 487 more
564 475 571 483 .

337 503 527 539 Monacbos
538 500 578 535 ad
598 497 644 534 sui
658 498 854 533 Monasterii
871 498 1004 534 titulum
1026 499 1168 534 ordinati

286 564 494 598 nequaquam
517 550 672 589 induxit,
700 549 752 582 sed
776 550 986 585 solummodo
1008 550 1147 584 firmavit
1161 574 1170 590 ,

285 606 320 640 ἀ
332 606 372 639 ad
383 613 519 639 omnem
540 600 713 635 Ecclesiam
733 600 882 634 extendit
893 600 1170 635 Chalcedonenfis

286 654 460 698 Synodus.
491 652 620 687 Etistos
631 649 813 686 Ordinatos
827 651 912 684 tanti
934 650 1082 684 fecerunt
1104 661 1167 684 ma-

285 706 344 750 gni
372 703 541 746 &antiqui
571 700 744 743 Episcopi,
770 711 806 734 ut
825 700 911 745 ipsos
923 700 1063 734 solemni
1084 700 1167 734 intra

285 753 449 799 publicam
473 752 623 786 Ecclefiae
646 750 876 794 Apparituram
888 751 969 786 Sede
988 749 1169 785 honorave-

284 806 371 840 rint.
400 807 447 838 lta
468 804 546 837 fecit
559 801 732 836 Flavianus
754 800 943 836 Patriarcba
956 798 1165 835 Ant'iochiae.

283 855 420 890 Testem
431 853 560 888 adduco
571 852 753 896 religiosam
765 851 975 886 Theodoreti
988 850 1168 890 historiam,

281 916 352 950 quae
362 906 402 940 de
413 903 624 939 Anachoreta
647 900 869 942 Macedonio,
897 913 952 946 per
971 902 1165 951 Flavianum

281 958 472 991 consecrato
485 954 519 988 in
534 952 782 995 Presbyterum,
811 951 876 986 haec
896 953 1026 986 scribit:
1054 955 1164 995 Exple

279 1058 488 1091 Macedonium
499 1056 604 1088 rursus
622 1063 725 1087 evocat
748 1065 874 1096 magnus
896 1053 1094 1093 Flavianus,
1120 1065 1161 1086 ro·

273 1118 390 1155 gaique
409 1117 442 1141 ut
459 1106 621 1140 celebritati
644 1115 709 1137 cum
729 1102 796 1146 ipfis
818 1102 932 1144 intersit
944 1127 952 1135 .
976 1106 1053 1137 Tum
1062 1105 1111 1137 ille
1121 1105 1164 1135 ati

278 1172 325 1194 eos
340 1184 349 1200 ‚
375 1165 426 1202 qui
449 1165 600 1192 venerant
626 1179 636 1194 ,
662 1160 731 1186 ait:
763 1158 809 1186 An
830 1153 917 1187 vobis
940 1165 999 1186 non
1015 1152 1161 1196 sufficiunt

276 1222 343 1253 quae
349 1211 420 1251 jam
433 1207 499 1240 abia
508 1205 579 1249 sunt
596 1230 605 1245 ,
627 1203 686 1247 sed
696 1205 802 1237 iterum
822 1215 868 1237 me
893 1204 989 1237 vultis
1012 1204 1151 1244 Presbyte

275 1273 343 1295 rum
366 1269 464 1293 creare
477 1258 493 1289 ?
521 1262 560 1292 Et
580 1254 825 1299 respondentibus
836 1254 894 1287 illis
914 1252 982 1296 fieri
999 1266 1056 1287 non
1065 1255 1158 1297 posse,

272 1322 307 1344 ut
328 1311 373 1343 his
380 1309 440 1351 fiat
451 1309 556 1341 eadem
568 1316 710 1338 manuum
723 1303 861 1345 impofitio
872 1328 883 1344 ,
910 1315 967 1337 non
986 1310 1136 1347 acquievit
1147 1329 1156 1343 ,

272 1372 324 1395 nec
342 1357 494 1400 prosedas
515 1355 552 1397 est
564 1380 574 1396 ,
601 1357 690 1387 donec
703 1355 787 1386 illum
798 1361 914 1394 tempus
943 1353 1157 1394 &familiares

271 1411 322 1444 hoc
334 1408 446 1452 saepius
459 1409 643 1440 edocuerins.
671 1403 890 1436 Macedonius
911 1412 991 1437 tunc
1004 1414 1071 1437 erat
1083 1429 1092 1443 ,
1119 1416 1156 1438 ac

269 1462 394 1503 semper
405 1459 517 1492 mansit
531 1454 739 1489 Anachoreta
756 1478 765 1492 ,
795 1454 937 1497 ideoque
948 1463 1006 1487 nec
1028 1454 1067 1488 ad
1083 1454 1156 1488 Coe-

268 1511 364 1546 nobii
387 1510 521 1543 titulum
546 1507 608 1540 fuit
630 1503 820 1538 ordinatus:
850 1504 892 1537 Et
914 1514 1024 1538 tamen
1050 1505 1155 1548 ipsum

267 1560 351 1597 adeo
363 1560 542 1594 honoravit
553 1566 664 1591 tantus
685 1554 879 1597 Episcopus.
906 1553 1015 1598 Ipsum
1038 1555 1155 1588 invita-

267 1613 316 1647 vit
328 1612 367 1646 ad
382 1612 561 1645 solemnem
586 1608 700 1641 Sedem
725 1607 759 1639 in
783 1605 849 1647 ipsa
862 1603 1074 1639 Patriarchali
1098 1605 1153 1638 Ec-

267 1662 380 1698 clesia.
411 1661 490 1703 Ejus
504 1658 663 1693 sanctitati
678 1655 761 1689 istud
772 1655 934 1688 deferebat
950 1679 956 1686 .
984 1655 1070 1702 Qae
1086 1666 1155 1689 om-

266 1714 322 1748 nia
337 1711 458 1756 largius
471 1721 549 1754 paro
559 1717 724 1752 exponere
736 1710 769 1740 in
781 1703 922 1740 Scholiis
943 1705 984 1739 ad
997 1706 1154 1741 Canones

267 1760 575 1797 Chalcedonenses.
605 1755 748 1791 Proinde
760 1756 985 1790 haereticorum
1006 1756 1153 1791 Ordina-

265 1813 316 1849 tio
329 1837 338 1853 ,
365 1822 463 1853 quam
478 1810 543 1842 fine
553 1807 636 1843 Sede
655 1806 747 1839 fuiffe
760 1806 813 1838 hic
831 1805 944 1839 scribit
955 1807 1131 1848 Septimius
1142 1831 1153 1847 ,

263 1874 334 1898 erat
346 1861 440 1896 omni
462 1858 565 1893 modo
585 1855 734 1891 absoluta
746 1879 753 1886 .
780 1852 835 1887 Ad
855 1854 982 1888 nullum
998 1854 1130 1889 titulum
1144 1880 1151 1887 .

263 1913 362 1957 Vaga
375 1912 409 1946 ἃ,
419 1907 574 1952 acephala
588 1929 595 1938 ·
625 1903 774 1938 Creatrix
787 1902 1149 1946 hippo-centaurorum.

315 1964 370 1997 Ex
384 1960 497 1996 iisdem
509 1954 678 2002 principiis
698 1951 739 1986 de
752 1952 893 1986 Clericis
911 1951 952 1986 ad
963 1954 1151 1994 patrimonii

263 2014 401 2051 titulum
411 2007 604 2046 ordinandis
613 2003 726 2039 statuit
743 2003 939 2036 sacrosansta
950 2002 1152 2037 Tridentina

265 2063 439 2110 Synodus:
470 2061 550 2095 Cum
560 2057 659 2092 nullus
672 2054 774 2088 debeat
784 2054 944 2092 ordinari,
971 2058 1023 2096 qui
1039 2054 1153 2093 iudicio

262 2116 309 2161 sui
320 2119 349 2148 E
348 2112 461 2158 piscopi
473 2108 576 2152 nonfit
586 2106 670 2141 utilis
680 2112 734 2138 aut
746 2103 918 2147 necessarius
923 2100 989 2146 suis
1004 2102 1152 2144 Eccleffis,

260 2167 371 2212 sani‘la
382 2167 401 2198 5
398 2163 515 2203 ynodus
528 2185 539 2201 ‚
550 2158 682 2203 vestigiis
690 2153 769 2200 sexti
779 2157 912 2188 canonis
925 2155 1050 2187 concilii
1061 2152 1153 2188 chal·

265 2214 429 2257 cedonenfis
453 2210 649 2248 inhaerendo,
669 2206 777 2248 statuit
796 2212 828 2238 ut
845 2203 946 2239 nullus
968 2204 1151 2247 imposterum

264 2268 439 2306 ordinetur,
466 2268 518 2306 qui
528 2263 571 2295 illi
585 2256 738 2299 Ecclesiae,
764 2264 816 2289 aut
824 2262 877 2299 pio
886 2257 966 2296 loco,
988 2264 1044 2297 pro
1065 2258 1151 2296 cujus

263 2319 425 2359 neceffitate
452 2320 505 2348 aut
515 2314 648 2346 utilitate
663 2306 830 2351 adsumitur
843 2331 855 2347 ,
881 2317 940 2339 non
949 2304 1151 2349 adscribatur,

264 2371 315 2404 ubi
338 2368 400 2411 suis
417 2365 568 2409 fungatur
589 2359 761 2394 muneribus
776 2381 787 2397 ,
813 2368 865 2390 nec
876 2361 1001 2390 incertis
1023 2366 1152 2400 vagetur

260 2419 385 2466 sedibus
398 2442 409 2458 ‚
435 2416 516 2458 quod
528 2412 559 2455 fi
574 2414 667 2446 locum
683 2406 843 2451 inconsulto
856 2405 1002 2450 Episcopo
1020 2404 1150 2448 deserue-

262 2476 329 2511 rit,
353 2475 380 2503 ei
398 2470 552 2501 sacrorum
573 2466 746 2497 exercitium
759 2459 956 2491 interdicatur
975 2481 981 2488 .
1009 2453 1152 2489 Chalceae

265 2520 447 2557 donensem
469 2516 645 2551 Canonem
664 2511 755 2555 juxta
778 2507 892 2542 Caroli
906 2507 987 2541 noni
1007 2507 1153 2540 Franco-

265 2581 338 2608 rum
350 2567 454 2611 Regis
465 2576 574 2609 preces
587 2561 682 2606 plene
695 2559 860 2595 restituere
873 2562 941 2592 non
955 2556 1063 2591 voluit
1078 2581 1089 2597 ,
1100 2556 1153 2590 sed

265 2622 309 2657 ad
321 2616 512 2664 patrimonii
524 2614 658 2647 titulum
667 2610 905 2647 Ordinationes
917 2607 1057 2651 permisit
1071 2608 1155 2641 sacra

267 2668 424 2714 Synodus
437 2690 447 2706 ,
473 2673 617 2698 attamen
642 2660 676 2694 ὃ(
686 2659 727 2693 ab
740 2658 809 2693 istis
819 2657 980 2690 ordinati-s
991 2657 1077 2699 juffit
1091 2657 1156 2691 lau-

269 2723 384 2758 datum
406 2716 580 2750 Canonem
598 2709 754 2744 custodiri
778 2732 784 2739 .
812 2708 941 2741 Omnes
966 2705 1155 2750 hujusmodi

269 2772 441 2807 ordinatos
451 2764 536 2808 juffit
547 2758 684 2796 adscribi
696 2759 736 2793 ad
747 2766 870 2793 certam
892 2755 1067 2791 Ecclefiam
1081 2781 1092 2798 ,
1118 2758 1157 2790 il·

270 2825 314 2857 lic
325 2817 482 2855 deservire
491 2813 613 2859 gratis,
639 2821 739 2855 atque
749 2810 794 2843 ita
808 2818 877 2842 non
889 2807 951 2841 effe
961 2807 1028 2841 fine
1040 2806 1150 2862 Eccle-

269 2872 337 2912 fia,
363 2870 430 2904 fine
452 2865 584 2903 Matre,
611 2862 678 2895 sine
701 2859 784 2895 Sede
804 2883 810 2889 -
839 2858 921 2892 Non
944 2858 1006 2891 effe
1038 2869 1153 2901 partim

271 2923 400 2960 laicos,
427 2916 545 2962 partim
571 2911 742 2950 Clericos,
768 2909 802 2944 id
823 2908 868 2942 est
889 2907 1035 2943 monstra
1059 2907 1156 2945 bifor-

272 2973 338 3010 mia
350 2995 362 3013 ,
387 2980 426 3005 ac
449 2966 755 3011 hippo-centauros.

447 3122 631 3166 Extorres
658 3109 737 3162 lat&
764 3126 962 3178 vagamur
977 3145 991 3157 .

327 3272 428 3305 Hanc
441 3265 581 3313 vagandi
593 3263 767 3299 libidinem
789 3260 852 3296 esse
864 3260 1021 3294 omnibus
1033 3257 1159 3293 absolu-

278 3319 310 3356 ιὲ
323 3319 481 3353 ordinatis
493 3315 629 3351 clericis
640 3323 852 3349 communem
867 3310 961 3344 novit
987 3310 1021 3343 δε
1032 3306 1159 3363 laudata

280 3366 482 3403 Tridentina
492 3365 645 3409 Synodus
657 3389 664 3397 .
689 3363 783 3396 Hinc
792 3362 882 3395 enim
892 3361 992 3394 etiam
1009 3356 1049 3391 ad
1066 3368 1160 3400 patri-

282 3414 390 3457 monii
400 3415 535 3452 titulum
544 3415 716 3449 ordinatos
728 3413 899 3450 Clericus,
925 3420 968 3443 ne
989 3412 1110 3442 incertis
1114 3406 1158 3451 se-

1182 129 1214 157 O
1286 128 1309 157 L
1380 127 1396 158 1

1466 130 1498 159 O
1571 131 1599 160 N

1237 198 1328 231 dibus
1353 209 1535 242 vagarentur
1547 224 1570 241 ‚‚
1584 199 1719 236 adscribi
1741 201 1823 246 iuffit
1839 211 1933 238 certae
1945 202 2092 239 Ecclefiae
2103 228 2115 245 ,

1238 248 1271 282 ἁ
1285 247 1379 292 hujus
1390 252 1565 284 desertores
1578 251 1726 294 suspendi
1745 253 1785 287 ab
1797 255 1889 288 omni
1901 256 2033 289 Divino
2052 258 2117 289 mi·-

1238 298 1378 333 nislerio.
1406 299 1462 334 Ab
1475 300 1588 334 iisdem
1601 301 1710 344 paffim
1721 302 1814 347 diligi
1830 306 2118 350 peregrinationes,

1235 350 1405 383 contemni
1425 351 1604 390 Canones,
1631 351 1665 385 &
1687 362 1806 385 errores
1822 355 1948 399 spargi,
1974 357 2114 390 affirmat
2129 356 2202 386 Can.
2223 359 2263 386 18.

1236 398 1314 434 item
1338 400 1494 443 Synodus
1513 400 1822 446 Regia-Ticinenfis
1841 427 1852 442 ,
1877 403 2018 449 ideoque
2038 406 2113 450 ipfis
2129 396 2219 431 &²3-

1236 449 1403 484 interdicit
1423 461 1523 486 omne
1550 452 1768 486 ministerium
1790 477 1797 485 .
1834 454 1995 499 Loquitur
2021 458 2112 491 enim

1236 500 1403 540 praesertim
1424 501 1575 536 adversus
1611 501 1873 537 Godeschalcum
1903 504 2113 542 Monachum

1233 549 1453 584 Orbacensem
1473 575 1485 592 ‚
1518 562 1617 595 quem
1643 552 1663 586 a
1688 550 1853 587 Risboldo
1878 553 2114 591 Rhemensium

1233 599 1505 645 Cher-Episcopo
1525 602 1654 636 constat
1673 601 2031 640 absolute-ordinatum.
2060 609 2113 642 De

1233 650 1347 684 iisdem
1363 649 1462 684 habet
1482 662 1596 695 quarta
1606 652 1774 687 Toletana
1787 655 1959 695 Synodus:
1988 659 2045 689 Per
2067 660 2113 691 di·
2129 661 2187 691 Lib.
2210 672 2236 691 ι.

1231 698 1317 743 versa
1334 702 1397 734 loca
1422 707 1494 745 vagi
1517 701 1659 742 feruntur
1682 728 1689 735 .
1726 703 1771 737 Et
1792 703 1926 738 Sanetus
1949 705 2218 741 lfidorus21-'25‘3-
2272 743 2285 749 ,

1230 753 1248 782 5
1250 752 1341 784 olutos
1368 761 1460 794 atque
1469 751 1640 786 oberrantes
1647 751 1712 795 sola
1723 765 1805 797 vaga
1817 759 1884 787 vita
1892 757 2089 798 complec‘litur
2101 783 2108 790 .

1231 801 1340 835 Etiam
1355 800 1591 843 petronianus,
1620 814 1719 846 quem
1731 814 1852 850 vagum
1880 805 2047 850 &semper
2057 806 2111 840 Er·

1228 862 1342 886 sonem
1356 854 1598 887 communione
1611 854 1725 897 privari
1739 865 1791 898 per
1804 855 2016 890 Ravennium
2032 857 2111 892 Are-

1227 901 1379 936 latensem
1403 901 1739 948 Archi-Episcopum
1769 905 1939 941 mandavit
1960 906 2108 953 Magnus

1226 951 1312 995 Papa
1335 953 1422 994 Leo,
1449 952 1672 988 eratabsolute
1692 953 1878 989 ordinatus.
1908 956 2001 991 Hinc
2013 959 2106 993 enim
2123 967 2278 1006 Enist.107.

1224 1002 1255 1035 fe
1265 1002 1482 1038 mentiebatur
1496 1003 1687 1038 Diaconum
1701 1005 1862 1040 Romanae
1877 1006 2042 1041 Ecclefiae.
2066 1008 2106 1042 Et
2147 1002 2156 1007 ⁵

1223 1051 1428 1095 Leptinenfis
1439 1053 1496 1087 sub
1512 1053 1657 1097 Pippino
1679 1056 1879 1090 Francorum
1898 1056 1991 1103 Rege
2001 1059 2110 1101 Syno·
2127 1089 2148 1097 Α

1221 1101 1282 1135 dus
1292 1102 1420 1136 statuit:
1447 1108 1557 1137 Omnes
1568 1105 1766 1147 undecumque
1787 1112 1944 1140 venientes
1968 1107 2107 1150 Episcopi
2125 1095 2237 1123 '⁹²¹¹'4‘

1221 1157 1314 1194 ignoti
1338 1154 1392 1185 vel
1400 1153 1564 1190 Presbyteri
1571 1163 1644 1188 ante
1660 1155 1868 1196 probationem
1893 1158 2062 1195 synodalem
2073 1164 2105 1191 in

1222 1201 1446 1244 Ecclefiastlcum
1463 1202 1656 1242 ministerium
1677 1216 1735 1237 non
1747 1206 1971 1238 admittantur.
2002 1207 2107 1254 Qtod

1221 1252 1327 1294 ipsum
1344 1253 1474 1296 repetiit
1495 1253 1725 1288 Sueffionenfis
1744 1254 1803 1288 sub
1814 1253 1931 1288 eodem
1944 1253 2037 1300 Rege
2051 1257 2110 1299 Sy·
2123 1281 2187 1311 Can
2207 1288 2236 1318 ς.

1222 1302 1328 1335 nodus
1348 1328 1355 1335 .
1385 1302 1527 1337 Addidit
1548 1303 1800 1338 Vermerienfis:
1828 1309 1866 1338 Ut
1881 1304 1925 1337 ab
1945 1304 2106 1350 Episcopis
2191 1301 2199 1312 ’

1218 1352 1440 1386 ambulantibus
1458 1361 1516 1395 per
1537 1355 1663 1387 Patr-ias
1688 1355 1846 1390 Ordinatio
1866 1355 2105 1394 Presbyterorum

1218 1413 1276 1435 non
1291 1402 1371 1444 fiat;
1390 1402 1423 1445 fi
1437 1412 1537 1437 autem
1557 1403 1626 1438 boni
1637 1404 1697 1445 fine
1715 1406 1760 1438 illi
1781 1404 1968 1446 Presbyteri,
1994 1408 2102 1440 iterum

1215 1450 1416 1495 consecrentur
1437 1478 1444 1485 .
1471 1452 1574 1500 Qod
1596 1454 1700 1499 ipsum
1725 1454 1934 1491 confirmavit
1961 1456 1994 1490 &
2020 1456 2101 1491 Ver-

1219 1503 1324 1537 nenfis
1346 1503 1500 1546 Synodus
1520 1527 1531 1543 ,
1555 1504 1722 1539 adducens
1742 1506 1871 1540 causam
1893 1530 1905 1547 ,
1932 1505 2021 1547 quod
2046 1506 2101 1541 isti

1217 1561 1364 1597 vagantes
1377 1552 1519 1598 Epist-opi
1543 1565 1596 1588 nec
1607 1555 1767 1588 parochias
1783 1555 1913 1590 babeant
1925 1580 1936 1596 ‚
1962 1567 2014 1590 nec
2024 1554 2103 1600 scia·

1217 1614 1284 1636 mus
1296 1605 1508 1638 ordinationes
1525 1615 1623 1638 eorum
1633 1607 1760 1648 qualiter
1775 1604 1857 1648 fine.
1885 1607 2033 1641 Omnem
2054 1607 2104 1651 ip-

1215 1652 1326 1687 sorum
1336 1654 1540 1689 defensorem
1561 1656 1696 1690 mandat
1706 1656 2008 1691 excommunicari.
2035 1656 2104 1691 Ex·

1215 1704 1313 1746 ponit
1325 1705 1395 1739 secu
1401 1704 1464 1739 nda
1474 1705 1629 1749 Synodus
1637 1706 1863 1741 Cabilonensis
1873 1719 1885 1740 .·
1910 1707 2029 1740 suntin
2037 1712 2103 1750 qui·
2119 1694 2194 1726 ‘3²¹¹'
2205 1704 2254 1734 ⁴3·

1214 1749 1340 1796 busdam
1352 1755 1421 1788 locis
1433 1757 1508 1789 Scoti
1520 1780 1531 1796 ‚
1556 1761 1610 1799 qui
1625 1754 1658 1799 se
1667 1758 1771 1790 dicunt
1792 1754 1954 1799 Episi‘opos
1964 1757 2017 1800 effe
2029 1782 2040 1798 ,
2065 1759 2101 1792 Θ

1213 1804 1321 1838 multos
1334 1807 1511 1849 negligentes
1523 1829 1535 1846 ,
1561 1806 1671 1850 absque
1687 1809 1809 1840 licentia
1831 1810 2022 1839 Dominarum
2034 1804 2099 1849 fito-

1214 1864 1279 1885 rum
1301 1853 1356 1896 seu
1366 1854 1589 1902 mgistrorum,
1618 1857 1805 1893 Presbytero:
1831 1857 1866 1889 6·
1890 1858 2035 1889 Diaconos
2053 1868 2100 1889 or-

1214 1904 1328 1936 dinant
1340 1928 1347 1936 .
1375 1906 1513 1947 ,Quorum
1523 1904 1772 1945 ordinationem,
1803 1908 1874 1947 quia
1879 1906 2051 1948 pleramque
2065 1911 2100 1940 in

1212 1954 1410 1985 simoniacam
1435 1955 1542 1985 incidit
1557 1952 1689 1992 baerefim
1713 1977 1723 1992 ,
1764 1956 1799 1987 δ’
1825 1955 1931 1987 multis
1949 1955 2098 1990 erroribus

1195 2010 1197 2045 ζ
1208 1998 1365 2042 subjacet,
1391 2000 1487 2033 modis
1511 2000 1645 2034 omnibus
1670 2006 1791 2035 irritam
1806 1999 1875 2042 fieri
1889 2003 2017 2044 debere,
2041 2017 2099 2038 om-

1194 2046 1198 2087 i
1214 2061 1266 2084 nes
1276 2060 1334 2084 uno
1345 2048 1484 2095 consensu
1496 2051 1701 2086 decrevimus.
1729 2051 1913 2093 Antiquam
1939 2051 1974 2096 q&
1994 2051 2100 2087 betro-

1214 2101 1327 2137 clitam
1351 2124 1362 2142 ,
1387 2101 1495 2136 Scotis
1519 2111 1558 2135 ac
1573 2100 1730 2135 Hibernis
1753 2101 1770 2135 ὲ
1786 2102 1903 2136 Sancto
1922 2101 2104 2138 Columba·

1215 2162 1260 2186 no
1274 2151 1418 2194 Hyenfis
1440 2151 1635 2185 Monasterii
1653 2151 1841 2187 Fundatore
1859 2151 1994 2193 datam,
2020 2153 2103 2190 Hie-

1214 2201 1374 2236 rarchiam
1385 2201 1539 2237 describit
1558 2201 1592 2235 in
1616 2201 1707 2236 libris
1729 2201 1770 2238 de
1779 2201 1848 2244 ejus
1858 2201 1927 2236 vita
1938 2201 2105 2237 Adaman-

1193 2263 1274 2324 *nus
1297 2253 1435 2287 Scotus:
1462 2249 1576 2294 Hyense
1599 2251 1826 2293 nonasterium,
1852 2257 1884 2284 in
1907 2262 1961 2295 quo
1987 2251 2048 2296 ipse
2059 2255 2103 2286 re‘-

1214 2300 1335 2346 quiescit
1354 2310 1470 2344 corpore
1493 2327 1504 2342 ,
1546 2310 1627 2335 inter
1646 2309 1746 2336 omnia
1772 2304 1979 2344 Principatum
2002 2312 2101 2337 renes.

1192 2329 1198 2400 i
1214 2353 1330 2387 Habere
1342 2362 1443 2387 autem
1449 2351 1523 2396 solet
1542 2351 1608 2395 ipsa
1619 2352 1719 2396 Insula
1734 2353 1897 2387 {tenorem
1914 2351 2032 2396 semper
2044 2354 2102 2385 Ab·

1193 2405 1197 2427 ³
1213 2403 1314 2437 batem
1326 2404 1531 2441 Presbyterum
1543 2426 1554 2442 ,
1579 2405 1663 2443 cujus
1671 2405 1739 2444 juri
1766 2404 1800 2437 (9⁸
1813 2409 1909 2437 omnis
1923 2406 2098 2444 Provincia,

1212 2452 1411 2495 &ipfietiam
1424 2452 1589 2496 Episcopi,
1616 2454 1718 2487 ordine
1729 2452 1884 2494 inusitato,
1909 2453 2035 2486 debeant
2059 2452 2102 2496 es-

1209 2501 1241 2547 se
1249 2502 1375 2547 [κὶ,ρεέῆ
1389 2527 1400 2544 ,
1418 2505 1517 2545 juxta
1537 2505 1706 2544 exemplum
1723 2507 1819 2544 primi
1841 2502 1975 2534 nonoris
1988 2504 2071 2535 illius
2085 2527 2098 2542 ‚

1214 2562 1265 2598 qui
1285 2565 1344 2587 non
1366 2552 1550 2596 Episcopus,
1571 2551 1632 2595 sed
1645 2552 1797 2591 Presbner
1807 2550 1920 2591 exstitit
1944 2553 1978 2585 <¹5
1996 2555 2101 2585 Mona-

1215 2604 1286 2638 chus
1300 2629 1306 2635 .
1333 2603 1376 2636 Et
1402 2605 1435 2637 in
1449 2602 1536 2638 edita
1546 2614 1651 2646 'nuper
1673 2614 1728 2646 per
1740 2601 1967 2637 Abrahamum
1979 2602 2104 2636 Webe-

1214 2656 1324 2688 locum
1339 2652 1569 2698 Chronologia
1584 2652 1747 2687 Saxonica
1760 2651 1970 2686 Venerabilis
1991 2650 2077 2686 Beda
2088 2664 2100 2684 z

1218 2705 1338 2747 Praeesse
1348 2703 1435 2737 debet
1451 2701 1569 2746 semper
1578 2707 1610 2735 ln
1631 2702 1686 2737 bac
1711 2699 1814 2746 Insula
1827 2703 1926 2735 abbas
1939 2726 1950 2742 ,
1978 2713 2035 2735 non
2045 2713 2101 2735 au·
2117 2722 2174 2750 An,
2189 2721 2251 2755 553‘

1214 2765 1273 2789 tem
1288 2752 1451 2797 Episcopus
1463 2776 1474 2793 ‚
1499 2759 1545 2787 cui
1561 2756 1650 2795 porro
1674 2764 1774 2786 omnes
1795 2755 1941 2786 Scotorum
1961 2751 2104 2795 Episcopi

1210 2804 1318 2849 subjici
1340 2804 1448 2838 debent
1468 2828 1480 2845 ,
1506 2809 1647 2845 quoniam
1667 2801 1868 2837 columbanus
1898 2802 1999 2836 Abbae
2012 2801 2105 2844 fuit,

1217 2868 1275 2889 non
1290 2852 1456 2898 Episcopus
1469 2878 1476 2886 .
1504 2853 1579 2887 Istic
1592 2864 1661 2887 non
1674 2853 1715 2888 ad
1726 2863 1828 2888 certas
1838 2852 1934 2888 Sedes
1960 2863 1998 2887 ac
2011 2851 2104 2887 Dioe·

1215 2907 1301 2940 ceses
1312 2928 1323 2945 ,
1350 2904 1404 2940 sed
1418 2904 1458 2938 ad
1473 2904 1577 2937 solum
1591 2902 1650 2938 sub
1663 2901 1793 2938 Abbate
1805 2903 1966 2937 honorem
1976 2903 2013 2937 ²&
2026 2903 2107 2937 obe-

1217 2956 1377 2990 dientiam
1387 2953 1661 2990 consecrabantur
1674 2953 1828 2997 Episcopi
1841 2977 1852 2993 ‚
1865 2964 1948 2998 quos
1963 2952 2018 2987 ille
2030 2964 2106 2997 prae-

1216 3006 1381 3040 dicaturos
1401 3004 1550 3039 mittebat
1574 3014 1633 3048 pro
1655 3003 1792 3038 arbitrio
1803 3003 1902 3039 etiam
1924 3002 1965 3037 ad
1977 3012 2107 3037 exteras

1217 3068 1346 3101 gentes.
1374 3053 1477 3090 Ροι-ῐό
1490 3055 1653 3089 noviffimi
1678 3055 1877 3088 Francorum
1898 3051 2103 3098 Merovingii

1218 3108 1327 3152 Reges
1350 3105 1417 3140 labi
1439 3104 1526 3148 apud
1539 3116 1600 3139 nos
1619 3105 1833 3148 permiserunt
1844 3114 1980 3139 omnem
1994 3101 2104 3138 Eccle-

1191 3164 1197 3166 “
1218 3157 1373 3192 fiasticam
1385 3155 1589 3199 disciplinam
1616 3155 1650 3189 dc
1676 3153 1982 3191 Christianitatem›
2006 3159 2104 3193 atque

1219 3209 1263 3241 ita
1286 3218 1367 3242 tunc
1392 3206 1498 3250 plures
1521 3205 1612 3240 istius
1623 3204 1754 3249 generis
1767 3204 1920 3248 Episcopi
1943 3203 2106 3235 intrarunt

1220 3257 1346 3291 nostras
1360 3255 1532 3300 Regiones
1559 3268 1567 3287 :
1602 3254 1752 3302 deam
1774 3255 1815 3288 ad
1839 3249 2077 3297 praedicandum
2093 3273 2106 3290 2

1221 3308 1355 3350 quidam
1368 3305 1408 3341 ad
1422 3305 1610 3350 vagandum
1631 3306 1666 3339 dc
1677 3303 1860 3347 implendos
1870 3299 1997 3333 loculos
2010 3323 2017 3330 .
2044 3298 2110 3332 Hi-

1221 3357 1313 3391 berni
1337 3352 1467 3400 propter
1491 3356 1612 3399 priores
1635 3356 1804 3398 goriantur
1826 3346 2109 3382 Christianitatem

1222 3407 1306 3451 apud
1327 3416 1390 3442 nos
1401 3404 1494 3441 fuisse
1517 3413 1695 3449 reparatam
1717 3401 1735 3434 a
1748 3398 1811 3434 suis
1823 3398 2032 3483 Majorilhus,
2058 3408 2112 3443 po-

1983 3458 2063 3483 erio·
