<?xml version="1.0" encoding="UTF-8"?>
<!DOCTYPE html PUBLIC "-//W3C//DTD XHTML 1.0 Transitional//EN"
    "http://www.w3.org/TR/xhtml1/DTD/xhtml1-transitional.dtd">
<html xmlns="http://www.w3.org/1999/xhtml" xml:lang="en" lang="en">
 <head>
  <title>
</title>
<meta http-equiv="Content-Type" content="text/html;charset=utf-8" />
  <meta name='ocr-system' content='tesseract 3.04.00' />
  <meta name='ocr-capabilities' content='ocr_page ocr_carea ocr_par ocr_line ocrx_word'/>
</head>
<body>
  <div class='ocr_page' id='page_1' title='image "./operaomniastudio09lupuuoft_0360.png"; bbox 0 0 2346 3724; ppageno 0'>
   <div class='ocr_carea' id='block_1_1' title="bbox 405 143 1209 202">
    <p class='ocr_par' dir='ltr' id='par_1_1' title="bbox 405 143 1209 202">
     <span class='ocr_line' id='line_1_1' title="bbox 405 143 1209 202; baseline -0.024 0"><span class='ocrx_word' id='word_1_1' title='bbox 405 146 495 202; x_wconf 73' lang='lat'>353</span> <span class='ocrx_word' id='word_1_2' title='bbox 882 143 1209 188; x_wconf 66' lang='lat' dir='ltr'>Seno</span> 
     </span>
    </p>
   </div>
   <div class='ocr_carea' id='block_1_2' title="bbox 331 221 1210 321">
    <p class='ocr_par' dir='ltr' id='par_1_2' title="bbox 331 221 1210 321">
     <span class='ocr_line' id='line_1_2' title="bbox 331 221 1210 268; baseline -0.007 -7"><span class='ocrx_word' id='word_1_3' title='bbox 331 237 381 261; x_wconf 78' lang='lat' dir='ltr'>ras</span> <span class='ocrx_word' id='word_1_4' title='bbox 409 237 447 259; x_wconf 88' lang='lat' dir='ltr'>ac</span> <span class='ocrx_word' id='word_1_5' title='bbox 467 235 573 268; x_wconf 84' lang='lat' dir='ltr'>preces</span> <span class='ocrx_word' id='word_1_6' title='bbox 594 224 816 262; x_wconf 71' lang='lat' dir='ltr'>inhonorasset</span> <span class='ocrx_word' id='word_1_7' title='bbox 837 249 847 265; x_wconf 94' lang='lat'>,</span> <span class='ocrx_word' id='word_1_8' title='bbox 874 224 966 258; x_wconf 79' lang='lat' dir='ltr'>fuiffe</span> <span class='ocrx_word' id='word_1_9' title='bbox 994 223 1171 267; x_wconf 66' lang='lat' dir='ltr'>percussum</span> <span class='ocrx_word' id='word_1_10' title='bbox 1194 221 1210 254; x_wconf 75' lang='grc' dir='ltr'>ὲ</span> 
     </span>
     <span class='ocr_line' id='line_1_3' title="bbox 332 273 1209 321; baseline -0.007 -10"><span class='ocrx_word' id='word_1_11' title='bbox 332 278 485 311; x_wconf 89' lang='lat' dir='ltr'>Domino</span> <span class='ocrx_word' id='word_1_12' title='bbox 498 276 592 317; x_wconf 86' lang='lat' dir='ltr'>Deo,</span> <span class='ocrx_word' id='word_1_13' title='bbox 619 289 656 312; x_wconf 85' lang='lat' dir='ltr'>ac</span> <span class='ocrx_word' id='word_1_14' title='bbox 669 277 819 310; x_wconf 84' lang='lat' dir='ltr'>miserum</span> <span class='ocrx_word' id='word_1_15' title='bbox 833 274 1005 308; x_wconf 80' lang='lat' dir='ltr'>interiisse.</span> <span class='ocrx_word' id='word_1_16' title='bbox 1030 273 1133 321; x_wconf 73' lang='lat' dir='ltr'>ond</span> <span class='ocrx_word' id='word_1_17' title='bbox 1152 274 1209 306; x_wconf 67' lang='lat' dir='ltr'>lm&gt;</span> 
     </span>
    </p>
   </div>
   <div class='ocr_carea' id='block_1_3' title="bbox 1282 156 1592 187">
    <p class='ocr_par' dir='ltr' id='par_1_3' title="bbox 1282 156 1592 187">
     <span class='ocr_line' id='line_1_4' title="bbox 1282 156 1592 187; baseline 0.006 -2"><span class='ocrx_word' id='word_1_18' title='bbox 1282 157 1303 185; x_wconf 87' lang='lat' dir='ltr'>L</span> <span class='ocrx_word' id='word_1_19' title='bbox 1377 158 1391 186; x_wconf 90' lang='lat'>1</span> <span class='ocrx_word' id='word_1_20' title='bbox 1463 156 1494 187; x_wconf 91' lang='lat'><em>0</em></span> <span class='ocrx_word' id='word_1_21' title='bbox 1565 159 1592 187; x_wconf 89' lang='lat' dir='ltr'>N</span> 
     </span>
    </p>
   </div>
   <div class='ocr_carea' id='block_1_4' title="bbox 1254 223 2153 323">
    <p class='ocr_par' dir='ltr' id='par_1_4' title="bbox 1254 223 2153 323">
     <span class='ocr_line' id='line_1_5' title="bbox 1254 223 2153 303; baseline 0.017 -47"><span class='ocrx_word' id='word_1_22' title='bbox 1254 224 1326 303; x_wconf 63' lang='lat' dir='ltr'>¹tiae</span> <span class='ocrx_word' id='word_1_23' title='bbox 1343 223 1527 258; x_wconf 70' lang='lat' dir='ltr'>testimonii</span> <span class='ocrx_word' id='word_1_24' title='bbox 1550 238 1587 259; x_wconf 78' lang='lat' dir='ltr'>ac</span> <span class='ocrx_word' id='word_1_25' title='bbox 1600 228 1747 273; x_wconf 79' lang='lat' dir='ltr'>exempla</span> <span class='ocrx_word' id='word_1_26' title='bbox 1769 231 1842 266; x_wconf 89' lang='lat' dir='ltr'>sunt</span> <span class='ocrx_word' id='word_1_27' title='bbox 1853 231 1916 266; x_wconf 83' lang='lat' dir='ltr'>sine</span> <span class='ocrx_word' id='word_1_28' title='bbox 1928 244 2080 268; x_wconf 86' lang='lat' dir='ltr'>numero.</span> <span class='ocrx_word' id='word_1_29' title='bbox 2111 236 2153 271; x_wconf 87' lang='lat' dir='ltr'>Et</span> 
     </span>
     <span class='ocr_line' id='line_1_6' title="bbox 1255 273 2153 323; baseline 0.016 -16"><span class='ocrx_word' id='word_1_30' title='bbox 1255 304 1257 311; x_wconf 23' lang='grc' dir='ltr'>λ</span> <span class='ocrx_word' id='word_1_31' title='bbox 1275 273 1352 309; x_wconf 87' lang='lat' dir='ltr'>hinc</span> <span class='ocrx_word' id='word_1_32' title='bbox 1372 275 1567 316; x_wconf 80' lang='lat' dir='ltr'>Gnostic0s‚</span> <span class='ocrx_word' id='word_1_33' title='bbox 1593 278 1682 320; x_wconf 90' lang='lat' dir='ltr'>quod</span> <span class='ocrx_word' id='word_1_34' title='bbox 1706 278 1885 322; x_wconf 82' lang='lat' dir='ltr'>Praepositis</span> <span class='ocrx_word' id='word_1_35' title='bbox 1903 284 1989 323; x_wconf 88' lang='lat' dir='ltr'>suis,</span> <span class='ocrx_word' id='word_1_36' title='bbox 2015 285 2063 318; x_wconf 89' lang='lat' dir='ltr'>uti</span> <span class='ocrx_word' id='word_1_37' title='bbox 2078 288 2153 320; x_wconf 88' lang='lat' dir='ltr'>nul-</span> 
     </span>
    </p>
   </div>
   <div class='ocr_carea' id='block_1_5' title="bbox 331 312 2152 371">
    <p class='ocr_par' dir='ltr' id='par_1_5' title="bbox 331 312 2152 371">
     <span class='ocr_line' id='line_1_7' title="bbox 331 312 2152 371; baseline 0.006 -11"><span class='ocrx_word' id='word_1_38' title='bbox 331 337 459 371; x_wconf 83' lang='lat' dir='ltr'>perator</span> <span class='ocrx_word' id='word_1_39' title='bbox 470 326 683 361; x_wconf 83' lang='lat' dir='ltr'>Constantius</span> <span class='ocrx_word' id='word_1_40' title='bbox 694 325 860 359; x_wconf 71' lang='lat' dir='ltr'>sacerdot-es</span> <span class='ocrx_word' id='word_1_41' title='bbox 882 322 971 366; x_wconf 83' lang='lat' dir='ltr'>osculo</span> <span class='ocrx_word' id='word_1_42' title='bbox 987 329 1132 366; x_wconf 82' lang='lat' dir='ltr'><em>exciperet</em></span> <span class='ocrx_word' id='word_1_43' title='bbox 1141 348 1152 363; x_wconf 91' lang='lat'>‚</span> <span class='ocrx_word' id='word_1_44' title='bbox 1180 333 1212 354; x_wconf 87' lang='lat' dir='ltr'>ac</span> <span class='ocrx_word' id='word_1_45' title='bbox 1255 312 1258 327; x_wconf 67' lang='lat'><strong>¹</strong></span> <span class='ocrx_word' id='word_1_46' title='bbox 1273 324 1338 359; x_wconf 74' lang='lat' dir='ltr'>lam</span> <span class='ocrx_word' id='word_1_47' title='bbox 1350 326 1580 360; x_wconf 75' lang='lat' dir='ltr'>authoritatem</span> <span class='ocrx_word' id='word_1_48' title='bbox 1592 352 1602 367; x_wconf 89' lang='lat'>‚</span> <span class='ocrx_word' id='word_1_49' title='bbox 1630 327 1675 360; x_wconf 89' lang='lat' dir='ltr'>ita</span> <span class='ocrx_word' id='word_1_50' title='bbox 1687 328 1720 361; x_wconf 71' lang='grc' dir='ltr'>ὃς</span> <span class='ocrx_word' id='word_1_51' title='bbox 1733 330 1856 364; x_wconf 89' lang='lat' dir='ltr'>nullam</span> <span class='ocrx_word' id='word_1_52' title='bbox 1869 336 2080 370; x_wconf 88' lang='lat' dir='ltr'>reverentiam</span> <span class='ocrx_word' id='word_1_53' title='bbox 2092 348 2152 370; x_wconf 75' lang='grc' dir='ltr'>ηο·</span> 
     </span>
    </p>
   </div>
   <div class='ocr_carea' id='block_1_6' title="bbox 321 372 1208 1070">
    <p class='ocr_par' dir='ltr' id='par_1_6' title="bbox 321 372 1208 1070">
     <span class='ocr_line' id='line_1_8' title="bbox 332 372 1207 420; baseline -0.008 -9"><span class='ocrx_word' id='word_1_54' title='bbox 332 376 456 420; x_wconf 76' lang='lat' dir='ltr'>ipsbrum</span> <span class='ocrx_word' id='word_1_55' title='bbox 475 377 668 411; x_wconf 73' lang='lat' dir='ltr'>benedte‘ltom·</span> <span class='ocrx_word' id='word_1_56' title='bbox 686 382 774 416; x_wconf 86' lang='lat' dir='ltr'>caput</span> <span class='ocrx_word' id='word_1_57' title='bbox 791 373 981 416; x_wconf 82' lang='lat' dir='ltr'><em>submitteret</em></span> <span class='ocrx_word' id='word_1_58' title='bbox 1002 398 1012 413; x_wconf 88' lang='lat'>‚</span> <span class='ocrx_word' id='word_1_59' title='bbox 1041 372 1150 408; x_wconf 86' lang='lat' dir='ltr'>laudat</span> <span class='ocrx_word' id='word_1_60' title='bbox 1174 373 1207 405; x_wconf 91' lang='lat' dir='ltr'>in</span> 
     </span>
     <span class='ocr_line' id='line_1_9' title="bbox 333 423 1208 467; baseline -0.009 -4"><span class='ocrx_word' id='word_1_61' title='bbox 333 431 392 463; x_wconf 84' lang='lat' dir='ltr'>suo</span> <span class='ocrx_word' id='word_1_62' title='bbox 403 427 551 463; x_wconf 76' lang='lat' dir='ltr'>adversus</span> <span class='ocrx_word' id='word_1_63' title='bbox 563 427 656 460; x_wconf 88' lang='lat' dir='ltr'>illum</span> <span class='ocrx_word' id='word_1_64' title='bbox 670 424 755 458; x_wconf 86' lang='lat' dir='ltr'>libro</span> <span class='ocrx_word' id='word_1_65' title='bbox 772 425 905 457; x_wconf 63' lang='lat' dir='ltr'>Sanetus</span> <span class='ocrx_word' id='word_1_66' title='bbox 916 423 1065 459; x_wconf 82' lang='lat' dir='ltr'>Hilarius</span> <span class='ocrx_word' id='word_1_67' title='bbox 1079 423 1208 467; x_wconf 85' lang='lat' dir='ltr'>Episco-</span> 
     </span>
     <span class='ocr_line' id='line_1_10' title="bbox 330 472 1208 525; baseline -0.009 -12"><span class='ocrx_word' id='word_1_68' title='bbox 330 490 389 525; x_wconf 84' lang='lat' dir='ltr'>pus</span> <span class='ocrx_word' id='word_1_69' title='bbox 411 476 632 512; x_wconf 69' lang='lat' dir='ltr'>Pictavienfis.</span> <span class='ocrx_word' id='word_1_70' title='bbox 663 475 705 510; x_wconf 91' lang='lat' dir='ltr'>Et</span> <span class='ocrx_word' id='word_1_71' title='bbox 725 475 757 508; x_wconf 89' lang='lat' dir='ltr'>in</span> <span class='ocrx_word' id='word_1_72' title='bbox 780 474 929 508; x_wconf 83' lang='lat' dir='ltr'>oratione</span> <span class='ocrx_word' id='word_1_73' title='bbox 940 472 981 507; x_wconf 88' lang='lat' dir='ltr'>ad</span> <span class='ocrx_word' id='word_1_74' title='bbox 1001 473 1208 508; x_wconf 83' lang='lat' dir='ltr'>Hermelium</span> 
     </span>
     <span class='ocr_line' id='line_1_11' title="bbox 329 522 1206 573; baseline -0.009 -10"><span class='ocrx_word' id='word_1_75' title='bbox 329 522 494 573; x_wconf 75' lang='lat' dir='ltr'>‚Cynicum</span> <span class='ocrx_word' id='word_1_76' title='bbox 513 525 622 560; x_wconf 81' lang='lat' dir='ltr'>scribit</span> <span class='ocrx_word' id='word_1_77' title='bbox 643 526 818 568; x_wconf 82' lang='lat' dir='ltr'>Imperator</span> <span class='ocrx_word' id='word_1_78' title='bbox 853 523 1012 568; x_wconf 79' lang='lat' dir='ltr'>Aposlata</span> <span class='ocrx_word' id='word_1_79' title='bbox 1041 524 1206 567; x_wconf 82' lang='lat' dir='ltr'>Julianus:</span> 
     </span>
     <span class='ocr_line' id='line_1_12' title="bbox 329 574 1207 621; baseline -0.011 -6"><span class='ocrx_word' id='word_1_80' title='bbox 329 584 429 615; x_wconf 81' lang='lat' dir='ltr'>Genus</span> <span class='ocrx_word' id='word_1_81' title='bbox 441 579 476 621; x_wconf 80' lang='lat' dir='ltr'>est</span> <span class='ocrx_word' id='word_1_82' title='bbox 486 578 635 621; x_wconf 82' lang='lat' dir='ltr'><em>quoddam</em></span> <span class='ocrx_word' id='word_1_83' title='bbox 647 574 796 608; x_wconf 80' lang='lat' dir='ltr'>bominum</span> <span class='ocrx_word' id='word_1_84' title='bbox 808 599 818 614; x_wconf 93' lang='lat'>‚</span> <span class='ocrx_word' id='word_1_85' title='bbox 844 586 916 617; x_wconf 67' lang='lat' dir='ltr'>quos</span> <span class='ocrx_word' id='word_1_86' title='bbox 933 574 1066 616; x_wconf 76' lang='lat' dir='ltr'><em>infelices</em></span> <span class='ocrx_word' id='word_1_87' title='bbox 1089 575 1207 606; x_wconf 81' lang='lat' dir='ltr'>Galilaei</span> 
     </span>
     <span class='ocr_line' id='line_1_13' title="bbox 330 625 1206 670; baseline -0.01 -6"><span class='ocrx_word' id='word_1_88' title='bbox 330 634 556 664; x_wconf 77' lang='lat' dir='ltr'>Renuntiatores</span> <span class='ocrx_word' id='word_1_89' title='bbox 590 628 677 670; x_wconf 64' lang='lat' dir='ltr'>vulg&amp;</span> <span class='ocrx_word' id='word_1_90' title='bbox 709 631 862 658; x_wconf 75' lang='lat' dir='ltr'>nominant</span> <span class='ocrx_word' id='word_1_91' title='bbox 882 650 890 658; x_wconf 90' lang='lat'><strong>.</strong></span> <span class='ocrx_word' id='word_1_92' title='bbox 918 628 1027 657; x_wconf 75' lang='lat' dir='ltr'>Horum</span> <span class='ocrx_word' id='word_1_93' title='bbox 1052 625 1206 666; x_wconf 74' lang='lat' dir='ltr'>plerique,</span> 
     </span>
     <span class='ocr_line' id='line_1_14' title="bbox 324 675 1205 724; baseline -0.01 -10"><span class='ocrx_word' id='word_1_94' title='bbox 324 681 476 724; x_wconf 79' lang='lat' dir='ltr'>postquam</span> <span class='ocrx_word' id='word_1_95' title='bbox 488 683 604 722; x_wconf 75' lang='lat' dir='ltr'><em>exiguis</em></span> <span class='ocrx_word' id='word_1_96' title='bbox 611 675 673 720; x_wconf 84' lang='lat' dir='ltr'>sese</span> <span class='ocrx_word' id='word_1_97' title='bbox 695 675 775 709; x_wconf 82' lang='lat' dir='ltr'>bonis</span> <span class='ocrx_word' id='word_1_98' title='bbox 791 676 998 709; x_wconf 79' lang='lat' dir='ltr'>abdicaverint</span> <span class='ocrx_word' id='word_1_99' title='bbox 1010 699 1020 714; x_wconf 88' lang='lat'>‚</span> <span class='ocrx_word' id='word_1_100' title='bbox 1046 675 1205 706; x_wconf 82' lang='lat' dir='ltr'><em>admodum</em></span> 
     </span>
     <span class='ocr_line' id='line_1_15' title="bbox 326 725 1204 770; baseline -0.011 -4"><span class='ocrx_word' id='word_1_101' title='bbox 326 732 422 765; x_wconf 87' lang='lat' dir='ltr'>multa</span> <span class='ocrx_word' id='word_1_102' title='bbox 433 755 443 770; x_wconf 94' lang='lat'>,</span> <span class='ocrx_word' id='word_1_103' title='bbox 470 731 520 763; x_wconf 83' lang='lat' dir='ltr'>vel</span> <span class='ocrx_word' id='word_1_104' title='bbox 529 734 628 760; x_wconf 85' lang='lat' dir='ltr'>omma</span> <span class='ocrx_word' id='word_1_105' title='bbox 635 728 734 768; x_wconf 73' lang='lat' dir='ltr'>potius</span> <span class='ocrx_word' id='word_1_106' title='bbox 745 727 873 768; x_wconf 82' lang='lat' dir='ltr'>undique</span> <span class='ocrx_word' id='word_1_107' title='bbox 883 726 1041 759; x_wconf 79' lang='lat' dir='ltr'>corradunt</span> <span class='ocrx_word' id='word_1_108' title='bbox 1052 750 1062 764; x_wconf 94' lang='lat'>‚</span> <span class='ocrx_word' id='word_1_109' title='bbox 1087 725 1162 757; x_wconf 71' lang='lat' dir='ltr'>adea</span> <span class='ocrx_word' id='word_1_110' title='bbox 1173 733 1204 756; x_wconf 84' lang='lat' dir='ltr'>ut</span> 
     </span>
     <span class='ocr_line' id='line_1_16' title="bbox 325 775 1201 826; baseline -0.011 -11"><span class='ocrx_word' id='word_1_111' title='bbox 325 787 437 826; x_wconf 74' lang='lat' dir='ltr'>ingenti</span> <span class='ocrx_word' id='word_1_112' title='bbox 449 780 571 812; x_wconf 70' lang='lat' dir='ltr'>altorum</span> <span class='ocrx_word' id='word_1_113' title='bbox 582 776 798 818; x_wconf 73' lang='lat' dir='ltr'>honorestipatt</span> <span class='ocrx_word' id='word_1_114' title='bbox 810 785 899 819; x_wconf 85' lang='lat' dir='ltr'>atque</span> <span class='ocrx_word' id='word_1_115' title='bbox 909 775 995 818; x_wconf 75' lang='lat' dir='ltr'>officio</span> <span class='ocrx_word' id='word_1_116' title='bbox 1003 775 1184 808; x_wconf 74' lang='lat' dir='ltr'>celebremur</span> <span class='ocrx_word' id='word_1_117' title='bbox 1195 799 1201 804; x_wconf 95' lang='lat'>.</span> 
     </span>
     <span class='ocr_line' id='line_1_17' title="bbox 324 824 1201 869; baseline -0.008 -4"><span class='ocrx_word' id='word_1_118' title='bbox 324 830 581 867; x_wconf 86' lang='lat' dir='ltr'>Renuntiatores</span> <span class='ocrx_word' id='word_1_119' title='bbox 591 838 683 861; x_wconf 80' lang='lat' dir='ltr'>erant</span> <span class='ocrx_word' id='word_1_120' title='bbox 694 827 794 861; x_wconf 81' lang='lat' dir='ltr'>nostri</span> <span class='ocrx_word' id='word_1_121' title='bbox 813 825 973 860; x_wconf 83' lang='lat' dir='ltr'>Monachi</span> <span class='ocrx_word' id='word_1_122' title='bbox 987 850 997 865; x_wconf 93' lang='lat'>‚</span> <span class='ocrx_word' id='word_1_123' title='bbox 1023 826 1079 869; x_wconf 89' lang='lat' dir='ltr'>qui</span> <span class='ocrx_word' id='word_1_124' title='bbox 1092 824 1201 868; x_wconf 87' lang='lat' dir='ltr'>paffim</span> 
     </span>
     <span class='ocr_line' id='line_1_18' title="bbox 323 876 1203 924; baseline -0.008 -10"><span class='ocrx_word' id='word_1_125' title='bbox 323 882 359 915; x_wconf 89' lang='lat' dir='ltr'>in</span> <span class='ocrx_word' id='word_1_126' title='bbox 383 879 564 924; x_wconf 88' lang='lat' dir='ltr'>Episcopos</span> <span class='ocrx_word' id='word_1_127' title='bbox 583 878 674 912; x_wconf 64' lang='lat' dir='ltr'>eleni</span> <span class='ocrx_word' id='word_1_128' title='bbox 696 879 742 912; x_wconf 80' lang='lat' dir='ltr'>ita</span> <span class='ocrx_word' id='word_1_129' title='bbox 763 876 931 911; x_wconf 87' lang='lat' dir='ltr'>mutabant</span> <span class='ocrx_word' id='word_1_130' title='bbox 945 876 1083 917; x_wconf 84' lang='lat' dir='ltr'>sortem,</span> <span class='ocrx_word' id='word_1_131' title='bbox 1108 886 1203 918; x_wconf 85' lang='lat' dir='ltr'>atque</span> 
     </span>
     <span class='ocr_line' id='line_1_19' title="bbox 321 925 1201 973; baseline -0.009 -7"><span class='ocrx_word' id='word_1_132' title='bbox 321 931 401 966; x_wconf 74' lang='lat' dir='ltr'>ideo</span> <span class='ocrx_word' id='word_1_133' title='bbox 423 929 571 973; x_wconf 77' lang='lat' dir='ltr'>pessimus</span> <span class='ocrx_word' id='word_1_134' title='bbox 591 927 745 971; x_wconf 80' lang='lat' dir='ltr'>Princeps</span> <span class='ocrx_word' id='word_1_135' title='bbox 766 927 840 971; x_wconf 85' lang='lat' dir='ltr'>ipsis</span> <span class='ocrx_word' id='word_1_136' title='bbox 866 925 1033 960; x_wconf 80' lang='lat' dir='ltr'>invidebat</span> <span class='ocrx_word' id='word_1_137' title='bbox 1058 950 1072 957; x_wconf 87' lang='lat'>..</span> <span class='ocrx_word' id='word_1_138' title='bbox 1093 925 1201 969; x_wconf 80' lang='lat' dir='ltr'>Pergit</span> 
     </span>
     <span class='ocr_line' id='line_1_20' title="bbox 322 975 1201 1026; baseline -0.008 -11"><span class='ocrx_word' id='word_1_139' title='bbox 322 981 472 1026; x_wconf 84' lang='lat' dir='ltr'>Julianus</span> <span class='ocrx_word' id='word_1_140' title='bbox 494 979 528 1014; x_wconf 90' lang='lat' dir='ltr'>in</span> <span class='ocrx_word' id='word_1_141' title='bbox 551 979 688 1022; x_wconf 88' lang='lat' dir='ltr'>epistola</span> <span class='ocrx_word' id='word_1_142' title='bbox 711 977 751 1012; x_wconf 88' lang='lat' dir='ltr'>ad</span> <span class='ocrx_word' id='word_1_143' title='bbox 778 977 887 1011; x_wconf 90' lang='lat' dir='ltr'>nescio</span> <span class='ocrx_word' id='word_1_144' title='bbox 909 988 1007 1020; x_wconf 89' lang='lat' dir='ltr'>quem</span> <span class='ocrx_word' id='word_1_145' title='bbox 1026 975 1201 1021; x_wconf 86' lang='lat' dir='ltr'>gentilium</span> 
     </span>
     <span class='ocr_line' id='line_1_21' title="bbox 326 1025 1202 1070; baseline -0.007 -5"><span class='ocrx_word' id='word_1_146' title='bbox 326 1030 525 1066; x_wconf 88' lang='lat' dir='ltr'>Pontificem</span> <span class='ocrx_word' id='word_1_147' title='bbox 539 1042 546 1062; x_wconf 91' lang='lat'><strong>:</strong></span> <span class='ocrx_word' id='word_1_148' title='bbox 574 1033 694 1062; x_wconf 75' lang='lat' dir='ltr'>Rationt</span> <span class='ocrx_word' id='word_1_149' title='bbox 705 1034 796 1062; x_wconf 78' lang='lat' dir='ltr'>ettam</span> <span class='ocrx_word' id='word_1_150' title='bbox 807 1028 900 1061; x_wconf 64' lang='lat' dir='ltr'>valde*</span> <span class='ocrx_word' id='word_1_151' title='bbox 909 1025 1134 1070; x_wconf 76' lang='lat' dir='ltr'>consentaneum</span> <span class='ocrx_word' id='word_1_152' title='bbox 1144 1026 1180 1066; x_wconf 83' lang='lat' dir='ltr'>est</span> <span class='ocrx_word' id='word_1_153' title='bbox 1194 1050 1202 1065; x_wconf 81' lang='grc'>,</span> 
     </span>
    </p>
   </div>
   <div class='ocr_carea' id='block_1_7' title="bbox 194 649 314 683">
    <p class='ocr_par' dir='ltr' id='par_1_7' title="bbox 194 649 314 683">
     <span class='ocr_line' id='line_1_22' title="bbox 194 649 314 683; baseline 0 -6"><span class='ocrx_word' id='word_1_154' title='bbox 194 649 280 677; x_wconf 82' lang='lat' dir='ltr'>Orat.</span> <span class='ocrx_word' id='word_1_155' title='bbox 290 657 314 683; x_wconf 90' lang='lat'>7.</span> 
     </span>
    </p>
   </div>
   <div class='ocr_carea' id='block_1_8' title="bbox 170 1079 1202 3172">
    <p class='ocr_par' dir='ltr' id='par_1_8' title="bbox 309 1079 1202 1725">
     <span class='ocr_line' id='line_1_23' title="bbox 320 1079 1193 1119; baseline -0.007 -4"><span class='ocrx_word' id='word_1_156' title='bbox 320 1091 356 1115; x_wconf 80' lang='lat' dir='ltr'>ut</span> <span class='ocrx_word' id='word_1_157' title='bbox 380 1083 414 1115; x_wconf 70' lang='lat'>(⁴5</span> <span class='ocrx_word' id='word_1_158' title='bbox 435 1081 602 1115; x_wconf 80' lang='lat' dir='ltr'>sacerdotes</span> <span class='ocrx_word' id='word_1_159' title='bbox 614 1079 791 1112; x_wconf 83' lang='lat' dir='ltr'>honorentur</span> <span class='ocrx_word' id='word_1_160' title='bbox 804 1103 827 1119; x_wconf 88' lang='lat'>‚.</span> <span class='ocrx_word' id='word_1_161' title='bbox 840 1088 993 1119; x_wconf 81' lang='lat' dir='ltr'>tamquam</span> <span class='ocrx_word' id='word_1_162' title='bbox 1005 1080 1133 1110; x_wconf 81' lang='lat' dir='ltr'>Deorum</span> <span class='ocrx_word' id='word_1_163' title='bbox 1152 1083 1193 1109; x_wconf 73' lang='lat' dir='ltr'>mi</span> 
     </span>
     <span class='ocr_line' id='line_1_24' title="bbox 319 1127 1202 1175; baseline -0.007 -11"><span class='ocrx_word' id='word_1_164' title='bbox 319 1131 422 1174; x_wconf 80' lang='lat' dir='ltr'>mstri.</span> <span class='ocrx_word' id='word_1_165' title='bbox 452 1133 557 1175; x_wconf 72' lang='lat' dir='ltr'>,Quare</span> <span class='ocrx_word' id='word_1_166' title='bbox 570 1141 628 1163; x_wconf 87' lang='lat' dir='ltr'>non</span> <span class='ocrx_word' id='word_1_167' title='bbox 638 1127 813 1171; x_wconf 61' lang='lat' dir='ltr'>minusipfis</span> <span class='ocrx_word' id='word_1_168' title='bbox 826 1152 837 1168; x_wconf 89' lang='lat'>,</span> <span class='ocrx_word' id='word_1_169' title='bbox 863 1131 922 1162; x_wconf 64' lang='lat' dir='ltr'>ima</span> <span class='ocrx_word' id='word_1_170' title='bbox 932 1131 1061 1170; x_wconf 78' lang='lat' dir='ltr'>amplius</span> <span class='ocrx_word' id='word_1_171' title='bbox 1077 1152 1088 1167; x_wconf 92' lang='lat'>,</span> <span class='ocrx_word' id='word_1_172' title='bbox 1114 1129 1202 1169; x_wconf 60' lang='lat' dir='ltr'>gurim</span> 
     </span>
     <span class='ocr_line' id='line_1_25' title="bbox 318 1176 1200 1225; baseline -0.009 -9"><span class='ocrx_word' id='word_1_173' title='bbox 318 1181 459 1216; x_wconf 82' lang='lat' dir='ltr'>civilibus</span> <span class='ocrx_word' id='word_1_174' title='bbox 473 1179 697 1225; x_wconf 76' lang='lat' dir='ltr'>Magistratt&#39;bus</span> <span class='ocrx_word' id='word_1_175' title='bbox 708 1204 719 1219; x_wconf 91' lang='lat'>‚</span> <span class='ocrx_word' id='word_1_176' title='bbox 747 1190 864 1221; x_wconf 80' lang='lat' dir='ltr'>aequum</span> <span class='ocrx_word' id='word_1_177' title='bbox 880 1179 917 1219; x_wconf 86' lang='lat' dir='ltr'>est</span> <span class='ocrx_word' id='word_1_178' title='bbox 928 1178 1045 1211; x_wconf 71' lang='lat' dir='ltr'>honoris</span> <span class='ocrx_word' id='word_1_179' title='bbox 1057 1176 1200 1210; x_wconf 70' lang='lat' dir='ltr'>adbiberi.</span> 
     </span>
     <span class='ocr_line' id='line_1_26' title="bbox 317 1226 1198 1274; baseline -0.005 -9"><span class='ocrx_word' id='word_1_180' title='bbox 317 1232 401 1266; x_wconf 84' lang='lat' dir='ltr'>Haec</span> <span class='ocrx_word' id='word_1_181' title='bbox 414 1231 458 1264; x_wconf 89' lang='lat' dir='ltr'>est</span> <span class='ocrx_word' id='word_1_182' title='bbox 473 1232 528 1265; x_wconf 89' lang='lat' dir='ltr'>illa</span> <span class='ocrx_word' id='word_1_183' title='bbox 539 1229 694 1274; x_wconf 85' lang='lat' dir='ltr'>epistola,</span> <span class='ocrx_word' id='word_1_184' title='bbox 721 1240 785 1274; x_wconf 84' lang='lat' dir='ltr'>qua</span> <span class='ocrx_word' id='word_1_185' title='bbox 795 1226 1090 1263; x_wconf 81' lang='lat' dir='ltr'>Christianosritus</span> <span class='ocrx_word' id='word_1_186' title='bbox 1111 1228 1198 1261; x_wconf 84' lang='lat' dir='ltr'>indu-</span> 
     </span>
     <span class='ocr_line' id='line_1_27' title="bbox 317 1277 1198 1323; baseline -0.007 -7"><span class='ocrx_word' id='word_1_187' title='bbox 317 1283 349 1316; x_wconf 89' lang='lat' dir='ltr'>ci</span> <span class='ocrx_word' id='word_1_188' title='bbox 367 1282 401 1315; x_wconf 90' lang='lat' dir='ltr'>in</span> <span class='ocrx_word' id='word_1_189' title='bbox 415 1281 563 1314; x_wconf 86' lang='lat' dir='ltr'>Deorum</span> <span class='ocrx_word' id='word_1_190' title='bbox 574 1281 649 1314; x_wconf 82' lang='lat' dir='ltr'>fana</span> <span class='ocrx_word' id='word_1_191' title='bbox 660 1304 671 1320; x_wconf 93' lang='lat'>,</span> <span class='ocrx_word' id='word_1_192' title='bbox 697 1281 843 1323; x_wconf 83' lang='lat' dir='ltr'>adeoque</span> <span class='ocrx_word' id='word_1_193' title='bbox 863 1280 897 1313; x_wconf 88' lang='lat'>&amp;</span> <span class='ocrx_word' id='word_1_194' title='bbox 919 1277 1128 1312; x_wconf 69' lang='lat' dir='ltr'>Sacerdotu‘m</span> <span class='ocrx_word' id='word_1_195' title='bbox 1145 1289 1198 1310; x_wconf 90' lang='lat' dir='ltr'>no-</span> 
     </span>
     <span class='ocr_line' id='line_1_28' title="bbox 318 1326 1197 1371; baseline -0.005 -7"><span class='ocrx_word' id='word_1_196' title='bbox 318 1332 456 1365; x_wconf 72' lang='lat' dir='ltr'>strorum</span> <span class='ocrx_word' id='word_1_197' title='bbox 470 1329 630 1363; x_wconf 87' lang='lat' dir='ltr'>honorem</span> <span class='ocrx_word' id='word_1_198' title='bbox 643 1329 711 1362; x_wconf 84' lang='lat' dir='ltr'>vult</span> <span class='ocrx_word' id='word_1_199' title='bbox 722 1330 821 1363; x_wconf 87' lang='lat' dir='ltr'>etiam</span> <span class='ocrx_word' id='word_1_200' title='bbox 835 1329 868 1362; x_wconf 90' lang='lat' dir='ltr'>in</span> <span class='ocrx_word' id='word_1_201' title='bbox 881 1329 954 1362; x_wconf 88' lang='lat' dir='ltr'>suos</span> <span class='ocrx_word' id='word_1_202' title='bbox 965 1326 1127 1371; x_wconf 90' lang='lat' dir='ltr'>impendi.</span> <span class='ocrx_word' id='word_1_203' title='bbox 1157 1329 1197 1361; x_wconf 82' lang='lat' dir='ltr'>Et</span> 
     </span>
     <span class='ocr_line' id='line_1_29' title="bbox 313 1377 1197 1424; baseline -0.007 -9"><span class='ocrx_word' id='word_1_204' title='bbox 313 1382 356 1415; x_wconf 89' lang='lat' dir='ltr'>de</span> <span class='ocrx_word' id='word_1_205' title='bbox 381 1380 550 1414; x_wconf 79' lang='lat' dir='ltr'>Anastasio</span> <span class='ocrx_word' id='word_1_206' title='bbox 572 1378 767 1420; x_wconf 80' lang='lat' dir='ltr'>Presbytero</span> <span class='ocrx_word' id='word_1_207' title='bbox 789 1377 897 1412; x_wconf 85' lang='lat' dir='ltr'>scribit</span> <span class='ocrx_word' id='word_1_208' title='bbox 921 1379 954 1410; x_wconf 87' lang='lat' dir='ltr'>in</span> <span class='ocrx_word' id='word_1_209' title='bbox 967 1378 1073 1410; x_wconf 70' lang='lat' dir='ltr'>Sanfti</span> <span class='ocrx_word' id='word_1_210' title='bbox 1094 1377 1197 1424; x_wconf 73' lang='lat' dir='ltr'>Basilii</span> 
     </span>
     <span class='ocr_line' id='line_1_30' title="bbox 314 1426 1196 1473; baseline -0.003 -9"><span class='ocrx_word' id='word_1_211' title='bbox 314 1432 380 1465; x_wconf 82' lang='lat' dir='ltr'>vita</span> <span class='ocrx_word' id='word_1_212' title='bbox 402 1430 534 1464; x_wconf 62' lang='lat' dir='ltr'>Sandius</span> <span class='ocrx_word' id='word_1_213' title='bbox 558 1426 814 1473; x_wconf 79' lang='lat' dir='ltr'>Amphilochius</span> <span class='ocrx_word' id='word_1_214' title='bbox 837 1439 844 1459; x_wconf 72' lang='grc' dir='ltr'><strong><em>τ</em></strong></span> <span class='ocrx_word' id='word_1_215' title='bbox 874 1427 1029 1467; x_wconf 75' lang='lat' dir='ltr'>Presbyter</span> <span class='ocrx_word' id='word_1_216' title='bbox 1059 1427 1196 1461; x_wconf 70' lang='lat' dir='ltr'>visitanti</span> 
     </span>
     <span class='ocr_line' id='line_1_31' title="bbox 313 1476 1193 1524; baseline -0.006 -10"><span class='ocrx_word' id='word_1_217' title='bbox 313 1480 435 1515; x_wconf 75' lang='lat' dir='ltr'>Basilio</span> <span class='ocrx_word' id='word_1_218' title='bbox 450 1477 615 1524; x_wconf 72' lang='lat' dir='ltr'>Episcopo</span> <span class='ocrx_word' id='word_1_219' title='bbox 630 1481 708 1520; x_wconf 88' lang='lat' dir='ltr'>suo,</span> <span class='ocrx_word' id='word_1_220' title='bbox 733 1478 855 1512; x_wconf 73' lang='lat' dir='ltr'>obviam</span> <span class='ocrx_word' id='word_1_221' title='bbox 858 1476 965 1519; x_wconf 69' lang='lat' dir='ltr'>fat‘lus</span> <span class='ocrx_word' id='word_1_222' title='bbox 979 1501 989 1517; x_wconf 86' lang='lat'>,</span> <span class='ocrx_word' id='word_1_223' title='bbox 1015 1477 1193 1511; x_wconf 66' lang='lat' dir='ltr'>honorabiles</span> 
     </span>
     <span class='ocr_line' id='line_1_32' title="bbox 312 1525 1194 1576; baseline -0.003 -11"><span class='ocrx_word' id='word_1_224' title='bbox 312 1537 377 1565; x_wconf 71' lang='lat' dir='ltr'>vlt}</span> <span class='ocrx_word' id='word_1_225' title='bbox 395 1532 487 1573; x_wconf 84' lang='lat' dir='ltr'>pedes</span> <span class='ocrx_word' id='word_1_226' title='bbox 510 1529 546 1570; x_wconf 85' lang='lat' dir='ltr'>est</span> <span class='ocrx_word' id='word_1_227' title='bbox 569 1525 713 1573; x_wconf 68' lang='lat' dir='ltr'>osculatus</span> <span class='ocrx_word' id='word_1_228' title='bbox 727 1554 734 1561; x_wconf 92' lang='lat'><strong><em>.</em></strong></span> <span class='ocrx_word' id='word_1_229' title='bbox 762 1529 865 1576; x_wconf 83' lang='lat' dir='ltr'>Qod</span> <span class='ocrx_word' id='word_1_230' title='bbox 878 1527 1084 1562; x_wconf 86' lang='lat' dir='ltr'>Christianus</span> <span class='ocrx_word' id='word_1_231' title='bbox 1099 1540 1194 1572; x_wconf 89' lang='lat' dir='ltr'>popu-</span> 
     </span>
     <span class='ocr_line' id='line_1_33' title="bbox 311 1578 1191 1624; baseline -0.006 -8"><span class='ocrx_word' id='word_1_232' title='bbox 311 1582 363 1616; x_wconf 90' lang='lat' dir='ltr'>lus</span> <span class='ocrx_word' id='word_1_233' title='bbox 383 1580 576 1623; x_wconf 86' lang='lat' dir='ltr'>quorumvis</span> <span class='ocrx_word' id='word_1_234' title='bbox 600 1580 836 1624; x_wconf 86' lang='lat' dir='ltr'>Episcoporum</span> <span class='ocrx_word' id='word_1_235' title='bbox 849 1578 946 1623; x_wconf 81' lang='lat' dir='ltr'>pedes</span> <span class='ocrx_word' id='word_1_236' title='bbox 962 1578 1100 1612; x_wconf 88' lang='lat' dir='ltr'>osculari</span> <span class='ocrx_word' id='word_1_237' title='bbox 1112 1579 1191 1612; x_wconf 89' lang='lat' dir='ltr'>olim</span> 
     </span>
     <span class='ocr_line' id='line_1_34' title="bbox 310 1627 1183 1673; baseline -0.005 -7"><span class='ocrx_word' id='word_1_238' title='bbox 310 1634 541 1671; x_wconf 79' lang='lat' dir='ltr'>consueverit,</span> <span class='ocrx_word' id='word_1_239' title='bbox 569 1630 713 1673; x_wconf 87' lang='lat' dir='ltr'>pluribus</span> <span class='ocrx_word' id='word_1_240' title='bbox 733 1629 862 1664; x_wconf 81' lang='lat' dir='ltr'>ostendi</span> <span class='ocrx_word' id='word_1_241' title='bbox 886 1630 919 1662; x_wconf 92' lang='lat' dir='ltr'>in</span> <span class='ocrx_word' id='word_1_242' title='bbox 941 1627 1074 1662; x_wconf 85' lang='lat' dir='ltr'>scholiis</span> <span class='ocrx_word' id='word_1_243' title='bbox 1084 1628 1125 1663; x_wconf 93' lang='lat' dir='ltr'>ad</span> <span class='ocrx_word' id='word_1_244' title='bbox 1137 1629 1183 1662; x_wconf 90' lang='lat' dir='ltr'>Di</span> 
     </span>
     <span class='ocr_line' id='line_1_35' title="bbox 309 1679 892 1725; baseline -0.007 -9"><span class='ocrx_word' id='word_1_245' title='bbox 309 1684 434 1716; x_wconf 68' lang='lat' dir='ltr'>statum</span> <span class='ocrx_word' id='word_1_246' title='bbox 447 1681 553 1716; x_wconf 56' lang='lat' dir='ltr'>Sancti</span> <span class='ocrx_word' id='word_1_247' title='bbox 574 1680 728 1725; x_wconf 84' lang='lat' dir='ltr'>Gregorii</span> <span class='ocrx_word' id='word_1_248' title='bbox 746 1679 892 1724; x_wconf 87' lang='lat' dir='ltr'>septimi.</span> 
     </span>
    </p>

    <p class='ocr_par' dir='ltr' id='par_1_9' title="bbox 170 1728 1197 2978">
     <span class='ocr_line' id='line_1_36' title="bbox 363 1728 1191 1766; baseline -0.002 0"><span class='ocrx_word' id='word_1_249' title='bbox 363 1733 406 1765; x_wconf 79' lang='lat' dir='ltr'>Et</span> <span class='ocrx_word' id='word_1_250' title='bbox 419 1732 597 1766; x_wconf 82' lang='lat' dir='ltr'>reverentia</span> <span class='ocrx_word' id='word_1_251' title='bbox 623 1731 758 1765; x_wconf 75' lang='lat' dir='ltr'>fundata</span> <span class='ocrx_word' id='word_1_252' title='bbox 778 1729 825 1765; x_wconf 86' lang='lat' dir='ltr'>est</span> <span class='ocrx_word' id='word_1_253' title='bbox 847 1731 880 1764; x_wconf 88' lang='lat' dir='ltr'>in</span> <span class='ocrx_word' id='word_1_254' title='bbox 892 1728 984 1764; x_wconf 70' lang='lat' dir='ltr'>Acriis</span> <span class='ocrx_word' id='word_1_255' title='bbox 1003 1729 1191 1764; x_wconf 67' lang='lat' dir='ltr'>San&#39;storum</span> 
     </span>
     <span class='ocr_line' id='line_1_37' title="bbox 308 1779 1193 1825; baseline -0.002 -9"><span class='ocrx_word' id='word_1_256' title='bbox 308 1781 568 1825; x_wconf 85' lang='lat' dir='ltr'>Apostolorum.</span> <span class='ocrx_word' id='word_1_257' title='bbox 601 1780 731 1813; x_wconf 86' lang='lat' dir='ltr'>Etenim</span> <span class='ocrx_word' id='word_1_258' title='bbox 743 1781 783 1813; x_wconf 87' lang='lat' dir='ltr'>de</span> <span class='ocrx_word' id='word_1_259' title='bbox 795 1779 955 1813; x_wconf 89' lang='lat' dir='ltr'>Cornelio</span> <span class='ocrx_word' id='word_1_260' title='bbox 968 1780 1172 1814; x_wconf 87' lang='lat' dir='ltr'>Centurione</span> <span class='ocrx_word' id='word_1_261' title='bbox 1183 1805 1193 1820; x_wconf 93' lang='lat'>,</span> 
     </span>
     <span class='ocr_line' id='line_1_38' title="bbox 308 1828 1191 1870; baseline -0.002 -5"><span class='ocrx_word' id='word_1_262' title='bbox 308 1833 463 1865; x_wconf 83' lang='lat' dir='ltr'>veniente</span> <span class='ocrx_word' id='word_1_263' title='bbox 473 1831 512 1864; x_wconf 86' lang='lat' dir='ltr'>ad</span> <span class='ocrx_word' id='word_1_264' title='bbox 527 1831 678 1864; x_wconf 71' lang='lat' dir='ltr'>Sanctum</span> <span class='ocrx_word' id='word_1_265' title='bbox 691 1829 822 1862; x_wconf 88' lang='lat' dir='ltr'>Petrum</span> <span class='ocrx_word' id='word_1_266' title='bbox 837 1828 1033 1870; x_wconf 79' lang='lat' dir='ltr'>Apostolum</span> <span class='ocrx_word' id='word_1_267' title='bbox 1046 1853 1057 1866; x_wconf 89' lang='lat'>,</span> <span class='ocrx_word' id='word_1_268' title='bbox 1083 1830 1191 1863; x_wconf 85' lang='lat' dir='ltr'>scribit</span> 
     </span>
     <span class='ocr_line' id='line_1_39' title="bbox 308 1879 1191 1919; baseline -0.003 -4"><span class='ocrx_word' id='word_1_269' title='bbox 308 1883 342 1916; x_wconf 89' lang='lat' dir='ltr'>in</span> <span class='ocrx_word' id='word_1_270' title='bbox 368 1882 460 1914; x_wconf 67' lang='lat' dir='ltr'>Actis</span> <span class='ocrx_word' id='word_1_271' title='bbox 483 1882 617 1914; x_wconf 66' lang='lat' dir='ltr'>sancius</span> <span class='ocrx_word' id='word_1_272' title='bbox 630 1879 748 1912; x_wconf 81' lang='lat' dir='ltr'>Lucas:</span> <span class='ocrx_word' id='word_1_273' title='bbox 780 1879 938 1910; x_wconf 80' lang='lat' dir='ltr'>Procldens</span> <span class='ocrx_word' id='word_1_274' title='bbox 952 1879 996 1910; x_wconf 85' lang='lat' dir='ltr'>ad</span> <span class='ocrx_word' id='word_1_275' title='bbox 1008 1881 1102 1919; x_wconf 86' lang='lat' dir='ltr'>pedes</span> <span class='ocrx_word' id='word_1_276' title='bbox 1126 1881 1191 1919; x_wconf 83' lang='lat' dir='ltr'>ejus</span> 
     </span>
     <span class='ocr_line' id='line_1_40' title="bbox 307 1927 1190 1971; baseline -0.005 -6"><span class='ocrx_word' id='word_1_277' title='bbox 307 1934 469 1966; x_wconf 76' lang='lat' dir='ltr'>adoravit.</span> <span class='ocrx_word' id='word_1_278' title='bbox 499 1930 553 1963; x_wconf 86' lang='lat' dir='ltr'>Ad</span> <span class='ocrx_word' id='word_1_279' title='bbox 563 1939 631 1970; x_wconf 80' lang='lat' dir='ltr'>quae</span> <span class='ocrx_word' id='word_1_280' title='bbox 641 1927 737 1960; x_wconf 87' lang='lat' dir='ltr'>verba</span> <span class='ocrx_word' id='word_1_281' title='bbox 749 1928 880 1961; x_wconf 67' lang='lat' dir='ltr'>Sanctus</span> <span class='ocrx_word' id='word_1_282' title='bbox 893 1927 1035 1968; x_wconf 86' lang='lat' dir='ltr'>Joannes</span> <span class='ocrx_word' id='word_1_283' title='bbox 1051 1928 1190 1971; x_wconf 88' lang='lat' dir='ltr'>Chryso-</span> 
     </span>
     <span class='ocr_line' id='line_1_41' title="bbox 307 1973 1192 2020; baseline -0.008 -3"><span class='ocrx_word' id='word_1_284' title='bbox 307 1983 454 2018; x_wconf 81' lang='lat' dir='ltr'>ssomus:</span> <span class='ocrx_word' id='word_1_285' title='bbox 483 1978 669 2020; x_wconf 63' lang='lat' dir='ltr'>Hoc-faciens</span> <span class='ocrx_word' id='word_1_286' title='bbox 681 1977 877 2010; x_wconf 73' lang='lat' dir='ltr'>humilitatem</span> <span class='ocrx_word' id='word_1_287' title='bbox 891 1973 980 2019; x_wconf 79' lang='lat' dir='ltr'>suam</span> <span class='ocrx_word' id='word_1_288' title='bbox 991 1975 1132 2016; x_wconf 63' lang='lat' dir='ltr'>ostentm,</span> <span class='ocrx_word' id='word_1_289' title='bbox 1158 1979 1192 2010; x_wconf 67' lang='grc' dir='ltr'>ὑ·</span> 
     </span>
     <span class='ocr_line' id='line_1_42' title="bbox 306 2024 1191 2069; baseline -0.008 -2"><span class='ocrx_word' id='word_1_290' title='bbox 306 2034 380 2067; x_wconf 77' lang='lat' dir='ltr'>alios</span> <span class='ocrx_word' id='word_1_291' title='bbox 406 2032 517 2064; x_wconf 82' lang='lat' dir='ltr'>docuit.</span> <span class='ocrx_word' id='word_1_292' title='bbox 549 2030 642 2063; x_wconf 91' lang='lat' dir='ltr'>Hinc</span> <span class='ocrx_word' id='word_1_293' title='bbox 663 2027 742 2061; x_wconf 88' lang='lat' dir='ltr'>alibi</span> <span class='ocrx_word' id='word_1_294' title='bbox 764 2026 862 2061; x_wconf 88' lang='lat' dir='ltr'>docet</span> <span class='ocrx_word' id='word_1_295' title='bbox 885 2025 1064 2069; x_wconf 86' lang='lat' dir='ltr'>Episcopos</span> <span class='ocrx_word' id='word_1_296' title='bbox 1087 2024 1191 2060; x_wconf 88' lang='lat' dir='ltr'>hono·</span> 
     </span>
     <span class='ocr_line' id='line_1_43' title="bbox 305 2075 1189 2124; baseline -0.008 -7"><span class='ocrx_word' id='word_1_297' title='bbox 305 2081 424 2118; x_wconf 87' lang='lat' dir='ltr'>randos</span> <span class='ocrx_word' id='word_1_298' title='bbox 447 2081 615 2124; x_wconf 83' lang='lat' dir='ltr'>plusquam</span> <span class='ocrx_word' id='word_1_299' title='bbox 639 2077 748 2122; x_wconf 84' lang='lat' dir='ltr'>Reges</span> <span class='ocrx_word' id='word_1_300' title='bbox 770 2077 912 2120; x_wconf 89' lang='lat' dir='ltr'>ipsorum</span> <span class='ocrx_word' id='word_1_301' title='bbox 925 2075 1075 2110; x_wconf 88' lang='lat' dir='ltr'>manibus</span> <span class='ocrx_word' id='word_1_302' title='bbox 1092 2076 1189 2121; x_wconf 89' lang='lat' dir='ltr'>figen-</span> 
     </span>
     <span class='ocr_line' id='line_1_44' title="bbox 304 2125 1190 2174; baseline -0.008 -7"><span class='ocrx_word' id='word_1_303' title='bbox 304 2134 384 2167; x_wconf 90' lang='lat' dir='ltr'>dum</span> <span class='ocrx_word' id='word_1_304' title='bbox 397 2131 546 2165; x_wconf 81' lang='lat' dir='ltr'>osculum</span> <span class='ocrx_word' id='word_1_305' title='bbox 557 2155 568 2171; x_wconf 88' lang='lat'>‚</span> <span class='ocrx_word' id='word_1_306' title='bbox 597 2128 735 2174; x_wconf 88' lang='lat' dir='ltr'>genibus</span> <span class='ocrx_word' id='word_1_307' title='bbox 747 2125 973 2162; x_wconf 87' lang='lat' dir='ltr'>inclinandum</span> <span class='ocrx_word' id='word_1_308' title='bbox 984 2134 1081 2169; x_wconf 87' lang='lat' dir='ltr'>caput</span> <span class='ocrx_word' id='word_1_309' title='bbox 1094 2150 1104 2166; x_wconf 90' lang='lat'>‚</span> <span class='ocrx_word' id='word_1_310' title='bbox 1116 2127 1190 2160; x_wconf 88' lang='lat' dir='ltr'>dan·</span> 
     </span>
     <span class='ocr_line' id='line_1_45' title="bbox 304 2175 1191 2224; baseline -0.008 -7"><span class='ocrx_word' id='word_1_311' title='bbox 304 2186 383 2222; x_wconf 83' lang='lat' dir='ltr'>dum</span> <span class='ocrx_word' id='word_1_312' title='bbox 408 2181 530 2224; x_wconf 90' lang='lat' dir='ltr'>ubique</span> <span class='ocrx_word' id='word_1_313' title='bbox 557 2180 698 2223; x_wconf 88' lang='lat' dir='ltr'>primum</span> <span class='ocrx_word' id='word_1_314' title='bbox 720 2178 847 2213; x_wconf 88' lang='lat' dir='ltr'>locum.</span> <span class='ocrx_word' id='word_1_315' title='bbox 880 2176 1091 2220; x_wconf 88' lang='lat' dir='ltr'>thuosdam</span> <span class='ocrx_word' id='word_1_316' title='bbox 1104 2175 1191 2220; x_wconf 86' lang='lat' dir='ltr'>quod</span> 
     </span>
     <span class='ocr_line' id='line_1_46' title="bbox 305 2226 1192 2277; baseline -0.01 -9"><span class='ocrx_word' id='word_1_317' title='bbox 305 2235 392 2273; x_wconf 81' lang='lat' dir='ltr'>solos</span> <span class='ocrx_word' id='word_1_318' title='bbox 414 2231 572 2277; x_wconf 87' lang='lat' dir='ltr'>sanguine</span> <span class='ocrx_word' id='word_1_319' title='bbox 595 2227 725 2264; x_wconf 86' lang='lat' dir='ltr'>nobiles</span> <span class='ocrx_word' id='word_1_320' title='bbox 758 2226 959 2262; x_wconf 84' lang='lat' dir='ltr'>honorarent</span> <span class='ocrx_word' id='word_1_321' title='bbox 993 2226 1192 2271; x_wconf 87' lang='lat' dir='ltr'>Episcopos,</span> 
     </span>
     <span class='ocr_line' id='line_1_47' title="bbox 303 2275 1190 2331; baseline -0.01 -12"><span class='ocrx_word' id='word_1_322' title='bbox 303 2279 488 2331; x_wconf 70' lang='lat' dir='ltr'>gravissime</span> <span class='ocrx_word' id='word_1_323' title='bbox 500 2281 644 2324; x_wconf 83' lang='lat' dir='ltr'>increpat</span> <span class='ocrx_word' id='word_1_324' title='bbox 655 2305 661 2311; x_wconf 90' lang='lat'><strong>.</strong></span> <span class='ocrx_word' id='word_1_325' title='bbox 691 2276 918 2322; x_wconf 73' lang='lat' dir='ltr'>Episcopalem</span> <span class='ocrx_word' id='word_1_326' title='bbox 928 2275 1138 2322; x_wconf 86' lang='lat' dir='ltr'>Dignitatem</span> <span class='ocrx_word' id='word_1_327' title='bbox 1149 2279 1190 2312; x_wconf 87' lang='lat' dir='ltr'>af-</span> 
     </span>
     <span class='ocr_line' id='line_1_48' title="bbox 305 2325 1193 2372; baseline -0.009 -2"><span class='ocrx_word' id='word_1_328' title='bbox 305 2338 413 2370; x_wconf 85' lang='lat' dir='ltr'>firmat</span> <span class='ocrx_word' id='word_1_329' title='bbox 437 2331 530 2368; x_wconf 87' lang='lat' dir='ltr'>omni</span> <span class='ocrx_word' id='word_1_330' title='bbox 553 2330 669 2365; x_wconf 87' lang='lat' dir='ltr'>mundi</span> <span class='ocrx_word' id='word_1_331' title='bbox 691 2330 782 2372; x_wconf 86' lang='lat' dir='ltr'>apice</span> <span class='ocrx_word' id='word_1_332' title='bbox 806 2328 1022 2371; x_wconf 88' lang='lat' dir='ltr'>superiorem.</span> <span class='ocrx_word' id='word_1_333' title='bbox 1052 2327 1094 2360; x_wconf 87' lang='lat' dir='ltr'>Et</span> <span class='ocrx_word' id='word_1_334' title='bbox 1115 2325 1193 2362; x_wconf 87' lang='lat' dir='ltr'>hinc</span> 
     </span>
     <span class='ocr_line' id='line_1_49' title="bbox 305 2375 1192 2427; baseline -0.011 -7"><span class='ocrx_word' id='word_1_335' title='bbox 305 2387 340 2421; x_wconf 89' lang='lat' dir='ltr'>in</span> <span class='ocrx_word' id='word_1_336' title='bbox 363 2382 610 2427; x_wconf 80' lang='lat' dir='ltr'>Carthaginensi</span> <span class='ocrx_word' id='word_1_337' title='bbox 634 2380 827 2414; x_wconf 82' lang='lat' dir='ltr'>Collatione</span> <span class='ocrx_word' id='word_1_338' title='bbox 850 2403 859 2417; x_wconf 93' lang='lat'>,</span> <span class='ocrx_word' id='word_1_339' title='bbox 886 2375 975 2422; x_wconf 84' lang='lat' dir='ltr'>quod</span> <span class='ocrx_word' id='word_1_340' title='bbox 996 2377 1192 2411; x_wconf 85' lang='lat' dir='ltr'>Donatista-</span> 
     </span>
     <span class='ocr_line' id='line_1_50' title="bbox 306 2427 1193 2477; baseline -0.011 -7"><span class='ocrx_word' id='word_1_341' title='bbox 306 2447 379 2470; x_wconf 88' lang='lat' dir='ltr'>rum</span> <span class='ocrx_word' id='word_1_342' title='bbox 405 2429 560 2477; x_wconf 84' lang='lat' dir='ltr'>Episcopi</span> <span class='ocrx_word' id='word_1_343' title='bbox 582 2431 692 2465; x_wconf 86' lang='lat' dir='ltr'>sedere</span> <span class='ocrx_word' id='word_1_344' title='bbox 714 2429 863 2468; x_wconf 89' lang='lat' dir='ltr'>nollent,</span> <span class='ocrx_word' id='word_1_345' title='bbox 888 2429 987 2462; x_wconf 88' lang='lat' dir='ltr'>etiam</span> <span class='ocrx_word' id='word_1_346' title='bbox 1012 2427 1134 2461; x_wconf 89' lang='lat' dir='ltr'>Comes</span> <span class='ocrx_word' id='word_1_347' title='bbox 1160 2428 1193 2461; x_wconf 88' lang='lat'>&amp;</span> 
     </span>
     <span class='ocr_line' id='line_1_51' title="bbox 307 2474 1193 2530; baseline -0.01 -10"><span class='ocrx_word' id='word_1_348' title='bbox 307 2477 476 2530; x_wconf 77' lang='lat' dir='ltr'>Cognitor</span> <span class='ocrx_word' id='word_1_349' title='bbox 496 2481 714 2516; x_wconf 87' lang='lat' dir='ltr'>Marcellinus</span> <span class='ocrx_word' id='word_1_350' title='bbox 727 2477 833 2514; x_wconf 87' lang='lat' dir='ltr'>noluit</span> <span class='ocrx_word' id='word_1_351' title='bbox 855 2474 980 2512; x_wconf 86' lang='lat' dir='ltr'>sedere.</span> <span class='ocrx_word' id='word_1_352' title='bbox 1011 2477 1054 2511; x_wconf 89' lang='lat' dir='ltr'>Et</span> <span class='ocrx_word' id='word_1_353' title='bbox 1075 2477 1193 2511; x_wconf 70' lang='lat' dir='ltr'>Sansto</span> 
     </span>
     <span class='ocr_line' id='line_1_52' title="bbox 308 2526 1193 2579; baseline -0.01 -10"><span class='ocrx_word' id='word_1_354' title='bbox 308 2534 521 2579; x_wconf 81' lang='lat' dir='ltr'>Augustino,</span> <span class='ocrx_word' id='word_1_355' title='bbox 549 2533 583 2566; x_wconf 88' lang='lat' dir='ltr'>in</span> <span class='ocrx_word' id='word_1_356' title='bbox 598 2532 766 2565; x_wconf 82' lang='lat' dir='ltr'>Comitem</span> <span class='ocrx_word' id='word_1_357' title='bbox 784 2528 994 2563; x_wconf 87' lang='lat' dir='ltr'>Pascentium</span> <span class='ocrx_word' id='word_1_358' title='bbox 1015 2526 1193 2571; x_wconf 80' lang='lat' dir='ltr'>disputatu-</span> 
     </span>
     <span class='ocr_line' id='line_1_53' title="bbox 308 2577 1192 2627; baseline -0.009 -8"><span class='ocrx_word' id='word_1_359' title='bbox 308 2597 346 2619; x_wconf 77' lang='grc' dir='ltr'>το</span> <span class='ocrx_word' id='word_1_360' title='bbox 358 2609 369 2625; x_wconf 92' lang='grc'><strong><em>,</em></strong></span> <span class='ocrx_word' id='word_1_361' title='bbox 397 2583 537 2627; x_wconf 86' lang='lat' dir='ltr'>primum</span> <span class='ocrx_word' id='word_1_362' title='bbox 549 2582 659 2615; x_wconf 91' lang='lat' dir='ltr'>locum</span> <span class='ocrx_word' id='word_1_363' title='bbox 670 2578 788 2615; x_wconf 84' lang='lat' dir='ltr'>detulit</span> <span class='ocrx_word' id='word_1_364' title='bbox 800 2579 967 2623; x_wconf 87' lang='lat' dir='ltr'>Cognitor</span> <span class='ocrx_word' id='word_1_365' title='bbox 979 2577 1175 2612; x_wconf 81' lang='lat' dir='ltr'>Laurentius</span> <span class='ocrx_word' id='word_1_366' title='bbox 1185 2601 1192 2609; x_wconf 91' lang='lat'>.</span> 
     </span>
     <span class='ocr_line' id='line_1_54' title="bbox 308 2627 1193 2675; baseline -0.008 -6"><span class='ocrx_word' id='word_1_367' title='bbox 308 2636 347 2668; x_wconf 87' lang='lat' dir='ltr'>In</span> <span class='ocrx_word' id='word_1_368' title='bbox 359 2632 502 2669; x_wconf 87' lang='lat' dir='ltr'>eundem</span> <span class='ocrx_word' id='word_1_369' title='bbox 514 2630 740 2675; x_wconf 85' lang='lat' dir='ltr'>Augustinum</span> <span class='ocrx_word' id='word_1_370' title='bbox 759 2628 918 2671; x_wconf 83' lang='lat' dir='ltr'>disputare</span> <span class='ocrx_word' id='word_1_371' title='bbox 930 2628 1117 2671; x_wconf 88' lang='lat' dir='ltr'>compulsus</span> <span class='ocrx_word' id='word_1_372' title='bbox 1137 2627 1193 2662; x_wconf 83' lang='lat' dir='ltr'>Fe-</span> 
     </span>
     <span class='ocr_line' id='line_1_55' title="bbox 194 2677 1195 2735; baseline -0.009 -16"><span class='ocrx_word' id='word_1_373' title='bbox 194 2708 210 2735; x_wconf 85' lang='lat'>1</span> <span class='ocrx_word' id='word_1_374' title='bbox 221 2703 256 2734; x_wconf 83' lang='lat' dir='ltr'>ib.</span> <span class='ocrx_word' id='word_1_375' title='bbox 270 2714 292 2732; x_wconf 33' lang='lat'>,¹</span> <span class='ocrx_word' id='word_1_376' title='bbox 309 2686 358 2719; x_wconf 78' lang='lat' dir='ltr'>lix</span> <span class='ocrx_word' id='word_1_377' title='bbox 370 2681 572 2717; x_wconf 80' lang='lat' dir='ltr'>Manichaeus</span> <span class='ocrx_word' id='word_1_378' title='bbox 586 2681 629 2714; x_wconf 88' lang='lat' dir='ltr'>ita</span> <span class='ocrx_word' id='word_1_379' title='bbox 640 2677 787 2723; x_wconf 84' lang='lat' dir='ltr'>excepit:</span> <span class='ocrx_word' id='word_1_380' title='bbox 816 2681 890 2711; x_wconf 87' lang='lat' dir='ltr'>Non</span> <span class='ocrx_word' id='word_1_381' title='bbox 901 2678 1020 2709; x_wconf 73' lang='lat' dir='ltr'>tantum</span> <span class='ocrx_word' id='word_1_382' title='bbox 1032 2689 1081 2720; x_wconf 83' lang='lat' dir='ltr'>ego</span> <span class='ocrx_word' id='word_1_383' title='bbox 1087 2677 1195 2721; x_wconf 82' lang='lat' dir='ltr'>poffum</span> 
     </span>
     <span class='ocr_line' id='line_1_56' title="bbox 175 2726 1191 2784; baseline -0.009 -15"><span class='ocrx_word' id='word_1_384' title='bbox 175 2730 239 2784; x_wconf 47' lang='lat' dir='ltr'>cai„</span> <span class='ocrx_word' id='word_1_385' title='bbox 252 2754 292 2773; x_wconf 71' lang='grc' dir='ltr'>η,</span> <span class='ocrx_word' id='word_1_386' title='bbox 309 2743 414 2768; x_wconf 81' lang='lat' dir='ltr'>contra</span> <span class='ocrx_word' id='word_1_387' title='bbox 437 2740 520 2764; x_wconf 84' lang='lat' dir='ltr'>tuam</span> <span class='ocrx_word' id='word_1_388' title='bbox 542 2735 712 2768; x_wconf 79' lang='lat' dir='ltr'>Virtutem,</span> <span class='ocrx_word' id='word_1_389' title='bbox 738 2733 809 2770; x_wconf 79' lang='lat' dir='ltr'>quia</span> <span class='ocrx_word' id='word_1_390' title='bbox 831 2726 955 2767; x_wconf 85' lang='lat' dir='ltr'>miraest</span> <span class='ocrx_word' id='word_1_391' title='bbox 968 2732 1067 2760; x_wconf 71' lang='lat' dir='ltr'>vinus</span> <span class='ocrx_word' id='word_1_392' title='bbox 1076 2729 1191 2772; x_wconf 79' lang='lat' dir='ltr'>gradus</span> 
     </span>
     <span class='ocr_line' id='line_1_57' title="bbox 312 2775 1195 2828; baseline -0.006 -11"><span class='ocrx_word' id='word_1_393' title='bbox 312 2783 515 2828; x_wconf 76' lang='lat' dir='ltr'>Episcopalts.</span> <span class='ocrx_word' id='word_1_394' title='bbox 546 2780 589 2814; x_wconf 86' lang='lat' dir='ltr'>Et</span> <span class='ocrx_word' id='word_1_395' title='bbox 609 2779 676 2823; x_wconf 89' lang='lat' dir='ltr'>ipse</span> <span class='ocrx_word' id='word_1_396' title='bbox 698 2777 905 2823; x_wconf 83' lang='lat' dir='ltr'>Augustinus</span> <span class='ocrx_word' id='word_1_397' title='bbox 923 2775 1033 2811; x_wconf 85' lang='lat' dir='ltr'>scribit</span> <span class='ocrx_word' id='word_1_398' title='bbox 1055 2779 1097 2812; x_wconf 89' lang='lat' dir='ltr'>ad</span> <span class='ocrx_word' id='word_1_399' title='bbox 1119 2775 1195 2812; x_wconf 59' lang='lat' dir='ltr'>Pro*</span> 
     </span>
     <span class='ocr_line' id='line_1_58' title="bbox 313 2826 1196 2871; baseline -0.009 -2"><span class='ocrx_word' id='word_1_400' title='bbox 313 2836 482 2870; x_wconf 86' lang='lat' dir='ltr'>culianum</span> <span class='ocrx_word' id='word_1_401' title='bbox 507 2830 755 2865; x_wconf 81' lang='lat' dir='ltr'>Donatistarum</span> <span class='ocrx_word' id='word_1_402' title='bbox 778 2828 974 2871; x_wconf 86' lang='lat' dir='ltr'>Episcopum</span> <span class='ocrx_word' id='word_1_403' title='bbox 1000 2826 1196 2871; x_wconf 88' lang='lat' dir='ltr'>Hipponen-</span> 
     </span>
     <span class='ocr_line' id='line_1_59' title="bbox 314 2877 1196 2920; baseline -0.01 0"><span class='ocrx_word' id='word_1_404' title='bbox 314 2889 399 2920; x_wconf 81' lang='lat' dir='ltr'>sem:</span> <span class='ocrx_word' id='word_1_405' title='bbox 429 2888 583 2916; x_wconf 79' lang='lat' dir='ltr'>Honorant</span> <span class='ocrx_word' id='word_1_406' title='bbox 593 2892 644 2913; x_wconf 87' lang='lat' dir='ltr'>nos</span> <span class='ocrx_word' id='word_1_407' title='bbox 657 2878 748 2919; x_wconf 76' lang='lat' dir='ltr'>vestri</span> <span class='ocrx_word' id='word_1_408' title='bbox 759 2903 770 2919; x_wconf 90' lang='lat'>,</span> <span class='ocrx_word' id='word_1_409' title='bbox 786 2877 930 2911; x_wconf 74' lang='lat' dir='ltr'>honorant</span> <span class='ocrx_word' id='word_1_410' title='bbox 941 2888 994 2911; x_wconf 87' lang='lat' dir='ltr'>vos</span> <span class='ocrx_word' id='word_1_411' title='bbox 1006 2878 1091 2917; x_wconf 75' lang='lat' dir='ltr'>nostri</span> <span class='ocrx_word' id='word_1_412' title='bbox 1102 2903 1109 2910; x_wconf 94' lang='lat'>.</span> <span class='ocrx_word' id='word_1_413' title='bbox 1138 2880 1196 2911; x_wconf 81' lang='lat' dir='ltr'>Per</span> 
     </span>
     <span class='ocr_line' id='line_1_60' title="bbox 170 2927 1197 2978; baseline -0.006 -13"><span class='ocrx_word' id='word_1_414' title='bbox 170 2939 222 2975; x_wconf 75' lang='lat' dir='ltr'>Ep.</span> <span class='ocrx_word' id='word_1_415' title='bbox 238 2946 296 2970; x_wconf 80' lang='lat'>147·</span> <span class='ocrx_word' id='word_1_416' title='bbox 314 2945 449 2978; x_wconf 54' lang='lat' dir='ltr'>eoronam</span> <span class='ocrx_word' id='word_1_417' title='bbox 470 2931 595 2971; x_wconf 86' lang='lat' dir='ltr'>nostram</span> <span class='ocrx_word' id='word_1_418' title='bbox 613 2931 760 2972; x_wconf 81' lang='lat' dir='ltr'>adjurant</span> <span class='ocrx_word' id='word_1_419' title='bbox 782 2941 835 2961; x_wconf 81' lang='lat' dir='ltr'>nos</span> <span class='ocrx_word' id='word_1_420' title='bbox 858 2927 969 2967; x_wconf 79' lang='lat' dir='ltr'>vestri,</span> <span class='ocrx_word' id='word_1_421' title='bbox 990 2935 1045 2969; x_wconf 75' lang='lat' dir='ltr'>per</span> <span class='ocrx_word' id='word_1_422' title='bbox 1064 2939 1197 2961; x_wconf 84' lang='lat' dir='ltr'>coronam</span> 
     </span>
    </p>

    <p class='ocr_par' dir='ltr' id='par_1_10' title="bbox 313 2974 1201 3172">
     <span class='ocr_line' id='line_1_61' title="bbox 314 2974 1199 3027; baseline -0.011 -7"><span class='ocrx_word' id='word_1_423' title='bbox 314 2985 442 3027; x_wconf 73' lang='lat' dir='ltr'>vestram</span> <span class='ocrx_word' id='word_1_424' title='bbox 464 2974 677 3022; x_wconf 77' lang='lat' dir='ltr'>adjuranivos</span> <span class='ocrx_word' id='word_1_425' title='bbox 688 2978 792 3019; x_wconf 74' lang='lat' dir='ltr'>nostrl.</span> <span class='ocrx_word' id='word_1_426' title='bbox 820 2982 933 3019; x_wconf 84' lang='lat' dir='ltr'>Capita</span> <span class='ocrx_word' id='word_1_427' title='bbox 952 2975 1137 3019; x_wconf 75' lang='lat' dir='ltr'>submittunt</span> <span class='ocrx_word' id='word_1_428' title='bbox 1148 2983 1199 3022; x_wconf 72' lang='lat' dir='ltr'>qui</span> 
     </span>
     <span class='ocr_line' id='line_1_62' title="bbox 313 3025 1199 3079; baseline -0.01 -8"><span class='ocrx_word' id='word_1_429' title='bbox 313 3049 364 3071; x_wconf 86' lang='lat' dir='ltr'>nos</span> <span class='ocrx_word' id='word_1_430' title='bbox 367 3034 519 3079; x_wconf 84' lang='lat' dir='ltr'>salutant.</span> <span class='ocrx_word' id='word_1_431' title='bbox 547 3030 651 3079; x_wconf 87' lang='lat' dir='ltr'>Qod</span> <span class='ocrx_word' id='word_1_432' title='bbox 672 3040 740 3064; x_wconf 88' lang='lat' dir='ltr'>non</span> <span class='ocrx_word' id='word_1_433' title='bbox 751 3025 986 3063; x_wconf 75' lang='lat' dir='ltr'>tantummodo</span> <span class='ocrx_word' id='word_1_434' title='bbox 998 3027 1121 3062; x_wconf 88' lang='lat' dir='ltr'>Comes</span> <span class='ocrx_word' id='word_1_435' title='bbox 1130 3028 1199 3062; x_wconf 84' lang='lat' dir='ltr'>Ma·</span> 
     </span>
     <span class='ocr_line' id='line_1_63' title="bbox 314 3077 1201 3126; baseline -0.01 -5"><span class='ocrx_word' id='word_1_436' title='bbox 314 3086 409 3122; x_wconf 88' lang='lat' dir='ltr'>scezil</span> <span class='ocrx_word' id='word_1_437' title='bbox 424 3110 435 3126; x_wconf 88' lang='lat'>,</span> <span class='ocrx_word' id='word_1_438' title='bbox 460 3082 514 3121; x_wconf 88' lang='lat' dir='ltr'>sed</span> <span class='ocrx_word' id='word_1_439' title='bbox 535 3083 568 3116; x_wconf 73' lang='grc' dir='ltr'>δε</span> <span class='ocrx_word' id='word_1_440' title='bbox 590 3082 656 3125; x_wconf 88' lang='lat' dir='ltr'>ipse</span> <span class='ocrx_word' id='word_1_441' title='bbox 676 3080 822 3124; x_wconf 85' lang='lat' dir='ltr'>Magnus</span> <span class='ocrx_word' id='word_1_442' title='bbox 843 3079 1022 3122; x_wconf 76' lang='lat' dir='ltr'>imperator</span> <span class='ocrx_word' id='word_1_443' title='bbox 1044 3077 1201 3112; x_wconf 88' lang='lat' dir='ltr'>Theodo-</span> 
     </span>
     <span class='ocr_line' id='line_1_64' title="bbox 317 3126 1201 3172; baseline -0.014 0"><span class='ocrx_word' id='word_1_444' title='bbox 317 3131 379 3172; x_wconf 77' lang='lat' dir='ltr'>sius</span> <span class='ocrx_word' id='word_1_445' title='bbox 390 3137 419 3170; x_wconf 92' lang='lat' dir='ltr'>se</span> <span class='ocrx_word' id='word_1_446' title='bbox 430 3133 471 3168; x_wconf 85' lang='lat' dir='ltr'>ad</span> <span class='ocrx_word' id='word_1_447' title='bbox 488 3132 596 3167; x_wconf 68' lang='lat' dir='ltr'>Sanfli</span> <span class='ocrx_word' id='word_1_448' title='bbox 610 3129 775 3165; x_wconf 80' lang='lat' dir='ltr'>Ambrosii</span> <span class='ocrx_word' id='word_1_449' title='bbox 797 3126 892 3172; x_wconf 91' lang='lat' dir='ltr'>pedes</span> <span class='ocrx_word' id='word_1_450' title='bbox 907 3126 1104 3171; x_wconf 88' lang='lat' dir='ltr'>prosternere</span> <span class='ocrx_word' id='word_1_451' title='bbox 1126 3127 1201 3162; x_wconf 91' lang='lat' dir='ltr'>sole-</span> 
     </span>
    </p>
   </div>
   <div class='ocr_carea' id='block_1_9' title="bbox 155 1900 290 1937">
    <p class='ocr_par' dir='ltr' id='par_1_11' title="bbox 155 1900 290 1937">
     <span class='ocr_line' id='line_1_65' title="bbox 155 1900 290 1937; baseline 0.007 -7"><span class='ocrx_word' id='word_1_452' title='bbox 155 1900 230 1937; x_wconf 81' lang='lat' dir='ltr'>Cap.</span> <span class='ocrx_word' id='word_1_453' title='bbox 246 1909 290 1931; x_wconf 72' lang='lat' dir='ltr'>10v</span> 
     </span>
    </p>
   </div>
   <div class='ocr_carea' id='block_1_10' title="bbox 316 3177 1204 3227">
    <p class='ocr_par' dir='ltr' id='par_1_12' title="bbox 316 3177 1204 3227">
     <span class='ocr_line' id='line_1_66' title="bbox 316 3177 1204 3227; baseline -0.015 -5"><span class='ocrx_word' id='word_1_454' title='bbox 316 3199 363 3222; x_wconf 84' lang='lat' dir='ltr'>ret</span> <span class='ocrx_word' id='word_1_455' title='bbox 374 3212 385 3227; x_wconf 92' lang='lat'>,</span> <span class='ocrx_word' id='word_1_456' title='bbox 410 3186 549 3219; x_wconf 87' lang='lat' dir='ltr'>affirmat</span> <span class='ocrx_word' id='word_1_457' title='bbox 562 3182 596 3215; x_wconf 91' lang='lat' dir='ltr'>in</span> <span class='ocrx_word' id='word_1_458' title='bbox 610 3180 703 3224; x_wconf 86' lang='lat' dir='ltr'>hujus</span> <span class='ocrx_word' id='word_1_459' title='bbox 716 3180 783 3214; x_wconf 87' lang='lat' dir='ltr'>vita</span> <span class='ocrx_word' id='word_1_460' title='bbox 796 3180 930 3214; x_wconf 59' lang='lat' dir='ltr'>Sanetus</span> <span class='ocrx_word' id='word_1_461' title='bbox 942 3177 1111 3220; x_wconf 86' lang='lat' dir='ltr'>Presbyter</span> <span class='ocrx_word' id='word_1_462' title='bbox 1122 3177 1204 3210; x_wconf 85' lang='lat' dir='ltr'>Pau-</span> 
     </span>
    </p>
   </div>
   <div class='ocr_carea' id='block_1_11' title="bbox 144 3227 1202 3470">
    <p class='ocr_par' dir='ltr' id='par_1_13' title="bbox 318 3227 1201 3275">
     <span class='ocr_line' id='line_1_67' title="bbox 318 3227 1201 3275; baseline -0.012 -5"><span class='ocrx_word' id='word_1_463' title='bbox 318 3238 425 3272; x_wconf 82' lang='lat' dir='ltr'>linus.</span> <span class='ocrx_word' id='word_1_464' title='bbox 455 3233 500 3268; x_wconf 88' lang='lat' dir='ltr'>Et</span> <span class='ocrx_word' id='word_1_465' title='bbox 522 3233 568 3267; x_wconf 89' lang='lat' dir='ltr'>ita</span> <span class='ocrx_word' id='word_1_466' title='bbox 588 3241 759 3275; x_wconf 84' lang='lat' dir='ltr'>oportere,</span> <span class='ocrx_word' id='word_1_467' title='bbox 786 3228 865 3264; x_wconf 86' lang='lat' dir='ltr'>dum</span> <span class='ocrx_word' id='word_1_468' title='bbox 886 3228 1093 3263; x_wconf 83' lang='lat' dir='ltr'>Auxentium</span> <span class='ocrx_word' id='word_1_469' title='bbox 1108 3227 1201 3269; x_wconf 85' lang='lat' dir='ltr'>abjici</span> 
     </span>
    </p>

    <p class='ocr_par' dir='ltr' id='par_1_14' title="bbox 320 3276 1202 3327">
     <span class='ocr_line' id='line_1_68' title="bbox 320 3276 1202 3327; baseline -0.011 -8"><span class='ocrx_word' id='word_1_470' title='bbox 320 3298 357 3327; x_wconf 82' lang='lat' dir='ltr'>ac</span> <span class='ocrx_word' id='word_1_471' title='bbox 381 3285 482 3319; x_wconf 88' lang='lat' dir='ltr'>alium</span> <span class='ocrx_word' id='word_1_472' title='bbox 505 3282 584 3327; x_wconf 84' lang='lat' dir='ltr'>eligi</span> <span class='ocrx_word' id='word_1_473' title='bbox 598 3281 683 3324; x_wconf 77' lang='lat' dir='ltr'>juffit</span> <span class='ocrx_word' id='word_1_474' title='bbox 709 3280 908 3324; x_wconf 86' lang='lat' dir='ltr'>Episcopum</span> <span class='ocrx_word' id='word_1_475' title='bbox 923 3302 935 3319; x_wconf 92' lang='lat'>‚</span> <span class='ocrx_word' id='word_1_476' title='bbox 959 3277 1044 3321; x_wconf 83' lang='lat' dir='ltr'>apud</span> <span class='ocrx_word' id='word_1_477' title='bbox 1055 3276 1202 3310; x_wconf 70' lang='lat' dir='ltr'>Ecclesiae</span> 
     </span>
    </p>

    <p class='ocr_par' dir='ltr' id='par_1_15' title="bbox 144 3325 1202 3470">
     <span class='ocr_line' id='line_1_69' title="bbox 211 3325 1202 3379; baseline -0.011 -11"><span class='ocrx_word' id='word_1_478' title='bbox 211 3374 215 3378; x_wconf 46' lang='grc'><strong>,</strong></span> <span class='ocrx_word' id='word_1_479' title='bbox 321 3333 579 3379; x_wconf 79' lang='lat' dir='ltr'>Mediola-nensis</span> <span class='ocrx_word' id='word_1_480' title='bbox 607 3331 742 3365; x_wconf 89' lang='lat' dir='ltr'>Clerum</span> <span class='ocrx_word' id='word_1_481' title='bbox 765 3329 919 3373; x_wconf 75' lang='lat' dir='ltr'>professus</span> <span class='ocrx_word' id='word_1_482' title='bbox 942 3327 1003 3360; x_wconf 89' lang='lat' dir='ltr'>fuit</span> <span class='ocrx_word' id='word_1_483' title='bbox 1023 3325 1202 3369; x_wconf 71' lang='lat' dir='ltr'>Imperator</span> 
     </span>
     <span class='ocr_line' id='line_1_70' title="bbox 189 3373 1201 3423; baseline -0.006 -6"><span class='ocrx_word' id='word_1_484' title='bbox 189 3373 251 3403; x_wconf 59' lang='lat' dir='ltr'>hb·</span> <span class='ocrx_word' id='word_1_485' title='bbox 276 3379 307 3405; x_wconf 69' lang='lat'>⁴⁰</span> <span class='ocrx_word' id='word_1_486' title='bbox 323 3382 595 3416; x_wconf 82' lang='lat' dir='ltr'>Valentinianus.</span> <span class='ocrx_word' id='word_1_487' title='bbox 619 3380 738 3416; x_wconf 68' lang='lat' dir='ltr'>&#39;Exstat</span> <span class='ocrx_word' id='word_1_488' title='bbox 762 3378 912 3423; x_wconf 79' lang='lat' dir='ltr'>professio</span> <span class='ocrx_word' id='word_1_489' title='bbox 925 3376 958 3409; x_wconf 84' lang='lat' dir='ltr'>in</span> <span class='ocrx_word' id='word_1_490' title='bbox 982 3375 1201 3411; x_wconf 81' lang='lat' dir='ltr'>Ecclefiastica</span> 
     </span>
     <span class='ocr_line' id='line_1_71' title="bbox 144 3421 1200 3470; baseline -0.011 2"><span class='ocrx_word' id='word_1_491' title='bbox 144 3423 208 3452; x_wconf 59' lang='lat'>⁶³9⁸</span> <span class='ocrx_word' id='word_1_492' title='bbox 232 3421 258 3448; x_wconf 87' lang='lat'>5-</span> <span class='ocrx_word' id='word_1_493' title='bbox 323 3429 708 3470; x_wconf 81' lang='lat' dir='ltr'>HistoriaTheodoreti.</span> <span class='ocrx_word' id='word_1_494' title='bbox 738 3428 891 3464; x_wconf 81' lang='lat' dir='ltr'>Avitaein</span> <span class='ocrx_word' id='word_1_495' title='bbox 904 3424 1036 3462; x_wconf 87' lang='lat' dir='ltr'>Clerum</span> <span class='ocrx_word' id='word_1_496' title='bbox 1060 3437 1200 3462; x_wconf 86' lang='lat' dir='ltr'>reveren-</span> 
     </span>
    </p>
   </div>
   <div class='ocr_carea' id='block_1_12' title="bbox 1202 1199 1228 3251">
    <p class='ocr_par' dir='ltr' id='par_1_16' title="bbox 1202 1199 1228 3251">
     <span class='ocr_line' id='line_1_72' title="bbox 1202 1199 1228 3251; baseline 0 0"><span class='ocrx_word' id='word_1_497' title='bbox 1202 1199 1228 3251; x_wconf 95' lang='lat' dir='ltr'> </span> 
     </span>
    </p>
   </div>
   <div class='ocr_carea' id='block_1_13' title="bbox 1243 373 2284 3518">
    <p class='ocr_par' dir='ltr' id='par_1_17' title="bbox 1243 373 2284 2513">
     <span class='ocr_line' id='line_1_73' title="bbox 1254 373 2150 430; baseline 0.013 -24"><span class='ocrx_word' id='word_1_498' title='bbox 1254 373 1256 385; x_wconf 75' lang='lat'>¹</span> <span class='ocrx_word' id='word_1_499' title='bbox 1273 375 1389 410; x_wconf 81' lang='lat' dir='ltr'>viffent</span> <span class='ocrx_word' id='word_1_500' title='bbox 1401 400 1412 416; x_wconf 96' lang='lat'>‚</span> <span class='ocrx_word' id='word_1_501' title='bbox 1439 377 1556 410; x_wconf 79' lang='lat' dir='ltr'>merito</span> <span class='ocrx_word' id='word_1_502' title='bbox 1568 377 1703 410; x_wconf 81' lang='lat' dir='ltr'>damnat</span> <span class='ocrx_word' id='word_1_503' title='bbox 1715 377 1959 419; x_wconf 71' lang='lat' dir='ltr'>Tertullianus.</span> <span class='ocrx_word' id='word_1_504' title='bbox 1988 387 2150 430; x_wconf 79' lang='lat' dir='ltr'>Loquitur</span> 
     </span>
     <span class='ocr_line' id='line_1_74' title="bbox 1271 426 2284 474; baseline 0.007 -16"><span class='ocrx_word' id='word_1_505' title='bbox 1271 437 1313 459; x_wconf 83' lang='lat' dir='ltr'>ex</span> <span class='ocrx_word' id='word_1_506' title='bbox 1335 426 1476 461; x_wconf 88' lang='lat' dir='ltr'>secunda</span> <span class='ocrx_word' id='word_1_507' title='bbox 1498 428 1604 461; x_wconf 73' lang='lat' dir='ltr'>Sancti</span> <span class='ocrx_word' id='word_1_508' title='bbox 1625 427 1712 462; x_wconf 90' lang='lat' dir='ltr'>Petri</span> <span class='ocrx_word' id='word_1_509' title='bbox 1731 429 1866 473; x_wconf 87' lang='lat' dir='ltr'>epistola</span> <span class='ocrx_word' id='word_1_510' title='bbox 1879 445 1890 465; x_wconf 91' lang='lat'>.·</span> <span class='ocrx_word' id='word_1_511' title='bbox 1915 436 2150 474; x_wconf 75' lang='lat' dir='ltr'>Dominationem</span> <span class='ocrx_word' id='word_1_512' title='bbox 2168 426 2242 464; x_wconf 63' lang='lat' dir='ltr'>C²P⁴</span> <span class='ocrx_word' id='word_1_513' title='bbox 2259 440 2284 458; x_wconf 81' lang='lat'>2·</span> 
     </span>
     <span class='ocr_line' id='line_1_75' title="bbox 1271 477 2151 531; baseline 0.017 -24"><span class='ocrx_word' id='word_1_514' title='bbox 1271 484 1458 510; x_wconf 84' lang='lat' dir='ltr'>contemnunt</span> <span class='ocrx_word' id='word_1_515' title='bbox 1477 501 1484 507; x_wconf 92' lang='lat'>.</span> <span class='ocrx_word' id='word_1_516' title='bbox 1511 477 1615 524; x_wconf 84' lang='lat' dir='ltr'>Qod</span> <span class='ocrx_word' id='word_1_517' title='bbox 1639 479 1743 521; x_wconf 85' lang='lat' dir='ltr'>ipsum</span> <span class='ocrx_word' id='word_1_518' title='bbox 1762 480 1874 514; x_wconf 88' lang='lat' dir='ltr'>scribit</span> <span class='ocrx_word' id='word_1_519' title='bbox 1900 482 2031 521; x_wconf 73' lang='lat' dir='ltr'>Sanetus</span> <span class='ocrx_word' id='word_1_520' title='bbox 2053 487 2151 531; x_wconf 83' lang='lat' dir='ltr'>Judas</span> 
     </span>
     <span class='ocr_line' id='line_1_76' title="bbox 1250 526 2151 581; baseline 0.017 -23"><span class='ocrx_word' id='word_1_521' title='bbox 1250 538 1254 572; x_wconf 59' lang='lat' dir='ltr'>g</span> <span class='ocrx_word' id='word_1_522' title='bbox 1273 526 1468 581; x_wconf 69' lang='lat' dir='ltr'>Apostolus.</span> <span class='ocrx_word' id='word_1_523' title='bbox 1498 527 1539 560; x_wconf 90' lang='lat' dir='ltr'>Et</span> <span class='ocrx_word' id='word_1_524' title='bbox 1552 527 1928 573; x_wconf 78' lang='lat' dir='ltr'>omninoloquunturde</span> <span class='ocrx_word' id='word_1_525' title='bbox 1939 536 2151 577; x_wconf 70' lang='lat' dir='ltr'>primispriw</span> 
     </span>
     <span class='ocr_line' id='line_1_77' title="bbox 1250 575 2148 623; baseline 0.017 -15"><span class='ocrx_word' id='word_1_526' title='bbox 1250 579 1253 613; x_wconf 58' lang='lat' dir='ltr'>f</span> <span class='ocrx_word' id='word_1_527' title='bbox 1270 575 1395 619; x_wconf 80' lang='lat' dir='ltr'>cipibus</span> <span class='ocrx_word' id='word_1_528' title='bbox 1406 576 1643 612; x_wconf 87' lang='lat' dir='ltr'>Gnosticorum</span> <span class='ocrx_word' id='word_1_529' title='bbox 1656 603 1663 611; x_wconf 90' lang='lat'>.</span> <span class='ocrx_word' id='word_1_530' title='bbox 1691 581 1742 614; x_wconf 88' lang='lat' dir='ltr'>Ita</span> <span class='ocrx_word' id='word_1_531' title='bbox 1755 581 1796 616; x_wconf 89' lang='lat' dir='ltr'>de</span> <span class='ocrx_word' id='word_1_532' title='bbox 1807 580 1989 620; x_wconf 77' lang='lat' dir='ltr'>Felicissimi</span> <span class='ocrx_word' id='word_1_533' title='bbox 2007 588 2148 623; x_wconf 86' lang='lat' dir='ltr'>Diaconi</span> 
     </span>
     <span class='ocr_line' id='line_1_78' title="bbox 1249 618 2149 679; baseline 0.016 -20"><span class='ocrx_word' id='word_1_534' title='bbox 1249 618 1252 679; x_wconf 56' lang='lat' dir='ltr'>J</span> <span class='ocrx_word' id='word_1_535' title='bbox 1269 628 1302 661; x_wconf 70' lang='grc' dir='ltr'>ὃς</span> <span class='ocrx_word' id='word_1_536' title='bbox 1323 627 1469 671; x_wconf 91' lang='lat' dir='ltr'>quinque</span> <span class='ocrx_word' id='word_1_537' title='bbox 1489 626 1758 671; x_wconf 76' lang='lat' dir='ltr'>presbyterorum</span> <span class='ocrx_word' id='word_1_538' title='bbox 1776 631 1834 667; x_wconf 89' lang='lat' dir='ltr'>fibi</span> <span class='ocrx_word' id='word_1_539' title='bbox 1866 633 1979 668; x_wconf 89' lang='lat' dir='ltr'>rebelli</span> <span class='ocrx_word' id='word_1_540' title='bbox 2008 638 2149 673; x_wconf 67' lang='lat' dir='ltr'>fastione</span> 
     </span>
     <span class='ocr_line' id='line_1_79' title="bbox 1248 677 2147 723; baseline 0.021 -19"><span class='ocrx_word' id='word_1_541' title='bbox 1248 695 1251 704; x_wconf 45' lang='lat'><em>³</em></span> <span class='ocrx_word' id='word_1_542' title='bbox 1271 678 1379 711; x_wconf 90' lang='lat' dir='ltr'>scribit</span> <span class='ocrx_word' id='word_1_543' title='bbox 1390 677 1430 711; x_wconf 89' lang='lat' dir='ltr'>ad</span> <span class='ocrx_word' id='word_1_544' title='bbox 1446 678 1598 712; x_wconf 65' lang='lat' dir='ltr'>Sanctum</span> <span class='ocrx_word' id='word_1_545' title='bbox 1607 678 1803 717; x_wconf 86' lang='lat' dir='ltr'>Pontificem</span> <span class='ocrx_word' id='word_1_546' title='bbox 1815 683 2008 719; x_wconf 86' lang='lat' dir='ltr'>Cornelium</span> <span class='ocrx_word' id='word_1_547' title='bbox 2017 687 2147 723; x_wconf 69' lang='lat' dir='ltr'>sanctus</span> 
     </span>
     <span class='ocr_line' id='line_1_80' title="bbox 1249 727 2281 780; baseline 0.011 -19"><span class='ocrx_word' id='word_1_548' title='bbox 1249 728 1251 740; x_wconf 81' lang='lat'>²</span> <span class='ocrx_word' id='word_1_549' title='bbox 1269 727 1456 771; x_wconf 86' lang='lat' dir='ltr'>Cyprianus</span> <span class='ocrx_word' id='word_1_550' title='bbox 1476 741 1487 760; x_wconf 84' lang='grc'>.-</span> <span class='ocrx_word' id='word_1_551' title='bbox 1512 731 1623 771; x_wconf 77' lang='lat' dir='ltr'>Neque</span> <span class='ocrx_word' id='word_1_552' title='bbox 1641 735 1718 764; x_wconf 88' lang='lat' dir='ltr'>em&#39;m</span> <span class='ocrx_word' id='word_1_553' title='bbox 1749 734 1870 768; x_wconf 81' lang='lat' dir='ltr'>aliunde</span> <span class='ocrx_word' id='word_1_554' title='bbox 1888 732 2012 777; x_wconf 82' lang='lat' dir='ltr'>baereses</span> <span class='ocrx_word' id='word_1_555' title='bbox 2041 737 2146 773; x_wconf 83' lang='lat' dir='ltr'>obortae</span> <span class='ocrx_word' id='word_1_556' title='bbox 2166 744 2212 780; x_wconf 60' lang='lat' dir='ltr'>rip.</span> <span class='ocrx_word' id='word_1_557' title='bbox 2235 748 2281 776; x_wconf 85' lang='lat'>55·</span> 
     </span>
     <span class='ocr_line' id='line_1_81' title="bbox 1262 777 2149 830; baseline 0.012 -20"><span class='ocrx_word' id='word_1_558' title='bbox 1262 777 1356 821; x_wconf 86' lang='lat' dir='ltr'>sunt,</span> <span class='ocrx_word' id='word_1_559' title='bbox 1381 786 1435 811; x_wconf 84' lang='lat' dir='ltr'>aut</span> <span class='ocrx_word' id='word_1_560' title='bbox 1456 787 1531 810; x_wconf 86' lang='lat' dir='ltr'>nata</span> <span class='ocrx_word' id='word_1_561' title='bbox 1547 778 1622 821; x_wconf 86' lang='lat' dir='ltr'>sunt</span> <span class='ocrx_word' id='word_1_562' title='bbox 1627 778 1812 823; x_wconf 66' lang='lat' dir='ltr'>schismata,</span> <span class='ocrx_word' id='word_1_563' title='bbox 1840 796 1930 827; x_wconf 83' lang='lat' dir='ltr'>quam</span> <span class='ocrx_word' id='word_1_564' title='bbox 1951 788 2045 825; x_wconf 75' lang='lat' dir='ltr'>inde,</span> <span class='ocrx_word' id='word_1_565' title='bbox 2067 791 2149 830; x_wconf 79' lang='lat' dir='ltr'>quod</span> 
     </span>
     <span class='ocr_line' id='line_1_82' title="bbox 1266 829 2146 880; baseline 0.011 -19"><span class='ocrx_word' id='word_1_566' title='bbox 1266 829 1415 861; x_wconf 76' lang='lat' dir='ltr'>sacerdon·</span> <span class='ocrx_word' id='word_1_567' title='bbox 1425 831 1483 862; x_wconf 78' lang='lat' dir='ltr'>Det</span> <span class='ocrx_word' id='word_1_568' title='bbox 1494 840 1552 861; x_wconf 85' lang='lat' dir='ltr'>non</span> <span class='ocrx_word' id='word_1_569' title='bbox 1561 829 1794 874; x_wconf 82' lang='lat' dir='ltr'>obtemperatur,</span> <span class='ocrx_word' id='word_1_570' title='bbox 1820 844 1872 868; x_wconf 83' lang='lat' dir='ltr'>nec</span> <span class='ocrx_word' id='word_1_571' title='bbox 1883 845 1960 868; x_wconf 73' lang='lat' dir='ltr'>umet</span> <span class='ocrx_word' id='word_1_572' title='bbox 1976 842 2011 870; x_wconf 72' lang='lat' dir='ltr'>in</span> <span class='ocrx_word' id='word_1_573' title='bbox 2020 838 2146 880; x_wconf 78' lang='lat' dir='ltr'>Eccleſsa</span> 
     </span>
     <span class='ocr_line' id='line_1_83' title="bbox 1266 881 2145 928; baseline 0.013 -18"><span class='ocrx_word' id='word_1_574' title='bbox 1266 881 1308 911; x_wconf 84' lang='lat' dir='ltr'>ad</span> <span class='ocrx_word' id='word_1_575' title='bbox 1319 887 1436 921; x_wconf 86' lang='lat' dir='ltr'>tempus</span> <span class='ocrx_word' id='word_1_576' title='bbox 1448 881 1588 912; x_wconf 82' lang='lat' dir='ltr'>sacerdos</span> <span class='ocrx_word' id='word_1_577' title='bbox 1599 904 1609 920; x_wconf 91' lang='lat'>‚</span> <span class='ocrx_word' id='word_1_578' title='bbox 1622 882 1656 914; x_wconf 71' lang='lat'><em>&amp;</em></span> <span class='ocrx_word' id='word_1_579' title='bbox 1666 883 1708 914; x_wconf 81' lang='lat' dir='ltr'>ad</span> <span class='ocrx_word' id='word_1_580' title='bbox 1717 892 1833 925; x_wconf 84' lang='lat' dir='ltr'>tempus</span> <span class='ocrx_word' id='word_1_581' title='bbox 1848 886 1949 925; x_wconf 75' lang='lat' dir='ltr'>judex</span> <span class='ocrx_word' id='word_1_582' title='bbox 1959 892 2024 920; x_wconf 80' lang='lat' dir='ltr'>vice</span> <span class='ocrx_word' id='word_1_583' title='bbox 2033 886 2145 928; x_wconf 70' lang='lat' dir='ltr'>christi</span> 
     </span>
     <span class='ocr_line' id='line_1_84' title="bbox 1265 929 2143 980; baseline 0.013 -18"><span class='ocrx_word' id='word_1_584' title='bbox 1265 936 1408 973; x_wconf 71' lang='lat' dir='ltr'>cogitatur</span> <span class='ocrx_word' id='word_1_585' title='bbox 1422 955 1429 962; x_wconf 92' lang='lat'>.</span> <span class='ocrx_word' id='word_1_586' title='bbox 1456 929 1587 974; x_wconf 81' lang='lat' dir='ltr'>Negata</span> <span class='ocrx_word' id='word_1_587' title='bbox 1603 930 1775 975; x_wconf 75' lang='lat' dir='ltr'>Praepofito</span> <span class='ocrx_word' id='word_1_588' title='bbox 1785 932 1975 970; x_wconf 81' lang='lat' dir='ltr'>obedientia</span> <span class='ocrx_word' id='word_1_589' title='bbox 1986 939 2096 980; x_wconf 87' lang='lat' dir='ltr'>paffim</span> <span class='ocrx_word' id='word_1_590' title='bbox 2108 938 2143 973; x_wconf 87' lang='lat' dir='ltr'>in</span> 
     </span>
     <span class='ocr_line' id='line_1_85' title="bbox 1267 979 2143 1032; baseline 0.013 -19"><span class='ocrx_word' id='word_1_591' title='bbox 1267 980 1579 1024; x_wconf 77' lang='lat' dir='ltr'>Para-synagogam</span> <span class='ocrx_word' id='word_1_592' title='bbox 1593 1005 1604 1019; x_wconf 84' lang='lat'>,</span> <span class='ocrx_word' id='word_1_593' title='bbox 1630 979 1710 1016; x_wconf 90' lang='lat' dir='ltr'>hinc</span> <span class='ocrx_word' id='word_1_594' title='bbox 1723 984 1756 1017; x_wconf 89' lang='lat' dir='ltr'>in</span> <span class='ocrx_word' id='word_1_595' title='bbox 1768 982 1926 1026; x_wconf 84' lang='lat' dir='ltr'>schisma,</span> <span class='ocrx_word' id='word_1_596' title='bbox 1944 988 2143 1032; x_wconf 82' lang='lat' dir='ltr'>tandemque</span> 
     </span>
     <span class='ocr_line' id='line_1_86' title="bbox 1266 1029 2142 1078; baseline 0.01 -16"><span class='ocrx_word' id='word_1_597' title='bbox 1266 1029 1299 1063; x_wconf 87' lang='lat' dir='ltr'>in</span> <span class='ocrx_word' id='word_1_598' title='bbox 1319 1029 1459 1064; x_wconf 84' lang='lat' dir='ltr'>haeresim</span> <span class='ocrx_word' id='word_1_599' title='bbox 1472 1053 1483 1069; x_wconf 91' lang='lat'>‚</span> <span class='ocrx_word' id='word_1_600' title='bbox 1510 1030 1542 1062; x_wconf 91' lang='lat' dir='ltr'>id</span> <span class='ocrx_word' id='word_1_601' title='bbox 1554 1029 1599 1063; x_wconf 85' lang='lat' dir='ltr'>est</span> <span class='ocrx_word' id='word_1_602' title='bbox 1613 1055 1624 1070; x_wconf 92' lang='lat'>,</span> <span class='ocrx_word' id='word_1_603' title='bbox 1651 1031 1781 1067; x_wconf 67' lang='lat' dir='ltr'>Divinae</span> <span class='ocrx_word' id='word_1_604' title='bbox 1805 1035 1977 1078; x_wconf 83' lang='lat' dir='ltr'>majestatis</span> <span class='ocrx_word' id='word_1_605' title='bbox 1995 1036 2142 1073; x_wconf 89' lang='lat' dir='ltr'>rebellio-</span> 
     </span>
     <span class='ocr_line' id='line_1_87' title="bbox 1268 1079 2144 1131; baseline 0.011 -18"><span class='ocrx_word' id='word_1_606' title='bbox 1268 1092 1340 1114; x_wconf 87' lang='lat' dir='ltr'>nem</span> <span class='ocrx_word' id='word_1_607' title='bbox 1363 1079 1480 1114; x_wconf 88' lang='lat' dir='ltr'>ebullit</span> <span class='ocrx_word' id='word_1_608' title='bbox 1501 1091 1509 1111; x_wconf 94' lang='lat'><strong>:</strong></span> <span class='ocrx_word' id='word_1_609' title='bbox 1535 1079 1605 1126; x_wconf 81' lang='lat' dir='ltr'>Qi</span> <span class='ocrx_word' id='word_1_610' title='bbox 1631 1092 1740 1116; x_wconf 87' lang='lat' dir='ltr'>autem</span> <span class='ocrx_word' id='word_1_611' title='bbox 1767 1084 1843 1118; x_wconf 90' lang='lat' dir='ltr'>Deo</span> <span class='ocrx_word' id='word_1_612' title='bbox 1866 1085 2001 1122; x_wconf 85' lang='lat' dir='ltr'>rebellat</span> <span class='ocrx_word' id='word_1_613' title='bbox 2017 1111 2028 1128; x_wconf 90' lang='lat'>‚</span> <span class='ocrx_word' id='word_1_614' title='bbox 2062 1100 2144 1131; x_wconf 90' lang='lat' dir='ltr'>quo·</span> 
     </span>
     <span class='ocr_line' id='line_1_88' title="bbox 1267 1128 2140 1173; baseline 0.011 -10"><span class='ocrx_word' id='word_1_615' title='bbox 1267 1131 1366 1164; x_wconf 87' lang='lat' dir='ltr'>modo</span> <span class='ocrx_word' id='word_1_616' title='bbox 1379 1130 1471 1173; x_wconf 84' lang='lat' dir='ltr'>poffit</span> <span class='ocrx_word' id='word_1_617' title='bbox 1483 1128 1633 1164; x_wconf 82' lang='lat' dir='ltr'>hommes</span> <span class='ocrx_word' id='word_1_618' title='bbox 1643 1131 1832 1168; x_wconf 88' lang='lat' dir='ltr'>obedienter</span> <span class='ocrx_word' id='word_1_619' title='bbox 1851 1137 1988 1171; x_wconf 86' lang='lat' dir='ltr'>revereri</span> <span class='ocrx_word' id='word_1_620' title='bbox 2002 1137 2019 1168; x_wconf 65' lang='grc' dir='ltr'>,ἒ</span> <span class='ocrx_word' id='word_1_621' title='bbox 2044 1139 2140 1173; x_wconf 90' lang='lat' dir='ltr'>Hinc</span> 
     </span>
     <span class='ocr_line' id='line_1_89' title="bbox 1267 1178 2139 1230; baseline 0.009 -16"><span class='ocrx_word' id='word_1_622' title='bbox 1267 1181 1341 1214; x_wconf 72' lang='lat' dir='ltr'>istos</span> <span class='ocrx_word' id='word_1_623' title='bbox 1366 1178 1518 1219; x_wconf 87' lang='lat' dir='ltr'>rebelles,</span> <span class='ocrx_word' id='word_1_624' title='bbox 1544 1178 1622 1214; x_wconf 86' lang='lat' dir='ltr'>licet</span> <span class='ocrx_word' id='word_1_625' title='bbox 1641 1191 1784 1216; x_wconf 86' lang='lat' dir='ltr'>extrema</span> <span class='ocrx_word' id='word_1_626' title='bbox 1806 1186 2072 1230; x_wconf 85' lang='lat' dir='ltr'>comminentur,</span> <span class='ocrx_word' id='word_1_627' title='bbox 2097 1187 2139 1221; x_wconf 85' lang='lat' dir='ltr'>ab</span> 
     </span>
     <span class='ocr_line' id='line_1_90' title="bbox 1267 1227 2141 1281; baseline 0.007 -16"><span class='ocrx_word' id='word_1_628' title='bbox 1267 1229 1433 1274; x_wconf 84' lang='lat' dir='ltr'>Episcopis</span> <span class='ocrx_word' id='word_1_629' title='bbox 1443 1236 1511 1263; x_wconf 87' lang='lat' dir='ltr'>uon</span> <span class='ocrx_word' id='word_1_630' title='bbox 1521 1227 1689 1263; x_wconf 85' lang='lat' dir='ltr'>timendos</span> <span class='ocrx_word' id='word_1_631' title='bbox 1709 1231 1799 1265; x_wconf 87' lang='lat' dir='ltr'>addit</span> <span class='ocrx_word' id='word_1_632' title='bbox 1810 1233 2016 1277; x_wconf 87' lang='lat' dir='ltr'>Cyprianus,</span> <span class='ocrx_word' id='word_1_633' title='bbox 2042 1247 2141 1281; x_wconf 85' lang='lat' dir='ltr'>atque</span> 
     </span>
     <span class='ocr_line' id='line_1_91' title="bbox 1263 1277 2141 1329; baseline 0.007 -14"><span class='ocrx_word' id='word_1_634' title='bbox 1263 1280 1453 1315; x_wconf 88' lang='lat' dir='ltr'>concludit:</span> <span class='ocrx_word' id='word_1_635' title='bbox 1483 1277 1585 1312; x_wconf 67' lang='lat' dir='ltr'>Attum</span> <span class='ocrx_word' id='word_1_636' title='bbox 1596 1278 1633 1319; x_wconf 57' lang='grc' dir='ltr'>ιβ</span> <span class='ocrx_word' id='word_1_637' title='bbox 1644 1281 1682 1313; x_wconf 83' lang='lat' dir='ltr'>de</span> <span class='ocrx_word' id='word_1_638' title='bbox 1693 1280 1889 1324; x_wconf 72' lang='lat' dir='ltr'>Episcopatus</span> <span class='ocrx_word' id='word_1_639' title='bbox 1910 1290 2030 1329; x_wconf 78' lang='lat' dir='ltr'>vlgore,</span> <span class='ocrx_word' id='word_1_640' title='bbox 2057 1289 2141 1321; x_wconf 63' lang='lat' dir='ltr'>&amp;de</span> 
     </span>
     <span class='ocr_line' id='line_1_92' title="bbox 1265 1328 2138 1379; baseline 0.007 -15"><span class='ocrx_word' id='word_1_641' title='bbox 1265 1330 1398 1372; x_wconf 83' lang='lat' dir='ltr'>Ecclefiae</span> <span class='ocrx_word' id='word_1_642' title='bbox 1414 1328 1618 1374; x_wconf 65' lang='lat' dir='ltr'>gubernande</span> <span class='ocrx_word' id='word_1_643' title='bbox 1639 1328 1757 1372; x_wconf 80' lang='lat' dir='ltr'>subltmt</span> <span class='ocrx_word' id='word_1_644' title='bbox 1781 1342 1815 1364; x_wconf 82' lang='lat' dir='ltr'>ac</span> <span class='ocrx_word' id='word_1_645' title='bbox 1839 1337 1956 1367; x_wconf 71' lang='lat' dir='ltr'>Divina</span> <span class='ocrx_word' id='word_1_646' title='bbox 1974 1335 2138 1379; x_wconf 80' lang='lat' dir='ltr'>potestate,</span> 
     </span>
     <span class='ocr_line' id='line_1_93' title="bbox 1265 1379 2142 1428; baseline 0.003 -12"><span class='ocrx_word' id='word_1_647' title='bbox 1265 1393 1314 1415; x_wconf 83' lang='lat' dir='ltr'>nec</span> <span class='ocrx_word' id='word_1_648' title='bbox 1323 1379 1486 1420; x_wconf 73' lang='lat' dir='ltr'>Christiani</span> <span class='ocrx_word' id='word_1_649' title='bbox 1496 1381 1576 1412; x_wconf 84' lang='lat' dir='ltr'>ultra</span> <span class='ocrx_word' id='word_1_650' title='bbox 1586 1389 1641 1413; x_wconf 83' lang='lat' dir='ltr'>aut</span> <span class='ocrx_word' id='word_1_651' title='bbox 1653 1381 1763 1415; x_wconf 80' lang='lat' dir='ltr'>durare</span> <span class='ocrx_word' id='word_1_652' title='bbox 1774 1389 1825 1414; x_wconf 80' lang='lat' dir='ltr'>aut</span> <span class='ocrx_word' id='word_1_653' title='bbox 1837 1384 1889 1425; x_wconf 83' lang='lat' dir='ltr'>effe</span> <span class='ocrx_word' id='word_1_654' title='bbox 1893 1386 1965 1425; x_wconf 83' lang='lat' dir='ltr'>jam</span> <span class='ocrx_word' id='word_1_655' title='bbox 1969 1386 2115 1428; x_wconf 82' lang='lat' dir='ltr'>poffumus</span> <span class='ocrx_word' id='word_1_656' title='bbox 2130 1412 2142 1428; x_wconf 89' lang='lat'>‚</span> 
     </span>
     <span class='ocr_line' id='line_1_94' title="bbox 1259 1428 2143 1478; baseline 0.008 -14"><span class='ocrx_word' id='word_1_657' title='bbox 1259 1430 1284 1471; x_wconf 77' lang='lat' dir='ltr'><em>fi</em></span> <span class='ocrx_word' id='word_1_658' title='bbox 1289 1433 1333 1464; x_wconf 83' lang='lat' dir='ltr'>ad</span> <span class='ocrx_word' id='word_1_659' title='bbox 1341 1431 1391 1464; x_wconf 80' lang='lat' dir='ltr'>hoc</span> <span class='ocrx_word' id='word_1_660' title='bbox 1403 1440 1528 1464; x_wconf 83' lang='lat' dir='ltr'>ventum</span> <span class='ocrx_word' id='word_1_661' title='bbox 1540 1428 1578 1470; x_wconf 82' lang='lat' dir='ltr'>est</span> <span class='ocrx_word' id='word_1_662' title='bbox 1586 1454 1598 1470; x_wconf 90' lang='lat'>,</span> <span class='ocrx_word' id='word_1_663' title='bbox 1623 1439 1656 1463; x_wconf 87' lang='lat' dir='ltr'>ut</span> <span class='ocrx_word' id='word_1_664' title='bbox 1662 1433 1846 1473; x_wconf 75' lang='lat' dir='ltr'>perditorum</span> <span class='ocrx_word' id='word_1_665' title='bbox 1857 1440 1957 1467; x_wconf 79' lang='lat' dir='ltr'>minas</span> <span class='ocrx_word' id='word_1_666' title='bbox 1976 1445 2066 1478; x_wconf 77' lang='lat' dir='ltr'>atque</span> <span class='ocrx_word' id='word_1_667' title='bbox 2076 1437 2143 1478; x_wconf 71' lang='lat' dir='ltr'>infi0</span> 
     </span>
     <span class='ocr_line' id='line_1_95' title="bbox 1263 1479 2143 1523; baseline 0.008 -9"><span class='ocrx_word' id='word_1_668' title='bbox 1263 1483 1332 1515; x_wconf 76' lang='lat' dir='ltr'>dtas</span> <span class='ocrx_word' id='word_1_669' title='bbox 1350 1479 1610 1523; x_wconf 73' lang='lat' dir='ltr'>pertimescamus.</span> <span class='ocrx_word' id='word_1_670' title='bbox 1640 1481 1756 1515; x_wconf 85' lang='lat' dir='ltr'>Eversa</span> <span class='ocrx_word' id='word_1_671' title='bbox 1776 1482 1866 1518; x_wconf 87' lang='lat' dir='ltr'>enim</span> <span class='ocrx_word' id='word_1_672' title='bbox 1887 1484 2076 1521; x_wconf 88' lang='lat' dir='ltr'>obedientia</span> <span class='ocrx_word' id='word_1_673' title='bbox 2091 1490 2143 1521; x_wconf 88' lang='lat' dir='ltr'>in-</span> 
     </span>
     <span class='ocr_line' id='line_1_96' title="bbox 1261 1530 2138 1579; baseline 0.005 -13"><span class='ocrx_word' id='word_1_674' title='bbox 1261 1533 1351 1567; x_wconf 89' lang='lat' dir='ltr'>ducit</span> <span class='ocrx_word' id='word_1_675' title='bbox 1364 1530 1593 1574; x_wconf 81' lang='lat' dir='ltr'>Acephaliam.</span> <span class='ocrx_word' id='word_1_676' title='bbox 1625 1531 1798 1575; x_wconf 81' lang='lat' dir='ltr'>insigniter</span> <span class='ocrx_word' id='word_1_677' title='bbox 1820 1533 1854 1567; x_wconf 89' lang='lat' dir='ltr'>id</span> <span class='ocrx_word' id='word_1_678' title='bbox 1879 1534 1962 1569; x_wconf 87' lang='lat' dir='ltr'>olim</span> <span class='ocrx_word' id='word_1_679' title='bbox 1984 1538 2088 1579; x_wconf 83' lang='lat' dir='ltr'>patuit</span> <span class='ocrx_word' id='word_1_680' title='bbox 2103 1538 2138 1570; x_wconf 84' lang='lat' dir='ltr'>in</span> 
     </span>
     <span class='ocr_line' id='line_1_97' title="bbox 1261 1578 2142 1630; baseline 0.005 -13"><span class='ocrx_word' id='word_1_681' title='bbox 1261 1583 1460 1617; x_wconf 83' lang='lat' dir='ltr'>Francorum</span> <span class='ocrx_word' id='word_1_682' title='bbox 1481 1578 1671 1615; x_wconf 84' lang='lat' dir='ltr'>monarchia</span> <span class='ocrx_word' id='word_1_683' title='bbox 1684 1606 1692 1614; x_wconf 91' lang='lat'><strong>.</strong></span> <span class='ocrx_word' id='word_1_684' title='bbox 1724 1580 1827 1629; x_wconf 85' lang='lat' dir='ltr'>Qod</span> <span class='ocrx_word' id='word_1_685' title='bbox 1851 1587 1940 1618; x_wconf 85' lang='lat' dir='ltr'>enim</span> <span class='ocrx_word' id='word_1_686' title='bbox 1958 1586 2017 1619; x_wconf 91' lang='lat' dir='ltr'>sub</span> <span class='ocrx_word' id='word_1_687' title='bbox 2036 1586 2142 1630; x_wconf 79' lang='lat' dir='ltr'>poste·</span> 
     </span>
     <span class='ocr_line' id='line_1_98' title="bbox 1261 1631 2140 1677; baseline 0.005 -11"><span class='ocrx_word' id='word_1_688' title='bbox 1261 1631 1400 1667; x_wconf 88' lang='lat' dir='ltr'>rioribus</span> <span class='ocrx_word' id='word_1_689' title='bbox 1411 1631 1614 1675; x_wconf 73' lang='lat' dir='ltr'>Merpsvingii</span> <span class='ocrx_word' id='word_1_690' title='bbox 1635 1634 1762 1676; x_wconf 86' lang='lat' dir='ltr'>generis</span> <span class='ocrx_word' id='word_1_691' title='bbox 1773 1633 1921 1677; x_wconf 90' lang='lat' dir='ltr'>Regibus</span> <span class='ocrx_word' id='word_1_692' title='bbox 1937 1636 2140 1671; x_wconf 84' lang='lat' dir='ltr'>amiserimus</span> 
     </span>
     <span class='ocr_line' id='line_1_99' title="bbox 1258 1680 2139 1727; baseline 0.003 -9"><span class='ocrx_word' id='word_1_693' title='bbox 1258 1693 1396 1718; x_wconf 89' lang='lat' dir='ltr'>omnem</span> <span class='ocrx_word' id='word_1_694' title='bbox 1411 1682 1475 1716; x_wconf 81' lang='lat' dir='ltr'>fere</span> <span class='ocrx_word' id='word_1_695' title='bbox 1488 1680 1706 1715; x_wconf 86' lang='lat' dir='ltr'>Christianam</span> <span class='ocrx_word' id='word_1_696' title='bbox 1729 1681 1830 1717; x_wconf 87' lang='lat' dir='ltr'>vitam</span> <span class='ocrx_word' id='word_1_697' title='bbox 1841 1707 1852 1723; x_wconf 89' lang='lat'>,</span> <span class='ocrx_word' id='word_1_698' title='bbox 1880 1685 2051 1727; x_wconf 71' lang='lat' dir='ltr'>praesertim</span> <span class='ocrx_word' id='word_1_699' title='bbox 2063 1687 2139 1721; x_wconf 83' lang='lat' dir='ltr'>effe-</span> 
     </span>
     <span class='ocr_line' id='line_1_100' title="bbox 1257 1730 2141 1780; baseline 0.005 -12"><span class='ocrx_word' id='word_1_700' title='bbox 1257 1743 1370 1768; x_wconf 84' lang='lat' dir='ltr'>cerunt</span> <span class='ocrx_word' id='word_1_701' title='bbox 1384 1739 1435 1776; x_wconf 82' lang='lat' dir='ltr'>per</span> <span class='ocrx_word' id='word_1_702' title='bbox 1453 1732 1536 1775; x_wconf 88' lang='lat' dir='ltr'>ipsos</span> <span class='ocrx_word' id='word_1_703' title='bbox 1546 1730 1654 1765; x_wconf 88' lang='lat' dir='ltr'>invasa</span> <span class='ocrx_word' id='word_1_704' title='bbox 1668 1731 1884 1768; x_wconf 85' lang='lat' dir='ltr'>Ecclesiarum</span> <span class='ocrx_word' id='word_1_705' title='bbox 1903 1733 2014 1776; x_wconf 84' lang='lat' dir='ltr'>bona,</span> <span class='ocrx_word' id='word_1_706' title='bbox 2039 1746 2141 1780; x_wconf 80' lang='lat' dir='ltr'>atque</span> 
     </span>
     <span class='ocr_line' id='line_1_101' title="bbox 1259 1780 2135 1832; baseline 0.002 -14"><span class='ocrx_word' id='word_1_707' title='bbox 1259 1785 1302 1818; x_wconf 88' lang='lat' dir='ltr'>ita</span> <span class='ocrx_word' id='word_1_708' title='bbox 1313 1784 1421 1818; x_wconf 82' lang='lat' dir='ltr'>eversa</span> <span class='ocrx_word' id='word_1_709' title='bbox 1432 1782 1668 1825; x_wconf 80' lang='lat' dir='ltr'>Episcoporum</span> <span class='ocrx_word' id='word_1_710' title='bbox 1692 1780 1882 1818; x_wconf 79' lang='lat' dir='ltr'>obedientia</span> <span class='ocrx_word' id='word_1_711' title='bbox 1895 1809 1902 1816; x_wconf 90' lang='lat'>.</span> <span class='ocrx_word' id='word_1_712' title='bbox 1931 1785 2044 1832; x_wconf 79' lang='lat' dir='ltr'>Qare</span> <span class='ocrx_word' id='word_1_713' title='bbox 2056 1785 2135 1821; x_wconf 81' lang='lat' dir='ltr'>huic</span> 
     </span>
     <span class='ocr_line' id='line_1_102' title="bbox 1258 1831 2136 1876; baseline 0.003 -9"><span class='ocrx_word' id='word_1_714' title='bbox 1258 1832 1440 1876; x_wconf 67' lang='lat' dir='ltr'>reparandae</span> <span class='ocrx_word' id='word_1_715' title='bbox 1461 1831 1592 1865; x_wconf 69' lang='lat' dir='ltr'>sanctus</span> <span class='ocrx_word' id='word_1_716' title='bbox 1605 1831 1815 1873; x_wconf 81' lang='lat' dir='ltr'>Bonifatius,</span> <span class='ocrx_word' id='word_1_717' title='bbox 1844 1834 1998 1876; x_wconf 87' lang='lat' dir='ltr'>Gregorii</span> <span class='ocrx_word' id='word_1_718' title='bbox 2022 1835 2136 1870; x_wconf 88' lang='lat' dir='ltr'>secuu-</span> 
     </span>
     <span class='ocr_line' id='line_1_103' title="bbox 1256 1879 2135 1929; baseline 0.006 -14"><span class='ocrx_word' id='word_1_719' title='bbox 1256 1882 1288 1915; x_wconf 91' lang='lat' dir='ltr'>di</span> <span class='ocrx_word' id='word_1_720' title='bbox 1301 1879 1474 1915; x_wconf 89' lang='lat' dir='ltr'>Pontificis</span> <span class='ocrx_word' id='word_1_721' title='bbox 1485 1879 1527 1914; x_wconf 90' lang='lat' dir='ltr'>ad</span> <span class='ocrx_word' id='word_1_722' title='bbox 1539 1889 1597 1913; x_wconf 86' lang='lat' dir='ltr'>nos</span> <span class='ocrx_word' id='word_1_723' title='bbox 1609 1879 1753 1922; x_wconf 83' lang='lat' dir='ltr'>Legatus</span> <span class='ocrx_word' id='word_1_724' title='bbox 1762 1903 1773 1918; x_wconf 91' lang='lat'>‚</span> <span class='ocrx_word' id='word_1_725' title='bbox 1800 1883 1894 1916; x_wconf 81' lang='lat' dir='ltr'>variae</span> <span class='ocrx_word' id='word_1_726' title='bbox 1916 1883 1974 1917; x_wconf 92' lang='lat' dir='ltr'>sub</span> <span class='ocrx_word' id='word_1_727' title='bbox 1986 1883 2135 1929; x_wconf 87' lang='lat' dir='ltr'>Pippino</span> 
     </span>
     <span class='ocr_line' id='line_1_104' title="bbox 1258 1928 2136 1979; baseline 0.001 -13"><span class='ocrx_word' id='word_1_728' title='bbox 1258 1932 1352 1975; x_wconf 87' lang='lat' dir='ltr'>Rege</span> <span class='ocrx_word' id='word_1_729' title='bbox 1362 1940 1399 1964; x_wconf 87' lang='lat' dir='ltr'>ac</span> <span class='ocrx_word' id='word_1_730' title='bbox 1420 1929 1488 1972; x_wconf 79' lang='lat' dir='ltr'>ejus</span> <span class='ocrx_word' id='word_1_731' title='bbox 1508 1928 1579 1962; x_wconf 86' lang='lat' dir='ltr'>filio</span> <span class='ocrx_word' id='word_1_732' title='bbox 1589 1928 1714 1962; x_wconf 82' lang='lat' dir='ltr'>Cat-olo</span> <span class='ocrx_word' id='word_1_733' title='bbox 1726 1928 1858 1975; x_wconf 86' lang='lat' dir='ltr'>Magno</span> <span class='ocrx_word' id='word_1_734' title='bbox 1877 1933 2006 1975; x_wconf 87' lang='lat' dir='ltr'>Synodi</span> <span class='ocrx_word' id='word_1_735' title='bbox 2018 1958 2030 1975; x_wconf 88' lang='lat'>‚</span> <span class='ocrx_word' id='word_1_736' title='bbox 2057 1934 2136 1979; x_wconf 85' lang='lat' dir='ltr'>Epi-</span> 
     </span>
     <span class='ocr_line' id='line_1_105' title="bbox 1257 1976 2134 2021; baseline 0.008 -9"><span class='ocrx_word' id='word_1_737' title='bbox 1257 1979 1345 2021; x_wconf 86' lang='lat' dir='ltr'>scopi</span> <span class='ocrx_word' id='word_1_738' title='bbox 1366 1978 1470 2021; x_wconf 87' lang='lat' dir='ltr'>plures</span> <span class='ocrx_word' id='word_1_739' title='bbox 1495 1978 1530 2009; x_wconf 87' lang='lat' dir='ltr'>in</span> <span class='ocrx_word' id='word_1_740' title='bbox 1553 1977 1618 2010; x_wconf 83' lang='lat' dir='ltr'>suis</span> <span class='ocrx_word' id='word_1_741' title='bbox 1639 1976 1907 2021; x_wconf 70' lang='lat' dir='ltr'>capitularibus,</span> <span class='ocrx_word' id='word_1_742' title='bbox 1931 1983 1966 2017; x_wconf 73' lang='grc' dir='ltr'>ἀ</span> <span class='ocrx_word' id='word_1_743' title='bbox 1979 1984 2134 2019; x_wconf 81' lang='lat' dir='ltr'>nomina-</span> 
     </span>
     <span class='ocr_line' id='line_1_106' title="bbox 1257 2024 2134 2071; baseline 0.008 -10"><span class='ocrx_word' id='word_1_744' title='bbox 1257 2029 1319 2063; x_wconf 86' lang='lat' dir='ltr'>tim</span> <span class='ocrx_word' id='word_1_745' title='bbox 1341 2025 1474 2061; x_wconf 62' lang='lat' dir='ltr'>Sanctus</span> <span class='ocrx_word' id='word_1_746' title='bbox 1500 2024 1697 2070; x_wconf 85' lang='lat' dir='ltr'>Agobardus</span> <span class='ocrx_word' id='word_1_747' title='bbox 1724 2025 1950 2071; x_wconf 80' lang='lat' dir='ltr'>Lugdunensis</span> <span class='ocrx_word' id='word_1_748' title='bbox 1975 2031 2068 2066; x_wconf 84' lang='lat' dir='ltr'>edito</span> <span class='ocrx_word' id='word_1_749' title='bbox 2092 2034 2134 2068; x_wconf 85' lang='lat' dir='ltr'>ad</span> 
     </span>
     <span class='ocr_line' id='line_1_107' title="bbox 1259 2074 2136 2124; baseline 0.002 -12"><span class='ocrx_word' id='word_1_750' title='bbox 1259 2077 1458 2112; x_wconf 88' lang='lat' dir='ltr'>Bernardum</span> <span class='ocrx_word' id='word_1_751' title='bbox 1471 2074 1696 2109; x_wconf 87' lang='lat' dir='ltr'>Viennensem</span> <span class='ocrx_word' id='word_1_752' title='bbox 1718 2075 1838 2121; x_wconf 76' lang='lat' dir='ltr'>insigni</span> <span class='ocrx_word' id='word_1_753' title='bbox 1861 2077 1976 2113; x_wconf 88' lang='lat' dir='ltr'>libello</span> <span class='ocrx_word' id='word_1_754' title='bbox 1999 2084 2136 2124; x_wconf 68' lang='lat' dir='ltr'>operose</span> 
     </span>
     <span class='ocr_line' id='line_1_108' title="bbox 1257 2125 2137 2172; baseline 0.006 -10"><span class='ocrx_word' id='word_1_755' title='bbox 1257 2128 1503 2162; x_wconf 87' lang='lat' dir='ltr'>laboraverunt.</span> <span class='ocrx_word' id='word_1_756' title='bbox 1537 2125 1639 2172; x_wconf 82' lang='lat' dir='ltr'>Qod</span> <span class='ocrx_word' id='word_1_757' title='bbox 1651 2125 1755 2168; x_wconf 87' lang='lat' dir='ltr'>ipsum</span> <span class='ocrx_word' id='word_1_758' title='bbox 1767 2129 1861 2160; x_wconf 84' lang='lat' dir='ltr'>omni</span> <span class='ocrx_word' id='word_1_759' title='bbox 1884 2129 1950 2163; x_wconf 76' lang='lat' dir='ltr'>fere</span> <span class='ocrx_word' id='word_1_760' title='bbox 1962 2131 2079 2165; x_wconf 86' lang='lat' dir='ltr'>saeculo</span> <span class='ocrx_word' id='word_1_761' title='bbox 2091 2133 2137 2167; x_wconf 83' lang='lat' dir='ltr'>sa-</span> 
     </span>
     <span class='ocr_line' id='line_1_109' title="bbox 1257 2175 2136 2220; baseline 0.006 -8"><span class='ocrx_word' id='word_1_762' title='bbox 1257 2179 1344 2212; x_wconf 64' lang='lat' dir='ltr'>Cium</span> <span class='ocrx_word' id='word_1_763' title='bbox 1356 2176 1448 2211; x_wconf 72' lang='lat' dir='ltr'>fuisse</span> <span class='ocrx_word' id='word_1_764' title='bbox 1458 2175 1543 2218; x_wconf 83' lang='lat' dir='ltr'>apud</span> <span class='ocrx_word' id='word_1_765' title='bbox 1555 2176 1635 2209; x_wconf 83' lang='lat' dir='ltr'>alias</span> <span class='ocrx_word' id='word_1_766' title='bbox 1645 2186 1758 2220; x_wconf 87' lang='lat' dir='ltr'>gentes</span> <span class='ocrx_word' id='word_1_767' title='bbox 1773 2178 1866 2220; x_wconf 79' lang='lat' dir='ltr'>poffir.</span> <span class='ocrx_word' id='word_1_768' title='bbox 1879 2178 1989 2213; x_wconf 76' lang='lat' dir='ltr'>lucide</span> <span class='ocrx_word' id='word_1_769' title='bbox 1998 2181 2136 2216; x_wconf 88' lang='lat' dir='ltr'>demon·</span> 
     </span>
     <span class='ocr_line' id='line_1_110' title="bbox 1243 2225 2271 2278; baseline 0 -16"><span class='ocrx_word' id='word_1_770' title='bbox 1243 2227 1363 2278; x_wconf 59' lang='lat' dir='ltr'>Mirari.</span> <span class='ocrx_word' id='word_1_771' title='bbox 1392 2226 1480 2260; x_wconf 88' lang='lat' dir='ltr'>Nam</span> <span class='ocrx_word' id='word_1_772' title='bbox 1495 2226 1528 2260; x_wconf 89' lang='lat'>&amp;</span> <span class='ocrx_word' id='word_1_773' title='bbox 1538 2225 1623 2269; x_wconf 86' lang='lat' dir='ltr'>apud</span> <span class='ocrx_word' id='word_1_774' title='bbox 1638 2225 1737 2259; x_wconf 82' lang='lat' dir='ltr'>Italos</span> <span class='ocrx_word' id='word_1_775' title='bbox 1748 2226 1853 2271; x_wconf 86' lang='lat' dir='ltr'>viguit</span> <span class='ocrx_word' id='word_1_776' title='bbox 1867 2229 1990 2264; x_wconf 87' lang='lat' dir='ltr'>malum</span> <span class='ocrx_word' id='word_1_777' title='bbox 2002 2255 2009 2263; x_wconf 91' lang='lat'>.</span> <span class='ocrx_word' id='word_1_778' title='bbox 2032 2230 2133 2278; x_wconf 85' lang='lat' dir='ltr'>Qod</span> <span class='ocrx_word' id='word_1_779' title='bbox 2156 2231 2213 2262; x_wconf 82' lang='lat' dir='ltr'>Lib.</span> <span class='ocrx_word' id='word_1_780' title='bbox 2241 2236 2271 2263; x_wconf 81' lang='lat'>2.&#39;</span> 
     </span>
     <span class='ocr_line' id='line_1_111' title="bbox 1258 2274 2271 2324; baseline 0.004 -12"><span class='ocrx_word' id='word_1_781' title='bbox 1258 2279 1360 2322; x_wconf 89' lang='lat' dir='ltr'>ipsum</span> <span class='ocrx_word' id='word_1_782' title='bbox 1382 2274 1561 2311; x_wconf 84' lang='lat' dir='ltr'>correxerit—</span> <span class='ocrx_word' id='word_1_783' title='bbox 1583 2275 1760 2318; x_wconf 80' lang='lat' dir='ltr'>Imperator</span> <span class='ocrx_word' id='word_1_784' title='bbox 1779 2278 1968 2314; x_wconf 85' lang='lat' dir='ltr'>Fredericus</span> <span class='ocrx_word' id='word_1_785' title='bbox 1989 2282 2111 2324; x_wconf 84' lang='lat' dir='ltr'>primus</span> <span class='ocrx_word' id='word_1_786' title='bbox 2123 2308 2135 2323; x_wconf 93' lang='lat'>,</span> <span class='ocrx_word' id='word_1_787' title='bbox 2152 2277 2271 2311; x_wconf 46' lang='grc' dir='ltr'>αἶ’-76·</span> 
     </span>
     <span class='ocr_line' id='line_1_112' title="bbox 1257 2325 2136 2375; baseline 0.005 -13"><span class='ocrx_word' id='word_1_788' title='bbox 1257 2329 1393 2362; x_wconf 81' lang='lat' dir='ltr'>affirmat</span> <span class='ocrx_word' id='word_1_789' title='bbox 1416 2326 1602 2360; x_wconf 86' lang='lat' dir='ltr'>Radevicus</span> <span class='ocrx_word' id='word_1_790' title='bbox 1624 2325 1796 2369; x_wconf 80' lang='lat' dir='ltr'>Presbyter</span> <span class='ocrx_word' id='word_1_791' title='bbox 1819 2327 2027 2375; x_wconf 85' lang='lat' dir='ltr'>Frifingensis</span> <span class='ocrx_word' id='word_1_792' title='bbox 2047 2356 2055 2364; x_wconf 93' lang='lat'>.</span> <span class='ocrx_word' id='word_1_793' title='bbox 2082 2331 2136 2366; x_wconf 85' lang='lat' dir='ltr'>De</span> 
     </span>
     <span class='ocr_line' id='line_1_113' title="bbox 1259 2376 2135 2424; baseline 0.003 -12"><span class='ocrx_word' id='word_1_794' title='bbox 1259 2377 1427 2421; x_wconf 87' lang='lat' dir='ltr'>Episcopis</span> <span class='ocrx_word' id='word_1_795' title='bbox 1438 2376 1608 2420; x_wconf 61' lang='lat' dir='ltr'>praesertim</span> <span class='ocrx_word' id='word_1_796' title='bbox 1620 2402 1629 2415; x_wconf 91' lang='lat'><em>‚</em></span> <span class='ocrx_word' id='word_1_797' title='bbox 1658 2388 1698 2409; x_wconf 91' lang='lat' dir='ltr'>ne</span> <span class='ocrx_word' id='word_1_798' title='bbox 1722 2377 1813 2411; x_wconf 87' lang='lat' dir='ltr'>laicis</span> <span class='ocrx_word' id='word_1_799' title='bbox 1825 2377 2031 2424; x_wconf 87' lang='lat' dir='ltr'>Principibus</span> <span class='ocrx_word' id='word_1_800' title='bbox 2044 2382 2135 2416; x_wconf 80' lang='lat' dir='ltr'>suam</span> 
     </span>
     <span class='ocr_line' id='line_1_114' title="bbox 1255 2425 2137 2474; baseline 0.005 -12"><span class='ocrx_word' id='word_1_801' title='bbox 1255 2427 1453 2473; x_wconf 87' lang='lat' dir='ltr'>dignitatem</span> <span class='ocrx_word' id='word_1_802' title='bbox 1474 2425 1706 2460; x_wconf 89' lang='lat' dir='ltr'>submitterent</span> <span class='ocrx_word' id='word_1_803' title='bbox 1725 2450 1738 2466; x_wconf 87' lang='lat'>,</span> <span class='ocrx_word' id='word_1_804' title='bbox 1774 2427 1919 2463; x_wconf 82' lang='lat' dir='ltr'>Ecclesia</span> <span class='ocrx_word' id='word_1_805' title='bbox 1942 2431 2065 2474; x_wconf 84' lang='lat' dir='ltr'>semper</span> <span class='ocrx_word' id='word_1_806' title='bbox 2086 2443 2137 2467; x_wconf 88' lang='lat' dir='ltr'>ca·</span> 
     </span>
     <span class='ocr_line' id='line_1_115' title="bbox 1258 2489 1326 2513; baseline -0.015 -1"><span class='ocrx_word' id='word_1_807' title='bbox 1258 2489 1305 2513; x_wconf 86' lang='lat' dir='ltr'>vit</span> <span class='ocrx_word' id='word_1_808' title='bbox 1318 2502 1326 2511; x_wconf 91' lang='lat'><strong><em>.</em></strong></span> 
     </span>
    </p>

    <p class='ocr_par' dir='ltr' id='par_1_18' title="bbox 1254 2525 2274 3469">
     <span class='ocr_line' id='line_1_116' title="bbox 1305 2525 2134 2571; baseline 0.004 -9"><span class='ocrx_word' id='word_1_809' title='bbox 1305 2527 1424 2562; x_wconf 87' lang='lat' dir='ltr'>Noster</span> <span class='ocrx_word' id='word_1_810' title='bbox 1435 2525 1609 2570; x_wconf 85' lang='lat' dir='ltr'>Septimius</span> <span class='ocrx_word' id='word_1_811' title='bbox 1626 2525 1733 2571; x_wconf 90' lang='lat' dir='ltr'>arguit</span> <span class='ocrx_word' id='word_1_812' title='bbox 1745 2525 1830 2560; x_wconf 87' lang='lat' dir='ltr'>solos</span> <span class='ocrx_word' id='word_1_813' title='bbox 1838 2527 2030 2564; x_wconf 83' lang='lat' dir='ltr'>Gnosticos.</span> <span class='ocrx_word' id='word_1_814' title='bbox 2058 2530 2134 2565; x_wconf 88' lang='lat' dir='ltr'>Plu-</span> 
     </span>
     <span class='ocr_line' id='line_1_117' title="bbox 1255 2575 2136 2616; baseline 0.005 -4"><span class='ocrx_word' id='word_1_815' title='bbox 1255 2589 1303 2612; x_wconf 74' lang='grc' dir='ltr'>τες</span> <span class='ocrx_word' id='word_1_816' title='bbox 1314 2576 1443 2611; x_wconf 84' lang='lat' dir='ltr'>haereses</span> <span class='ocrx_word' id='word_1_817' title='bbox 1456 2577 1517 2611; x_wconf 84' lang='lat' dir='ltr'>isto</span> <span class='ocrx_word' id='word_1_818' title='bbox 1530 2576 1613 2610; x_wconf 89' lang='lat' dir='ltr'>vitio</span> <span class='ocrx_word' id='word_1_819' title='bbox 1626 2588 1691 2608; x_wconf 89' lang='lat' dir='ltr'>non</span> <span class='ocrx_word' id='word_1_820' title='bbox 1707 2575 1910 2612; x_wconf 81' lang='lat' dir='ltr'>laborarunt.</span> <span class='ocrx_word' id='word_1_821' title='bbox 1939 2580 2074 2615; x_wconf 84' lang='lat' dir='ltr'>Etenim</span> <span class='ocrx_word' id='word_1_822' title='bbox 2092 2584 2136 2616; x_wconf 88' lang='lat' dir='ltr'>de</span> 
     </span>
     <span class='ocr_line' id='line_1_118' title="bbox 1255 2621 2140 2674; baseline 0.005 -12"><span class='ocrx_word' id='word_1_823' title='bbox 1255 2628 1361 2662; x_wconf 79' lang='lat' dir='ltr'>Paulo</span> <span class='ocrx_word' id='word_1_824' title='bbox 1382 2627 1596 2660; x_wconf 86' lang='lat' dir='ltr'>Samosateno</span> <span class='ocrx_word' id='word_1_825' title='bbox 1608 2650 1619 2667; x_wconf 91' lang='lat'>,</span> <span class='ocrx_word' id='word_1_826' title='bbox 1645 2626 1677 2658; x_wconf 87' lang='lat' dir='ltr'>in</span> <span class='ocrx_word' id='word_1_827' title='bbox 1691 2625 1807 2660; x_wconf 88' lang='lat' dir='ltr'>mediis</span> <span class='ocrx_word' id='word_1_828' title='bbox 1827 2628 2015 2664; x_wconf 84' lang='lat' dir='ltr'>Gentilium</span> <span class='ocrx_word' id='word_1_829' title='bbox 2034 2621 2140 2674; x_wconf 74' lang='lat' dir='ltr'>perse-¹</span> 
     </span>
     <span class='ocr_line' id='line_1_119' title="bbox 1254 2674 2136 2718; baseline 0.002 -6"><span class='ocrx_word' id='word_1_830' title='bbox 1254 2676 1444 2713; x_wconf 90' lang='lat' dir='ltr'>cutionibus</span> <span class='ocrx_word' id='word_1_831' title='bbox 1457 2674 1673 2710; x_wconf 83' lang='lat' dir='ltr'>Antiocheno</span> <span class='ocrx_word' id='word_1_832' title='bbox 1685 2675 1895 2718; x_wconf 84' lang='lat' dir='ltr'>Patriarcha,</span> <span class='ocrx_word' id='word_1_833' title='bbox 1921 2679 1961 2713; x_wconf 89' lang='lat' dir='ltr'>ad</span> <span class='ocrx_word' id='word_1_834' title='bbox 1981 2681 2136 2716; x_wconf 67' lang='lat' dir='ltr'>Sanctum</span> 
     </span>
     <span class='ocr_line' id='line_1_120' title="bbox 1255 2725 2140 2771; baseline 0.008 -12"><span class='ocrx_word' id='word_1_835' title='bbox 1255 2728 1454 2771; x_wconf 86' lang='lat' dir='ltr'>Dionysium</span> <span class='ocrx_word' id='word_1_836' title='bbox 1479 2726 1679 2760; x_wconf 85' lang='lat' dir='ltr'>Pontificem</span> <span class='ocrx_word' id='word_1_837' title='bbox 1700 2725 1822 2769; x_wconf 75' lang='lat' dir='ltr'>scripsit</span> <span class='ocrx_word' id='word_1_838' title='bbox 1843 2729 1997 2770; x_wconf 85' lang='lat' dir='ltr'>Synodus</span> <span class='ocrx_word' id='word_1_839' title='bbox 2015 2730 2140 2766; x_wconf 83' lang='lat' dir='ltr'>Antio·</span> 
     </span>
     <span class='ocr_line' id='line_1_121' title="bbox 1256 2774 2137 2822; baseline -0.001 -9"><span class='ocrx_word' id='word_1_840' title='bbox 1256 2778 1378 2813; x_wconf 87' lang='lat' dir='ltr'>chena:</span> <span class='ocrx_word' id='word_1_841' title='bbox 1405 2774 1564 2819; x_wconf 77' lang='lat' dir='ltr'>lnsblenter</span> <span class='ocrx_word' id='word_1_842' title='bbox 1576 2778 1688 2808; x_wconf 76' lang='lat' dir='ltr'>Paulus</span> <span class='ocrx_word' id='word_1_843' title='bbox 1705 2774 1740 2819; x_wconf 74' lang='lat' dir='ltr'>se</span> <span class='ocrx_word' id='word_1_844' title='bbox 1751 2779 1857 2810; x_wconf 76' lang='lat' dir='ltr'>extulit</span> <span class='ocrx_word' id='word_1_845' title='bbox 1868 2802 1879 2817; x_wconf 91' lang='lat'>,</span> <span class='ocrx_word' id='word_1_846' title='bbox 1907 2778 2137 2822; x_wconf 71' lang='lat' dir='ltr'>&amp;saecularlum</span> 
     </span>
     <span class='ocr_line' id='line_1_122' title="bbox 1258 2824 2137 2874; baseline 0.003 -12"><span class='ocrx_word' id='word_1_847' title='bbox 1258 2829 1395 2865; x_wconf 68' lang='lat' dir='ltr'>honorum</span> <span class='ocrx_word' id='word_1_848' title='bbox 1404 2827 1520 2871; x_wconf 81' lang='lat' dir='ltr'>gradus</span> <span class='ocrx_word' id='word_1_849' title='bbox 1536 2824 1586 2868; x_wconf 68' lang='lat' dir='ltr'>fibi</span> <span class='ocrx_word' id='word_1_850' title='bbox 1613 2825 1778 2868; x_wconf 62' lang='lat' dir='ltr'>assumpsit,</span> <span class='ocrx_word' id='word_1_851' title='bbox 1801 2826 1890 2870; x_wconf 87' lang='lat' dir='ltr'>seque</span> <span class='ocrx_word' id='word_1_852' title='bbox 1910 2840 2085 2874; x_wconf 78' lang='lat' dir='ltr'>arroganter</span> <span class='ocrx_word' id='word_1_853' title='bbox 2102 2838 2137 2865; x_wconf 78' lang='lat' dir='ltr'>in</span> 
     </span>
     <span class='ocr_line' id='line_1_123' title="bbox 1259 2877 2139 2924; baseline 0.007 -15"><span class='ocrx_word' id='word_1_854' title='bbox 1259 2878 1366 2922; x_wconf 74' lang='lat' dir='ltr'>eisdem</span> <span class='ocrx_word' id='word_1_855' title='bbox 1373 2877 1470 2922; x_wconf 83' lang='lat' dir='ltr'>geffit,</span> <span class='ocrx_word' id='word_1_856' title='bbox 1497 2878 1530 2909; x_wconf 63' lang='grc' dir='ltr'>(ν</span> <span class='ocrx_word' id='word_1_857' title='bbox 1545 2879 1729 2909; x_wconf 82' lang='lat' dir='ltr'>Ducenarius</span> <span class='ocrx_word' id='word_1_858' title='bbox 1746 2879 1846 2917; x_wconf 74' lang='lat' dir='ltr'>potius</span> <span class='ocrx_word' id='word_1_859' title='bbox 1868 2881 1960 2920; x_wconf 60' lang='lat' dir='ltr'>quam</span> <span class='ocrx_word' id='word_1_860' title='bbox 1971 2879 2139 2924; x_wconf 70' lang='lat' dir='ltr'>Epiftopue</span> 
     </span>
     <span class='ocr_line' id='line_1_124' title="bbox 1261 2925 2139 2971; baseline 0.002 -9"><span class='ocrx_word' id='word_1_861' title='bbox 1261 2933 1429 2970; x_wconf 71' lang='lat' dir='ltr'>nuncupari</span> <span class='ocrx_word' id='word_1_862' title='bbox 1449 2928 1542 2959; x_wconf 80' lang='lat' dir='ltr'>volun</span> <span class='ocrx_word' id='word_1_863' title='bbox 1564 2950 1575 2966; x_wconf 92' lang='lat'>‚</span> <span class='ocrx_word' id='word_1_864' title='bbox 1604 2927 1637 2960; x_wconf 64' lang='grc' dir='ltr'>(θ’</span> <span class='ocrx_word' id='word_1_865' title='bbox 1655 2934 1712 2967; x_wconf 82' lang='lat' dir='ltr'>per</span> <span class='ocrx_word' id='word_1_866' title='bbox 1726 2925 1831 2967; x_wconf 85' lang='lat' dir='ltr'>forum</span> <span class='ocrx_word' id='word_1_867' title='bbox 1851 2930 1995 2963; x_wconf 74' lang='lat' dir='ltr'>volitavit</span> <span class='ocrx_word' id='word_1_868' title='bbox 2014 2955 2026 2971; x_wconf 91' lang='lat'>,</span> <span class='ocrx_word' id='word_1_869' title='bbox 2053 2932 2139 2964; x_wconf 60' lang='lat' dir='ltr'>moda</span> 
     </span>
     <span class='ocr_line' id='line_1_125' title="bbox 1261 2977 2139 3022; baseline 0.005 -12"><span class='ocrx_word' id='word_1_870' title='bbox 1261 2977 1394 3022; x_wconf 66' lang='lat' dir='ltr'>epistolas</span> <span class='ocrx_word' id='word_1_871' title='bbox 1408 2978 1528 3021; x_wconf 81' lang='lat' dir='ltr'>legendo</span> <span class='ocrx_word' id='word_1_872' title='bbox 1539 2999 1550 3015; x_wconf 89' lang='lat'>,</span> <span class='ocrx_word' id='word_1_873' title='bbox 1576 2978 1662 3009; x_wconf 62' lang='lat' dir='ltr'>mod&amp;</span> <span class='ocrx_word' id='word_1_874' title='bbox 1684 2978 1762 3019; x_wconf 73' lang='lat' dir='ltr'>quid</span> <span class='ocrx_word' id='word_1_875' title='bbox 1776 2977 1838 3010; x_wconf 82' lang='lat' dir='ltr'>Illis</span> <span class='ocrx_word' id='word_1_876' title='bbox 1860 2977 1999 3022; x_wconf 81' lang='lat' dir='ltr'>Responfi</span> <span class='ocrx_word' id='word_1_877' title='bbox 2015 2982 2139 3014; x_wconf 73' lang='lat' dir='ltr'>daretur</span> 
     </span>
     <span class='ocr_line' id='line_1_126' title="bbox 1259 3027 2137 3072; baseline 0.002 -11"><span class='ocrx_word' id='word_1_878' title='bbox 1259 3027 1475 3072; x_wconf 76' lang='lat' dir='ltr'>praescn&#39;bendo</span> <span class='ocrx_word' id='word_1_879' title='bbox 1491 3049 1502 3066; x_wconf 87' lang='lat'>,</span> <span class='ocrx_word' id='word_1_880' title='bbox 1527 3037 1638 3070; x_wconf 84' lang='lat' dir='ltr'>magna</span> <span class='ocrx_word' id='word_1_881' title='bbox 1649 3027 1816 3060; x_wconf 79' lang='lat' dir='ltr'>satellitum</span> <span class='ocrx_word' id='word_1_882' title='bbox 1824 3029 1915 3062; x_wconf 80' lang='lat' dir='ltr'>turba</span> <span class='ocrx_word' id='word_1_883' title='bbox 1925 3054 1938 3070; x_wconf 93' lang='lat'><em>‚</em></span> <span class='ocrx_word' id='word_1_884' title='bbox 1959 3037 2076 3072; x_wconf 78' lang='lat' dir='ltr'>partlm</span> <span class='ocrx_word' id='word_1_885' title='bbox 2093 3033 2137 3071; x_wconf 71' lang='grc' dir='ltr'>φ’-</span> 
     </span>
     <span class='ocr_line' id='line_1_127' title="bbox 1259 3075 2136 3122; baseline 0.002 -11"><span class='ocrx_word' id='word_1_886' title='bbox 1259 3079 1325 3122; x_wconf 83' lang='lat' dir='ltr'>sum</span> <span class='ocrx_word' id='word_1_887' title='bbox 1337 3079 1570 3111; x_wconf 68' lang='lat' dir='ltr'>antecedentium</span> <span class='ocrx_word' id='word_1_888' title='bbox 1579 3100 1590 3116; x_wconf 92' lang='lat'>‚</span> <span class='ocrx_word' id='word_1_889' title='bbox 1612 3081 1730 3118; x_wconf 73' lang='lat' dir='ltr'>partim</span> <span class='ocrx_word' id='word_1_890' title='bbox 1735 3075 1973 3120; x_wconf 68' lang='lat' dir='ltr'>sahsiquenttum</span> <span class='ocrx_word' id='word_1_891' title='bbox 1979 3080 2110 3122; x_wconf 73' lang='lat' dir='ltr'>stipatus</span> <span class='ocrx_word' id='word_1_892' title='bbox 2124 3102 2136 3118; x_wconf 90' lang='lat'>‚</span> 
     </span>
     <span class='ocr_line' id='line_1_128' title="bbox 1259 3127 2138 3172; baseline -0.002 -10"><span class='ocrx_word' id='word_1_893' title='bbox 1259 3129 1381 3172; x_wconf 79' lang='lat' dir='ltr'>superbo</span> <span class='ocrx_word' id='word_1_894' title='bbox 1387 3127 1488 3171; x_wconf 84' lang='lat' dir='ltr'>gradu</span> <span class='ocrx_word' id='word_1_895' title='bbox 1496 3127 1603 3167; x_wconf 62' lang='lat' dir='ltr'>palam</span> <span class='ocrx_word' id='word_1_896' title='bbox 1611 3128 1736 3166; x_wconf 76' lang='lat' dir='ltr'>inceffit‚</span> <span class='ocrx_word' id='word_1_897' title='bbox 1761 3129 1834 3161; x_wconf 60' lang='lat' dir='ltr'>ade&amp;</span> <span class='ocrx_word' id='word_1_898' title='bbox 1852 3137 1886 3162; x_wconf 87' lang='lat' dir='ltr'>ut</span> <span class='ocrx_word' id='word_1_899' title='bbox 1891 3137 2017 3172; x_wconf 83' lang='lat' dir='ltr'>propter</span> <span class='ocrx_word' id='word_1_900' title='bbox 2035 3129 2138 3161; x_wconf 73' lang='lat' dir='ltr'>imole-</span> 
     </span>
     <span class='ocr_line' id='line_1_129' title="bbox 1264 3175 2140 3219; baseline -0.005 -7"><span class='ocrx_word' id='word_1_901' title='bbox 1264 3180 1392 3212; x_wconf 79' lang='lat' dir='ltr'>mndum</span> <span class='ocrx_word' id='word_1_902' title='bbox 1403 3179 1468 3217; x_wconf 79' lang='lat' dir='ltr'>ejus</span> <span class='ocrx_word' id='word_1_903' title='bbox 1475 3175 1637 3219; x_wconf 77' lang='lat' dir='ltr'>fastidium</span> <span class='ocrx_word' id='word_1_904' title='bbox 1652 3201 1663 3217; x_wconf 91' lang='lat'>,</span> <span class='ocrx_word' id='word_1_905' title='bbox 1690 3179 1723 3210; x_wconf 66' lang='lat'>(5</span> <span class='ocrx_word' id='word_1_906' title='bbox 1734 3183 1858 3210; x_wconf 82' lang='lat' dir='ltr'>nimiam</span> <span class='ocrx_word' id='word_1_907' title='bbox 1870 3180 2140 3216; x_wconf 75' lang='lat' dir='ltr'>antmtelattonem,</span> 
     </span>
     <span class='ocr_line' id='line_1_130' title="bbox 1259 3227 2138 3272; baseline -0.006 -9"><span class='ocrx_word' id='word_1_908' title='bbox 1259 3230 1337 3272; x_wconf 77' lang='lat' dir='ltr'>fides</span> <span class='ocrx_word' id='word_1_909' title='bbox 1353 3227 1447 3268; x_wconf 82' lang='lat' dir='ltr'>nostra</span> <span class='ocrx_word' id='word_1_910' title='bbox 1466 3237 1597 3271; x_wconf 85' lang='lat' dir='ltr'>gravem</span> <span class='ocrx_word' id='word_1_911' title='bbox 1618 3227 1746 3260; x_wconf 58' lang='lat' dir='ltr'>invidiae</span> <span class='ocrx_word' id='word_1_912' title='bbox 1768 3237 1891 3269; x_wconf 84' lang='lat' dir='ltr'>notam,</span> <span class='ocrx_word' id='word_1_913' title='bbox 1915 3229 2063 3268; x_wconf 69' lang='lat' dir='ltr'>odiumque</span> <span class='ocrx_word' id='word_1_914' title='bbox 2073 3235 2138 3268; x_wconf 80' lang='lat' dir='ltr'>per-</span> 
     </span>
     <span class='ocr_line' id='line_1_131' title="bbox 1265 3275 2253 3330; baseline 0.002 -20"><span class='ocrx_word' id='word_1_915' title='bbox 1265 3290 1404 3324; x_wconf 82' lang='lat' dir='ltr'>magnum</span> <span class='ocrx_word' id='word_1_916' title='bbox 1409 3276 1551 3321; x_wconf 69' lang='lat' dir='ltr'>subierit.</span> <span class='ocrx_word' id='word_1_917' title='bbox 1581 3275 1694 3311; x_wconf 79' lang='lat' dir='ltr'>Exstat</span> <span class='ocrx_word' id='word_1_918' title='bbox 1709 3277 1844 3320; x_wconf 77' lang='lat' dir='ltr'>epistola</span> <span class='ocrx_word' id='word_1_919' title='bbox 1863 3275 1947 3318; x_wconf 82' lang='lat' dir='ltr'>apud</span> <span class='ocrx_word' id='word_1_920' title='bbox 1962 3276 2138 3315; x_wconf 86' lang='lat' dir='ltr'>Eusebium</span> <span class='ocrx_word' id='word_1_921' title='bbox 2155 3294 2253 3330; x_wconf 50' lang='lat' dir='ltr'><strong>Libff·</strong></span> 
     </span>
     <span class='ocr_line' id='line_1_132' title="bbox 1267 3325 2274 3374; baseline -0.003 -10"><span class='ocrx_word' id='word_1_922' title='bbox 1267 3328 1493 3364; x_wconf 83' lang='lat' dir='ltr'>Caesareensem</span> <span class='ocrx_word' id='word_1_923' title='bbox 1506 3351 1513 3358; x_wconf 93' lang='lat'>.</span> <span class='ocrx_word' id='word_1_924' title='bbox 1541 3325 1691 3369; x_wconf 85' lang='lat' dir='ltr'>Ejusdem</span> <span class='ocrx_word' id='word_1_925' title='bbox 1712 3325 1812 3359; x_wconf 72' lang='lat' dir='ltr'>Pauli</span> <span class='ocrx_word' id='word_1_926' title='bbox 1829 3326 1864 3357; x_wconf 86' lang='lat' dir='ltr'>in</span> <span class='ocrx_word' id='word_1_927' title='bbox 1885 3326 2086 3360; x_wconf 87' lang='lat' dir='ltr'>celebrandis</span> <span class='ocrx_word' id='word_1_928' title='bbox 2096 3337 2140 3361; x_wconf 85' lang='lat' dir='ltr'>et·</span> <span class='ocrx_word' id='word_1_929' title='bbox 2155 3343 2274 3374; x_wconf 61' lang='lat' dir='ltr'>eip.24.</span> 
     </span>
     <span class='ocr_line' id='line_1_133' title="bbox 1267 3377 2142 3421; baseline 0 -11"><span class='ocrx_word' id='word_1_930' title='bbox 1267 3381 1329 3412; x_wconf 85' lang='lat' dir='ltr'>iam</span> <span class='ocrx_word' id='word_1_931' title='bbox 1341 3377 1481 3420; x_wconf 87' lang='lat' dir='ltr'>Synodis</span> <span class='ocrx_word' id='word_1_932' title='bbox 1494 3377 1608 3411; x_wconf 82' lang='lat' dir='ltr'>fastum</span> <span class='ocrx_word' id='word_1_933' title='bbox 1635 3387 1672 3408; x_wconf 88' lang='lat' dir='ltr'>ac</span> <span class='ocrx_word' id='word_1_934' title='bbox 1692 3384 1844 3421; x_wconf 71' lang='lat' dir='ltr'>90me</span> <span class='ocrx_word' id='word_1_935' title='bbox 1858 3397 1869 3413; x_wconf 91' lang='lat'>,</span> <span class='ocrx_word' id='word_1_936' title='bbox 1896 3377 2084 3419; x_wconf 84' lang='lat' dir='ltr'>variumque</span> <span class='ocrx_word' id='word_1_937' title='bbox 2107 3377 2142 3410; x_wconf 89' lang='lat' dir='ltr'>in</span> 
     </span>
     <span class='ocr_line' id='line_1_134' title="bbox 1267 3422 2143 3469; baseline -0.002 -6"><span class='ocrx_word' id='word_1_938' title='bbox 1267 3429 1364 3463; x_wconf 84' lang='lat' dir='ltr'>Clero</span> <span class='ocrx_word' id='word_1_939' title='bbox 1391 3439 1429 3462; x_wconf 87' lang='lat' dir='ltr'>ac</span> <span class='ocrx_word' id='word_1_940' title='bbox 1451 3426 1545 3460; x_wconf 84' lang='lat' dir='ltr'>fideli</span> <span class='ocrx_word' id='word_1_941' title='bbox 1562 3423 1685 3467; x_wconf 81' lang='lat' dir='ltr'>populo</span> <span class='ocrx_word' id='word_1_942' title='bbox 1697 3422 1916 3460; x_wconf 75' lang='lat' dir='ltr'>Dominarum</span> <span class='ocrx_word' id='word_1_943' title='bbox 1938 3427 2072 3469; x_wconf 84' lang='lat' dir='ltr'>exponit</span> <span class='ocrx_word' id='word_1_944' title='bbox 2085 3425 2143 3461; x_wconf 83' lang='lat' dir='ltr'>ista</span> 
     </span>
    </p>

    <p class='ocr_par' dir='ltr' id='par_1_19' title="bbox 1995 3475 2101 3518">
     <span class='ocr_line' id='line_1_135' title="bbox 1995 3475 2101 3518; baseline 0 -9"><span class='ocrx_word' id='word_1_945' title='bbox 1995 3475 2101 3518; x_wconf 89' lang='lat' dir='ltr'>Syno-</span> 
     </span>
    </p>
   </div>
  </div>
 </body>
</html>
