2346 3724
736 108 778 154 C
851 122 879 151 A

228 205 277 232 ees
296 194 419 237 nostrum
431 192 624 231 stauarum,
643 200 686 224 vut
700 190 815 234 saepiiu·
828 192 957 225 audiant
969 213 979 229 ,
1004 193 1057 231 qui
1080 189 1114 221 (e

229 244 434 291 qumnturde
459 242 564 282 nobis,
590 243 672 283 qaod
681 242 745 274 cum
758 241 868 283 finalia
888 237 1033 281 nobiscum
1049 235 1114 280 sen-

232 302 313 330 tiant
325 317 336 334 ‚
358 291 418 334 fine
437 292 526 335 causa
543 290 742 332 abstineamus
766 293 1114 325 nosacommunicatione

227 354 348 383 eorum,
375 343 483 377 &cum
505 343 611 376 eadem
631 342 756 381 dicant,
781 342 815 375 Θ·
841 341 965 374 eandem
983 337 1115 371 habeant

222 394 394 429 -doannam
407 417 418 433 ,
445 402 578 426 vocemus
601 392 666 424 illos
688 391 859 426 baereticos.
888 389 979 435 Quia
1001 386 1116 431 nempe

221 441 358 478 eeasdem
371 468 382 484 ,
409 454 488 486 quas
500 440 614 477 dolose
624 442 659 476 δε
673 439 833 484 aequivoce
844 441 1007 475 assumunt
1019 462 1030 477 ‚
1057 449 1116 472 no-

225 493 359 528 biscum
381 491 505 527 habent
514 491 720 537 dogmaticas
735 501 832 525 voces
844 517 851 523 .
876 489 1047 524 Peffimam
1062 499 1114 521 va-

230 542 354 578 fritiem
365 542 521 583 elucidat,
535 553 572 575 ac
587 542 655 586 ejus
674 541 923 576 fundamentum
934 539 1071 583 exponit
1081 537 1114 570 in

230 592 386 638 lingulati
397 603 511 628 contra
525 593 611 636 ipsos
624 591 708 626 libro
719 592 826 626 noster
837 590 1013 634 Septimius
1024 602 1032 621 ι
1059 592 1117 622 Va·

948 123 970 151 P
1041 122 1057 150 Ι

94 651 166 688 cap.
190 659 214 679 i.
230 645 405 684 tententam,
412 642 668 686 frequentiffsmum
673 642 769 684 plane
781 642 927 686 collegium
938 645 1018 673 inter
1028 638 1126 672 baere-v

230 700 303 729 ticos
315 718 326 734 ‚
335 699 410 736 quia
416 694 582 735 plurimum
593 704 632 726 ex
642 692 791 734 apostatis
802 696 944 726 veritatis
954 715 965 732 ,
977 690 1010 723 o·
1021 688 1115 730 adfa-

227 743 320 779 ‚bulas
328 743 423 786 facile
433 743 471 783 est
486 766 496 783 ‚
508 745 541 778 (9
553 741 708 786 disciplina
718 754 776 776 non
786 750 913 776 terretur
925 764 936 781 ‚
961 739 1041 774 nibil
1056 751 1116 772 ma-

229 799 281 838 gis
295 804 415 834 curant,
426 795 670 837 quamoccultare
680 794 762 834 quod
763 791 949 834 praedicant.
978 792 1118 823 stramen

229 846 455 887 predic-animai
466 845 618 877 occultant.
637 842 789 875 Affirmat
799 852 855 876 eos
866 840 986 876 imitari
1000 839 1118 874 Atticae

228 895 321 931 circa
335 892 584 927 Veneris'Saera
596 891 830 933 superstitionis
849 893 967 926 secreta
977 890 1118 929 silentia,

230 955 272 978 ac
286 943 487 986 prosequitur
510 954 518 974 :
546 942 751 975 Valentiniani
763 940 877 984 fandis
896 940 1062 975 nominibus
1084 941 1118 974 ὀ·

227 995 354 1034 mults,
366 994 401 1027 (5
410 997 594 1036 argumentit
603 1002 686 1025 verae
697 993 857 1035 Religionis
869 1015 881 1032 ,
903 992 1058 1031 vamffima
1072 997 1118 1023 at-

232 1054 289 1086 que
306 1043 467 1085 turpiffima
484 1041 627 1086 figmenta
647 1042 863 1085 configurantes
878 1066 888 1081 ,
912 1040 1064 1082 Eleusinia
1069 1039 1118 1082 fe-

230 1101 336 1133 cerunt
359 1095 539 1132 Lemana,
561 1090 670 1134 sanc‘la
684 1090 799 1132 filentio
809 1102 915 1135 magno
928 1115 939 1131 ‚
959 1089 1026 1135 sola
1048 1095 1120 1123 taci-

232 1148 383 1176 turnttate
399 1141 524 1182 calestia
537 1165 544 1173 .
578 1143 610 1174 Si
631 1141 708 1175 bona
729 1136 794 1184 fide
817 1154 939 1184 quaeras
956 1165 968 1182 ,
991 1150 1119 1174 concreto

232 1195 323 1227 vultu
336 1216 347 1232 ‚
367 1189 505 1236 suspensi»
520 1189 699 1234 supercilio,
727 1193 827 1228 Altum
851 1191 910 1232 ιβ,
936 1193 1025 1233 ajunt
1050 1216 1057 1222 .
1086 1189 1121 1224 Si

228 1242 379 1288 subtiliter
400 1249 499 1276 tentes
511 1266 522 1282 ‚
544 1250 602 1284 per
614 1242 822 1285 ambiguitates
835 1242 980 1285 bilingues
997 1252 1117 1276 commu-

233 1304 302 1328 nem
320 1291 413 1335 fidem
433 1292 585 1333 affirmant
599 1316 606 1323 .
633 1295 666 1325 si
683 1291 762 1335 scire
783 1301 814 1325 te
833 1290 1020 1334 subostendas
1035 1316 1046 1331 ,
1071 1303 1119 1325 ne·

230 1352 310 1388 gant
321 1344 471 1385 quidquid
480 1340 654 1385 agnosiunt.
682 1343 714 1374 si
723 1345 851 1374 cominus
863 1350 954 1375 certes
963 1364 974 1381 ,
990 1341 1119 1382 fatuam

228 1392 450 1435 fimpltcitatem
469 1390 528 1434 sua
549 1392 629 1424 caede
651 1389 840 1433 dispergunt.
877 1394 946 1424 Nec
970 1392 1122 1433 dicipulis

233 1443 357 1485 quidem
374 1444 508 1481 propriis
526 1441 597 1472 ante
620 1445 825 1479 committunt,
852 1443 944 1482 quim
962 1440 1031 1482 sucos
1041 1441 1119 1483 fece-

228 1497 299 1526 ·rtnt
313 1516 321 1523 .
347 1488 466 1523 Habent
491 1486 669 1529 artificium,
697 1499 753 1531 quo
772 1489 860 1532 priuis
893 1488 1096 1531 persuadeant
1110 1515 1119 1530 ,

233 1543 327 1585 quarn
345 1541 499 1574 edoceant.
516 1538 596 1572 'Eos
617 1538 725 1573 asserit
745 1538 807 1572 esse
828 1539 1043 1575 dolofiffimos
1056 1541 1121 1575 ser·-

233 1599 349 1636 pentes
362 1613 369 1622 .
396 1588 441 1626 Et
454 1588 573 1624 dolosz
583 1589 661 1623 artis
671 1588 923 1623 fundamentum
937 1590 1000 1625 fuit
1013 1603 1020 1622 ε
1032 1591 1120 1638 Qia

234 1641 534 1686 plurimi-eramen
557 1638 675 1673 nostris
688 1637 875 1683 Apostatis.
903 1639 951 1674 lta
974 1641 1120 1676 nostrum

235 1692 360 1737 dogma
383 1700 564 1725 noverant.-
590 1689 635 1724 Et
656 1687 714 1726 ssib
736 1700 805 1735 ejus
817 1689 953 1727 vocibus
975 1692 1047 1727 suas
1058 1693 1119 1726 sce-

234 1742 351 1778 leratas
359 1741 468 1776 sordes
478 1739 646 1776 occultare
656 1765 663 1773 .

283 1789 375 1826 Idem
397 1790 629 1826 Tertullianus
642 1789 768 1836 insigne
778 1792 965 1837 exemplum
987 1793 1121 1830 adducit

233 1841 270 1877 in
290 1840 375 1876 libro
390 1842 431 1877 de
442 1842 550 1876 carnis
561 1842 792 1878 resurrectione
804 1868 815 1884 ,
841 1855 911 1878 non
922 1854 1120 1882 ,tantummov

232 1891 280 1927 do
301 1892 343 1927 de
361 1891 624 1932 Valentinianis,
651 1891 705 1926 sed
726 1892 826 1930 etiam
836 1892 878 1929 de
887 1893 1120 1936 Marcionitis,

231 1943 267 1978 δε
291 1943 414 1977 cunetis
424 1941 605 1987 generatim
617 1941 787 1977 Gnosticis
805 1944 964 1979 scribens:
994 1954 1055 1982 Hoc
1078 1952 1121 1979 in-

225 1998 318 2038 genio
339 1998 430 2026 etiam
447 1999 480 2025 in
500 1993 646 2034 colloquiis
662 1991 747 2035 saepe
767 1993 874 2033 nostros
900 1997 1032 2037 decipere
1055 2007 1121 2029 con-

229 2042 397 2087 sueverunt
410 2067 420 2083 ,
444 2041 530 2086 quafi
538 2044 572 2077 Θ
584 2041 640 2085 ipsi
646 2049 745 2075 carnis
762 2043 1001 2087 resurrellionem
1011 2047 1121 2079 admit-

231 2102 318 2127 tant.
348 2097 425 2133 Vae,
451 2097 611 2135 inquiunt,
637 2098 688 2135 qui
698 2104 756 2126 non
766 2099 799 2127 in
810 2093 868 2128 bac
879 2106 968 2129 carne
997 2095 1121 2139 resurre-

233 2150 354 2176 xerint.
379 2147 430 2176 Νι
434 2141 538 2183 statim
554 2144 622 2176 illos
630 2150 820 2185 percutiant,
843 2145 875 2186 fi
882 2144 1121 2188 resurrefflonem

227 2192 332 2233 statim
354 2194 527 2227 abnuerint.
555 2195 656 2226 Tacite
667 2203 766 2226 autem
787 2194 947 2236 secundum
972 2196 1119 2238 consuetu-

231 2244 334 2277 dinem
351 2244 440 2286 suam
450 2242 501 2276 boc
516 2242 671 2285 sentiunt:
699 2245 754 2275 Vae
765 2250 818 2284 qui
830 2252 887 2275 non
901 2268 911 2284 ,
938 2245 1010 2276 dum
1023 2250 1054 2277 in
1064 2244 1119 2278 hac

232 2304 322 2327 carne
340 2293 378 2331 est
390 2317 400 2332 ,
426 2295 595 2334 cognoverit
604 2302 718 2324 arcuna
730 2291 872 2326 baeretica
884 2318 891 2324 .
920 2298 980 2326 Hoc
992 2294 1031 2332 est
1041 2299 1120 2326 enim

77 1942 152 1982 Cap·
170 1953 214 1981 19.

231 2344 315 2384 apud
334 2343 398 2376 illos
412 2340 597 2384 resurr-effla.
624 2342 685 2373 Sed
697 2342 732 2374 Θ
740 2344 876 2383 plerique
884 2342 923 2373 ab
932 2342 1040 2384 excessu
1051 2348 1118 2375 ani-

230 2404 289 2425 mae
313 2388 549 2433 resurrellionem
562 2390 752 2422 vindicantes
764 2414 775 2429 ,
804 2390 842 2424 de
845 2390 1001 2434 sepulchro
1010 2398 1093 2426 exire
1104 2416 1115 2432 ‚

229 2441 268 2475 de
285 2439 392 2483 saeculo
411 2441 539 2473 evadere
559 2444 798 2481 interpretantur
818 2454 830 2473 .·
864 2442 951 2484 ‚Quia
974 2442 1008 2475 cb·
1024 2440 1116 2485 saecu-

229 2491 291 2524 lum
311 2490 348 2528 est
372 2500 549 2523 mortuorum
569 2488 773 2523 babitaculum
792 2516 804 2532 ,
831 2492 867 2524 id
887 2490 926 2531 est
941 2516 952 2532 ‚
978 2497 1114 2536 ignoran-

225 2547 305 2574 tium
329 2544 441 2573 Deum.
470 2541 526 2573 Vel
546 2546 640 2573 etiam
660 2541 698 2574 de
721 2539 781 2584 ipso
804 2550 941 2583 corpore:
969 2544 1056 2586 ,Quia
1082 2545 1116 2577 (τ

231 2599 333 2632 corpus
346 2615 356 2631 ,
381 2596 447 2624 vice
462 2588 630 2633 sepulchri,
655 2589 818 2634 conclusam
828 2598 963 2626 animam
982 2591 1114 2636 insaecu-

230 2642 305 2674 laris
327 2648 402 2674 vitae
425 2651 516 2674 morte
536 2641 667 2673 detineat
688 2665 696 2672 .
722 2641 806 2675 Haec
830 2641 1032 2687 propofitio,
1059 2648 1113 2677 Vae

229 2699 285 2724 aut
308 2690 469 2723 anathema
482 2691 545 2729 illl,
573 2696 625 2732 qui
650 2696 682 2723 in
703 2690 759 2724 bac
767 2702 856 2726 carne
877 2704 934 2726 non
952 2692 1116 2737 resurrexe-

230 2745 292 2781 rit,
314 2738 366 2782 seu
386 2739 598 2784 resurgendum
634 2742 788 2783 docuerit,
813 2743 857 2776 est
885 2742 1115 2779 Christianiffi-

231 2802 305 2825 ma.
335 2790 415 2824 Eam
429 2791 532 2833 plenis
543 2790 654 2838 buccis
674 2792 798 2834 profeffi
821 2794 896 2827 sunt
922 2793 1117 2828 sceleratiffi·

227 2840 278 2875 mi
291 2839 464 2879 Gnostici,
492 2841 632 2884 ideoque
644 2840 728 2884 apud
742 2842 884 2877 nostram
913 2842 1040 2887 plebem
1064 2843 1115 2887 ja-

230 2892 356 2924 &arunt
379 2891 412 2923 se
434 2888 648 2930 Catholicos.
675 2892 891 2937 &conquesti
916 2895 990 2927 sunt
1014 2893 1070 2928 fibi
1097 2895 1115 2928 a

231 2939 329 2975 nobis
354 2951 421 2973 non
434 2941 688 2975 communicari.
719 2943 766 2976 At
778 2943 847 2977 istis
860 2943 993 2978 vocibus
1007 2945 1114 2979 subin·

231 2989 408 3025 trudebant
432 2990 505 3023 suos
528 2991 738 3033 nequiffimos
760 2994 868 3027 sensus
888 3018 899 3034 ‚
936 2995 993 3028 suo
1019 2995 1115 3039 Lupo

231 3038 524 3083 circumponebant
535 3040 651 3074 ovinas
663 3040 772 3083 lanas,
799 3055 836 3078 ac
848 3045 892 3078 ita
908 3044 1033 3079 nostros
1045 3045 1116 3079 fim-

232 3091 386 3135 pliciores
407 3087 590 3131 frequenter
611 3091 807 3127 seduxerunt
831 3119 838 3126 .
868 3095 911 3128 Et
931 3095 1011 3137 quid
1038 3095 1115 3130 dico

231 3140 463 3184 fimpliciores?
491 3140 624 3174 Etenim
642 3140 684 3174 de
697 3142 869 3188 semetipso
888 3144 997 3178 scribit
1009 3146 1115 3181 ocula·

230 3192 368 3225 tiffimus
379 3190 413 3224 δε
425 3190 757 3233 circumspectiffimus
768 3192 940 3236 Presbyter
947 3194 1116 3239 Hierony·

78 3241 214 3281 Epist.6x.
230 3252 324 3276 mus:
354 3242 466 3274 Audivi
489 3249 583 3283 nuper
603 3242 641 3274 de
663 3245 820 3275 Marcionis
837 3242 958 3285 schola,
985 3250 1039 3279 Vae
1066 3251 1113 3287 ei,

98 3291 214 3321 cap.14.
230 3296 289 3338 qut,
303 3298 336 3325 m
357 3290 413 3323 bac
434 3301 539 3332 carne,
566 3291 599 3324 ὢ·
611 3297 643 3325 in
654 3290 702 3324 bis
714 3292 812 3331 offibus
832 3305 888 3327 non
900 3292 1111 3337 restarexerit.

332 3340 439 3381 Christ.
450 3345 530 3385 Lupi
540 3345 640 3384 Opera
650 3345 684 3376 T.
698 3345 757 3375 IX.

1130 122 1154 149 T

1225 121 1242 150 1
1312 120 1331 149 s
1438 105 1548 149 IV.
1926 118 1988 153 σι

1177 188 1323 221 Gaudens
1341 190 1457 219 animus
1462 184 1565 225 statim
1584 188 1702 220 intulit.
1732 189 1902 233 Consepulti
1916 195 1995 223 enim
2011 188 2063 231 sk.

1176 249 1263 277 mus,
1289 234 1570 279 &consurreximus
1589 245 1653 269 cum
1674 235 1785 270 Cbrfflo
1803 249 1858 280 per
1878 236 2058 283 Baptismu-

1178 288 1243 333 lssa
1258 287 1437 330 propositio
1447 285 1494 320 est
1508 284 1593 320 adeo
1606 285 1719 320 dolosa
1733 309 1744 325 ,
1770 296 1807 319 ut
1827 297 1956 324 tamum
1968 288 2062 324 Chri-

1179 338 1288 371 stianae
1307 336 1462 371 destrinae
1475 335 1606 381 Argum
1619 335 1731 370 fecerit
1753 333 1893 371 haefitare
1903 363 1910 369 .

1227 386 1430 422 &ductionis
1449 386 1587 421 modum
1597 386 1736 429 exponit
1747 385 1896 420 laudatus
1908 388 2061 426 Irenaeus:
2078 400 2137 431 Lib,
2167 411 2195 438 3·

1179 440 1256 470 Cum
1281 438 1438 478 abiecerint
1460 437 1576 478 aliquos
1588 438 1608 469 ἃ
1625 435 1687 477 fide
1703 443 1760 478 per
1778 435 1969 479 quastiones,
1995 449 2061 479 quae
2075 450 2138 481 cap.
2152 449 2196 477 ις.

1175 487 1255 531 fiunt
1275 487 1315 519 ab
1335 493 1379 521 eis
1391 512 1401 528 ,
1429 497 1549 521 necnon
1559 488 1795 521 contradicentes
1809 485 1940 528 fecerint
1951 487 2063 529 audi'to7

1180 550 1228 572 res
1237 537 1302 582 suos
1313 561 1324 577 ,
1352 536 1399 570 bis
1406 535 1572 579 separatim
1592 537 1778 571 memorabile
1790 537 1992 570 Plenitudinis
1998 535 2063 579 suae

1181 597 1325 622 enarrant
1335 587 1495 627 mysterium
1511 611 1518 619 .
1544 589 1739 629 Decipiuntur
1748 596 1849 621 autem
1861 598 1959 620 omnes
1972 612 1983 627 ,
1993 591 2065 629 quia

1181 639 1261 681 quod
1267 638 1304 678 est
1317 643 1349 670 in
1361 637 1465 670 verbis
1477 636 1646 677 verifimile,
1671 636 1707 680 se
1726 646 1840 679 putant
1857 638 1934 680 poffe
1955 635 2065 680 discere

1182 691 1201 722 a
1223 695 1372 722 veritate.
1399 686 1552 731 Suafhrius
1576 686 1878 729 enim&vertfimilis
1904 686 1941 726 est
1964 692 2066 730 exqui-

1181 749 1246 772 rens
1259 738 1349 781 fucos
1375 748 1477 778 error,
1498 736 1559 778 fine
1578 737 1649 779 fuco
1669 747 1769 771 autem
1791 743 1932 778 veritas,
1958 739 2067 780 &pro-

1178 797 1248 831 pter
1265 788 1316 821 boc
1333 793 1437 830 pueris
1453 787 1491 826 est
1501 788 1635 822 credita.
1662 790 1709 821 Et
1724 788 1754 830 fi
1776 789 1885 831 aliquis
1895 789 2013 830 quidem
2024 798 2069 820 eo·

1181 850 1244 871 rum
1257 863 1267 877 ,
1288 845 1339 881 qui
1351 840 1478 871 audiunt
1492 849 1558 877 eos,
1582 849 1702 881 quaerat
1722 837 1903 881 solutiones,
1928 839 1981 871 vel
2005 848 2070 871 con·

1182 890 1312 922 tradicat
1332 895 1398 930 eis,
1420 887 1498 922 hunc
1521 888 1605 931 quast
1622 899 1680 922 non
1701 894 1869 930 capientem
1884 893 2068 928 veritatem,

1183 941 1217 973 &²
1237 951 1294 973 non
1315 938 1472 973 habentem
1488 939 1524 972 de
1533 938 1767 982 superioribusa
1779 942 1880 973 Matre
1887 937 1946 982 sua
1964 935 2069 981 semen

1182 990 1385 1031 affirmantes,
1412 994 1444 1021 in
1465 997 1560 1022 totum
1586 987 1664 1023 nihil
1690 990 1792 1022 dicunt
1815 995 1840 1023 ei
1865 1013 1876 1028 ‚
1902 989 2070 1022 mediarum

1179 1045 1314 1081 partium
1338 1040 1469 1073 dicentes
1488 1039 1539 1082 esse
1563 1040 1668 1079 illum,
1694 1038 1745 1073 boc
1764 1039 1801 1080 est
1814 1064 1825 1079 ,
1852 1037 2069 1082 Phebicorum.

1184 1089 1238 1125 Ut
1249 1089 1267 1125 ὲ
1278 1089 1387 1123 nostra
1397 1088 1491 1132 plebe
1501 1089 1710 1129 audirentur,
1737 1089 1772 1124 ἀ
1784 1090 1892 1124 statim
1906 1090 1995 1124 velut
2007 1086 2071 1122 hae-

1181 1139 1274 1174 retici
1298 1150 1366 1173 non
1385 1138 1620 1182 projicerentur
1633 1163 1645 1180 ,
1671 1149 1866 1173 communes
1888 1139 1983 1173 nobis
2003 1138 2072 1171 Ro-

1182 1199 1293 1224 manas
1316 1199 1411 1225 voces
1432 1189 1617 1224 usitabant:
1645 1187 1861 1223 Audientiam
1888 1189 1971 1222 uasti
1989 1187 2070 1221 mul-

1181 1250 1217 1274 to
1239 1239 1412 1278 verborum
1425 1241 1503 1275 suco
1526 1238 1745 1282 exponebant.
1764 1238 1818 1273 sua
1830 1239 1947 1280 Sensa,
1973 1248 2072 1282 atque

1182 1291 1227 1324 ita
1248 1291 1406 1333 quosdam
1427 1289 1739 1328 circumscribebant
1755 1314 1762 1321 .
1788 1289 1835 1324 Et
1845 1298 1927 1332 quos
1948 1289 2075 1325 cautio-

1182 1352 1231 1376 res
1250 1341 1510 1376 circumscribere
1531 1352 1601 1375 non
1641 1349 1795 1385 poterant
1818 1363 1829 1379 ,
1864 1338 2074 1382 appellabant

1183 1390 1383 1434 psychicos,
1411 1392 1465 1425 seu
1477 1391 1653 1426 animales.
1682 1386 1860 1424 Manichaei
1883 1388 1925 1422 de
1950 1386 2003 1422 his
2025 1388 2076 1422 di·

1180 1440 1319 1475 cebant:
1339 1444 1462 1482 ,Lumen
1485 1448 1518 1475 in
1539 1441 1588 1481 isto
1611 1439 1750 1474 babitare
1774 1451 1835 1472 nort
1851 1443 1952 1481 potuit
1975 1462 1986 1478 ,
2016 1436 2076 1481 sed

1172 1491 1251 1533 fecit
1271 1491 1426 1533 tranfitum
1443 1517 1452 1525 .
1482 1492 1531 1525 lta
1556 1490 1702 1524 scelerati
1730 1487 1899 1523 ,Gnostici
1936 1488 2074 1523 diabolo

1181 1541 1357 1575 servierunt
1379 1540 1420 1574 ad
1444 1540 1511 1574 duo
1525 1554 1536 1573 :
1563 1539 1627 1573 Per
1639 1537 1866 1571 Christianum
1884 1550 2008 1572 nomen
2032 1537 2075 1572 ad

1180 1600 1297 1637 gentes
1320 1589 1510 1624 alienandas
1523 1588 1564 1623 ab
1589 1588 1652 1623 isto
1675 1589 1746 1632 ipso
1769 1589 1932 1630 nomine‚·
1956 1599 2012 1631 per
2022 1599 2076 1622 or-

1179 1641 1345 1676 thodoxas
1367 1651 1463 1675 voces
1499 1640 1541 1674 ad
1578 1639 1689 1674 fideles
1736 1637 2073 1673 circumscribendos.

1180 1692 1325 1726 Fuerunt
1346 1690 1483 1725 diabolo
1506 1689 1636 1735 gladius
1658 1700 1700 1723 ex
1723 1699 1860 1733 utraque
1883 1699 1974 1732 parte
1999 1699 2074 1723 acu-

1180 1753 1233 1776 tus
1244 1767 1251 1774 .
1274 1743 1325 1776 Ex
1347 1740 1541 1784 hisiusuper
1551 1740 1640 1774 disce
1651 1764 1664 1780 ,
1690 1739 1781 1784 quod
1796 1739 1906 1775 noster
1919 1738 1960 1773 ad
1972 1738 2074 1772 Mon·

1180 1803 1296 1828 tanum
1309 1792 1418 1836 postea
1444 1791 1552 1835 lapsus
1568 1790 1744 1834 Septimius
1761 1788 2000 1832 Psychicorum
2022 1801 2073 1822 ca-

1181 1844 1343 1877 lumniam
1369 1841 1465 1876 nobis
1489 1842 1659 1887 imponere
1671 1838 1825 1875 didicerit
1837 1840 1856 1874 ἡ
1871 1840 2077 1875 Valentinia-

1183 1906 1235 1928 nis
1248 1919 1260 1926 .,
1576 1923 1580 1926 ,
1805 1916 1807 1918 -

1234 1943 1383 1978 Eandem
1406 1942 1586 1987 obtegendi
1607 1942 1675 1987 lupi
1703 1951 1806 1977 artem
1829 1941 2000 1987 insigniter
2011 1940 2076 1975 cal-

1182 1995 1312 2029 luerunt
1325 1994 1463 2028 Ariani.
1496 1993 1631 2027 Etenim
1655 1992 1689 2026 in
1713 1996 1816 2036 prima
1839 1990 2009 2026 adversum
2031 1991 2076 2032 ip-

1180 2047 1231 2079 sos
1252 2043 1471 2088 disputatione
1494 2043 1603 2078 stribit
1625 2044 1759 2077 Sanetus
1772 2040 1987 2074 Athanalius:
2018 2044 2073 2073 Ne

1176 2094 1377 2138 sustinueritis
1398 2106 1446 2128 eos
1460 2119 1471 2134 ‚
1497 2099 1549 2134 qui
1574 2101 1680 2132 contra
1692 2095 1887 2124 Nica-norum
1900 2092 2030 2123 Parrum
2036 2089 2073 2132 fi

1181 2147 1247 2178 dem
1267 2151 1354 2178 novis
1382 2145 1468 2177 rebus
1482 2143 1607 2181 student
1619 2163 1629 2178 ,
1655 2140 1917 2182 etiamfiditff'iones
1932 2152 1970 2173 ex
1975 2138 2071 2182 sacris

1180 2197 1292 2227 litteris
1312 2192 1449 2234 scribant
1461 2216 1468 2222 .
1499 2195 1551 2224 Ne
1567 2189 1766 2232 sustinueritis
1781 2189 1831 2223 boc
1837 2201 1932 2234 genus
1943 2192 2071 2232 Scripto-

1179 2255 1266 2282 rum,
1291 2241 1407 2283 etiamst
1427 2251 1510 2281 voces
1534 2239 1706 2274 orthodoxae
1720 2240 1796 2281 fidei
1810 2241 1987 2282 loquantur.
2019 2245 2071 2274 Ne

1178 2299 1224 2324 ita
1244 2294 1363 2333 quidem
1385 2291 1573 2332 loquentibus
1595 2292 1766 2324 attendite.
1794 2294 1867 2323 Non
1888 2296 1968 2325 em‘m
1993 2291 2071 2323 rebla

1179 2346 1277 2375 animo
1289 2342 1450 2382 loquuntur
1464 2362 1474 2378 ,
1498 2338 1557 2382 sed
1565 2343 1662 2373 veluti
1675 2342 1881 2374 indumentum
1892 2347 1993 2374 ovium
2000 2349 2071 2383 pro·

1170 2390 1280 2434 ferum
1297 2389 1362 2426 baec
1380 2390 1496 2425 verba:
1523 2393 1609 2423 Intus
1633 2391 1703 2426 verb
1724 2389 1850 2433 sapiunt
1870 2415 1880 2431 ‚
1909 2402 1977 2434 quoe
1996 2390 2071 2435 sunt

1181 2446 1262 2475 Arii.
1289 2441 1552 2484 ,Quemadmodum
1582 2438 1722 2482 haerefion
1743 2442 1892 2482 Princeps
1915 2441 2066 2475 diabolus.

1177 2496 1265 2525 Nam
1284 2492 1319 2525 <v
1337 2491 1385 2525 ille
1395 2490 1597 2533 loquebatur?
1612 2492 1711 2523 Sacris
1725 2492 1858 2525 litteris.
1886 2493 1946 2524 Sed
1965 2501 2070 2525 tamen

1179 2543 1264 2584 aque
1285 2542 1331 2575 illi
1349 2541 1519 2574 obturatum
1541 2540 1579 2581 est
1596 2553 1627 2573 os
1644 2542 1665 2572 ᾶ
1678 2541 1849 2575 salvatore.
1878 2540 2068 2576 Eusebiana

1178 2593 1349 2636 praesertim
1385 2591 1586 2627 Arianorum
1623 2591 1722 2626 factio
1759 2592 1822 2625 fuit
1847 2591 2067 2636 dolofiffima.

1177 2646 1272 2676 Deum
1294 2640 1419 2676 Verbum
1440 2640 1639 2685 profitebatur
1662 2642 1713 2684 effe
1730 2648 1867 2686 genitum
1888 2653 1925 2676 ex
1939 2645 2033 2676 Patre
2056 2668 2067 2683 ,

1176 2698 1273 2727 Deum
1294 2704 1333 2726 ικ
1357 2694 1419 2726 Deo
1432 2715 1444 2732 ,
1470 2695 1585 2725 Lumen
1601 2702 1639 2726 ex
1662 2695 1809 2731 Lumine,
1834 2699 1980 2726 eternum
1996 2702 2067 2725 ante

1174 2749 1274 2776 omnia
1294 2750 1427 2784 tempora
1449 2767 1459 2783 ,
1486 2743 1615 2785 aliaque
1635 2740 1669 2774 id
1690 2752 1793 2786 genus
1815 2742 1929 2775 omnia
1954 2752 2066 2784 praeter

1175 2793 1306 2828 unicam
1327 2803 1468 2833 vocem,
1496 2790 1769 2834 consubstantiale.
1797 2790 1841 2824 Et
1870 2799 1980 2824 tantos
2009 2789 2064 2827 hic

1174 2843 1335 2878 adduxere
1354 2842 1448 2876 fucos
1463 2866 1475 2883 ,
1502 2853 1538 2875 ut
1552 2843 1655 2875 solam
1667 2851 1782 2875 vocem
1795 2864 1806 2879 ‚
1834 2851 1903 2874 non
1917 2841 1986 2883 ejus
1999 2842 2065 2876 sen·

1174 2893 1310 2928 tentiam
1337 2892 1526 2926 viderentur
1538 2891 1733 2935 proscribere
1743 2915 1750 2923 .
1780 2890 1825 2924 Et
1839 2889 1918 2925 hinc
1929 2892 2064 2926 sanctus

1176 2943 1373 2978 Athanasius
1399 2942 1502 2986 pergit
1518 2955 1525 2974 2
1552 2944 1583 2974 5}
1601 2947 1690 2985 igitur
1712 2943 1829 2982 scripta
1842 2940 1897 2980 ista
1917 2940 1956 2974 ab
1969 2941 2064 2975 ortbo-

1172 2996 1257 3027 doxis
1275 2990 1530 3035 proficiscerentur
1543 3016 1554 3031 ,
1581 2992 1683 3033 qualia
1701 2989 1774 3033 fiant
1793 2997 1896 3038 magni
1918 2993 1998 3026 illius
2027 2994 2061 3025 (θ’

1175 3043 1347 3087 ConfhfforIs
1368 3041 1424 3084 osii
1436 3065 1447 3082 ,
1475 3045 1637 3074 Maximini
1650 3042 1760 3074 Galliae
1774 3065 1786 3081 ,
1812 3051 1864 3074 aut
1883 3043 1945 3082 ejus
1953 3040 2062 3084 ficcces-

1171 3095 1248 3139 soris
1259 3118 1270 3134 ,
1287 3103 1342 3127 aut
1358 3092 1520 3136 Philogonii
1532 3099 1585 3125 aut
1597 3090 1750 3130 Eustatbii
1763 3095 1896 3126 Orientis
1909 3091 2060 3134 Ept'fi‘opo·

1175 3157 1260 3186 rum,
1280 3154 1335 3177 aut
1348 3148 1380 3188 J
1383 3143 1435 3176 ulti
1455 3144 1489 3176 (ν
1502 3142 1611 3174 Liberii
1633 3145 1831 3175 Romanorum
1857 3141 2036 3183 Pontificum
2049 3164 2059 3180 ‚

1175 3206 1228 3229 aut
1240 3199 1352 3233 cyriaci·
1364 3191 1457 3233 Myfiae
1468 3217 1478 3232 ,
1496 3201 1547 3224 aut
1570 3191 1643 3232 Pifli
1659 3193 1693 3227 (3
1704 3191 1819 3233 Aristaei
1841 3196 1967 3225 Graeciae
1982 3195 2060 3234 Epi-

1172 3245 1344 3290 scoparum,
1370 3253 1424 3277 aut
1444 3241 1577 3281 silvestri
1597 3243 1632 3276 θ
1652 3246 1826 3286 Protogenis
1850 3246 1956 3274 Daciae
1967 3266 1979 3283 ,
2004 3250 2058 3275 aut

1178 3292 1507 3337 Leonttt&Eupssrcbit
1528 3294 1728 3335 Cappadocus
1754 3290 1982 3335 Epifhoporum,
2008 3293 2060 3325 vel

1631 3343 1659 3376 F
1710 3353 1730 3390 3
1931 3346 2009 3383 Ceci-
