2346 3724
141 1000 206 1032 Lib.
233 1011 245 1032 1
252 1022 259 1031 .

138 1050 202 1081 ⁶³1³·
209 1049 225 1080 3
233 1051 257 1079 5·

145 1501 249 1533 Hares.

91 1544 248 1582 38.cap.2.

344 141 457 200 ‘278
879 138 906 183 S
978 143 1007 182 c

277 219 452 262 pellabatur·
470 221 597 260 cajana
618 218 759 260 baerelis.
788 223 835 254 Et
856 222 948 254 multo
967 228 1096 264 tempore
1113 220 1175 253 dor-

279 276 380 303 miens
402 269 454 303 vel
474 268 594 315 sepultat
612 281 690 304 nunc
710 273 732 303 ἆ
745 273 947 304 Dormitantio
956 270 996 311 est
1017 270 1174 315 suscitata

280 320 403 355 saneto
414 318 649 363 Hieronymo,
677 320 767 361 quod
793 331 854 354 nos
864 321 984 355 doceat
993 321 1174 356 Tertullra

281 370 320 405 ni
341 370 553 413 Scorpiacum
575 371 641 405 esse
667 371 822 414 scriptum
856 381 974 406 contra
1008 372 1174 416 Cajanos,

281 421 425 456 summas
445 420 603 455 debemus
623 420 745 465 gratias
762 445 770 453 .
798 420 931 456 Exinde
954 422 1054 457 etiam
1078 421 1174 456 disci-

280 480 376 512 muS,
401 469 492 514 quod
512 468 654 512 Cajani,
681 470 824 513 plurium
848 471 1090 507 Gnosticorum
1103 483 1174 506 mo·

279 530 332 562 re,
360 520 537 564 spreverint
549 519 733 563 Martyria.
761 520 1173 567 PorroVigilantiussper-

278 569 379 606 nebat
398 570 589 604 Sanitorum
610 570 799 613 Martyrum
823 570 1000 615 reliquias,
1026 573 1058 606 &
1077 583 1171 616 nega·

278 621 336 657 bat
347 621 544 656 venerandas
555 644 562 653 .
590 620 683 654 Hinc
694 621 828 655 Sanetus
850 621 1078 664 Hieronymus
1089 623 1171 655 affir-

277 681 348 706 mat
369 671 410 705 ab
431 672 501 714 ipso
524 670 634 705 reduci
659 669 819 713 Cajanam
841 670 1004 708 haerefim.
1031 672 1114 706 Non
1124 671 1169 707 est

278 722 412 766 penitus
425 722 515 755 firma
526 721 761 764 consequentia
771 744 780 754 .

328 771 487 815 Caiatiam
508 769 649 805 haerefim
670 769 847 815 Septimius
857 773 937 808 recte
956 773 1095 808 affirmat
1106 772 1168 808 effe

275 818 540 862 Nicolaiticam,
567 822 622 856 seu
634 821 743 856 sectari
755 822 913 865 palmares
923 834 1045 858 errores
1066 823 1169 858 Nico·

275 872 450 906 laitarum.
478 872 530 906 Hi
550 871 625 906 sunt
644 871 838 915 Idolothyta
859 873 975 916 edere,
1003 875 1040 909 &
1062 874 1167 918 stupra

272 920 504 957 committere.
531 921 587 957 De
606 919 810 965 Gaianorum
833 923 950 968 stupris
970 923 1080 959 scribit
1091 925 1168 961 San-

274 971 345 1006 stus
367 971 525 1006 irenaeus:
549 973 790 1015 cajanidicum
805 972 896 1014 aliter
918 986 976 1009 non
993 973 1166 1019 salvaribo

268 1028 390 1063 mines,
418 1021 477 1064 nifi
481 1031 536 1065 per
545 1026 647 1055 omnia
657 1031 730 1056 eant
739 1025 989 1066 quemadmodum
1009 1028 1043 1060 Θ
1056 1029 1158 1068 Carpo

269 1082 368 1107 crates
378 1073 462 1106 dixit
473 1095 485 1114 ,
507 1073 544 1107 Θ
562 1077 594 1106 in
605 1083 776 1115 unoquoque
785 1082 974 1116 peccatorum
985 1078 1019 1111 Θ
1030 1082 1167 1118 turpium

269 1129 474 1166 operationum
488 1122 632 1167 Angelum
641 1123 762 1164 affistere
775 1148 786 1164 ,
810 1124 846 1159 Θ
855 1133 1028 1167 operantem
1038 1128 1167 1160 accidere

269 1176 459 1215 audaciam,
482 1175 520 1208 Θ
540 1174 768 1207 immunditiam
786 1173 924 1216 inferre,
948 1178 990 1210 id
1009 1179 1091 1219 quod
1097 1175 1167 1216 inest

268 1229 300 1257 ei
319 1229 484 1267 operationi
506 1223 610 1267 Angeli
630 1228 750 1258 nomine
761 1225 875 1258 dicere:
903 1230 930 1259 0
951 1236 986 1260 tu
1001 1227 1166 1271 Angeleab.

267 1282 347 1308 aare.
361 1286 402 1308 or.
414 1282 501 1316 opere
521 1283 573 1307 tuo
587 1272 685 1315 fatua
706 1274 760 1307 iila
781 1274 932 1316 Potestas,
957 1271 1166 1319 perficiotuam

267 1330 485 1366 operationem.
511 1326 559 1357 Et
580 1322 634 1357 hoe
656 1323 712 1365 effe
725 1321 1084 1368 ρὶεηιὶαωρενῇἆαηι,
1101 1325 1166 1367 fine

265 1379 438 1408 tremorem
448 1372 524 1406 taies
533 1371 618 1405 abire
631 1378 834 1412 operationes,
858 1385 940 1415 quae
960 1386 999 1408 rte
1008 1381 1165 1409 nominare

264 1425 387 1467 quidem
392 1422 452 1465 fas
468 1430 550 1456 erat.
580 1420 639 1455 Est
651 1421 744 1456 locus
756 1431 931 1465 corruptus
940 1440 958 1458 .’
975 1423 1087 1469 Ipsum
1097 1424 1165 1459 elu-

263 1473 354 1508 cidat
374 1474 510 1508 Sanaus
536 1469 743 1515 Epiphanius
763 1482 773 1505 t
811 1472 953 1515 ,Quilibet
978 1475 1163 1516 Cajanorum

262 1523 391 1567 nefaria
410 1522 555 1566 quaedam
570 1528 752 1563 perpetrans
763 1523 798 1556 Θ
814 1521 849 1564 se
860 1526 1041 1558 execrandis
1052 1531 1088 1558 in
1096 1525 1164 1559 libi—

263 1574 388 1609 dinibus
399 1585 437 1607 ac
445 1578 526 1606 omni
537 1571 713 1615 flcgitt‘mcm
718 1582 827 1615 genere
849 1572 994 1608 volutans
1006 1599 1017 1615 ‚
1037 1574 1161 1619 singulo

262 1635 334 1663 eum
347 1624 520 1669 Angelorum
532 1627 654 1656 nomina
667 1642 682 1662 ,
704 1631 772 1655 tam
785 1630 922 1656 verorum
933 1627 1024 1666 quam
1032 1625 1074 1659 ab
1093 1625 1161 1667 ipfis

1080 153 1109 182 H
1178 148 1212 178 Ο
1244 155 1248 158 ’

1266 148 1305 177 ‚L
1363 160 1366 162 v

1243 218 1659 264 laitis.Ab1pfisdeven1t
1672 222 1784 269 adCaj
1787 236 1886 261 anos
1915 227 1961 262 Et
1981 227 2124 265 omnino

1241 270 1408 305 adversum
1432 271 1510 305 istos
1527 271 1637 307 scribit
1655 273 1789 309 sanstus
1811 277 1908 319 Judas
1918 278 2121 321 Apostolus·

1240 320 1481 363 Subimrojerunt
1501 323 1627 366 quidam
1646 322 1777 358 homines
1798 331 1920 370 impii,
1947 333 2005 363 Det
2035 330 2124 371 nostri

1233 377 1370 414 gratiam
1396 371 1617 414 transferentes
1642 378 1676 405 in
1707 375 1887 410 luxuriam.
1926 378 2123 423 Biaspheme

1238 420 1431 457 blaterantes
1455 423 1616 458 luxuriam
1637 424 1703 457 effe
1725 428 1957 463 commercium
1970 441 2009 465 ex
2023 443 2122 475 opere

1236 482 1371 514 operato
1383 474 1579 508 collativum
1600 474 1733 508 Divinae
1753 476 1881 520 gratie.
1908 480 2010 528 Qod
2021 483 2121 517 etiam

1236 521 1427 567 idolothyta
1448 523 1613 559 liberrime
1632 524 1799 566 ederent,
1824 527 1858 561 δε
1888 528 2032 567 dicerent
2060 532 2121 568 ista

1236 583 1304 605 non
1316 574 1421 608 curari
1442 574 1460 608 a
1472 574 1625 609 Domino
1645 575 1747 615 Deo,
1772 575 1889 611 diserte
1900 580 2036 617 affirmat
2054 583 2123 617 lau-

1233 621 1329 657 datus
1341 620 1498 664 Irenaeus,
1523 622 1558 658 δε
1576 625 1777 668 Septimius'
1768 637 1802 659 in
1820 626 1905 662 libro
1925 629 2119 675 scorpiaco

1234 672 1311 706 Fuit
1331 673 1457 708 facinus
1478 685 1658 710 commune
1677 675 1836 711 omnibus
1858 677 1968 721 paffim
1987 683 2123 718 Gnosti-

1233 723 1301 757 cis.
1331 723 1466 758 Etenim
1478 723 1639 767 quialirer
1649 725 1804 769 martyria
1824 728 2012 765 evafiffent?
2037 732 2120 769 Haec

1232 773 1380 807 evitandi
1403 774 1547 808 studium
1570 775 1604 809 ἀ
1625 773 1748 820 dogma
1760 788 1829 811 non
1841 777 1937 821 poffit
1947 778 1988 814 ab
2001 782 2059 816 ista
2069 784 2122 816 So-

1233 824 1281 856 &a
1294 824 1448 867 separari.
1476 825 1632 859 Etenim‘
1623 837 1659 859 m
1671 826 1873 871 flagitiorum
1884 840 1981 864 coeno
1997 830 2123 866 voluta-

1231 883 1283 907 tus
1308 873 1412 909 homo
1434 873 1518 909 nihil
1540 875 1900 920 magistimetdmdit,
1928 879 2025 938 quam
2036 891 2123 915 mor-

1231 935 1319 958 tem·
1343 924 1428 970 Qis
1442 925 1539 960 fuerit
1552 925 1754 970 Cajanornm
1767 926 1906 971 author,
1935 931 2124 975 ignoratur.

1231 973 1369 1010 Praesens
1390 975 1539 1019 Septimii
1561 975 1655 1012 locus
1674 979 1801 1014 evincit
1823 979 1911 1024 ipsos
1932 992 2003 1016 non
2028 981 2121 1017 fuiffe

1230 1023 1435 1071 temporibus
1447 1025 1670 1070 Apostolicis

1368 1174 1470 1226 Illud
1491 1179 1702 1245 Marcion,
1737 1176 1804 1228 hoc
1827 1182 1976 1230 Ebion.

1277 1322 1382 1373 Qod
1403 1324 1539 1359 sanctus
1549 1325 1692 1369 Joannes
1705 1324 1887 1370 Apostolus
1896 1329 1991 1363 suum
2007 1328 2116 1365 Evam

1227 1374 1375 1419 gelium,
1401 1374 1551 1419 adeoque
1569 1375 1756 1419 &primam
1782 1377 1979 1421 epistolam,
2004 1381 2117 1415 adver-

1226 1425 1279 1458 sus
1291 1423 1470 1459 cerinthum
1483 1448 1494 1465 ,
1520 1423 1647 1468 aliosque
1660 1423 1835 1466 baereticos‘,
1861 1429 1896 1462 Θ
1907 1430 2042 1463 tna-trime²
2049 1441 2116 1464 com

1225 1483 1277 1508 tra
1298 1474 1513 1509 Ebionitai-,um
1535 1482 1607 1510 tunc
1628 1477 1737 1519 dogma
1759 1451 1954 1521 confingens,
1982 1479 2114 1523 scripse

1226 1525 1268 1560 rit
1287 1545 1300 1564 ‚
1325 1525 1461 1559 testatur
1480 1526 1617 1560 Sanctus
1639 1527 1872 1570 Hieronymus
1895 1527 1931 1561 in
1960 1529 2117 1574 catalogo

1227 1572 1371 1609 virorum
1407 1572 1582 1610 illustrium
1608 1599 1616 1609 .
1654 1575 1699 1611 Et
1723 1576 1891 1622 infigniter
1915 1577 2118 1615 demonstrat

1225 1625 1359 1659 Sanetus
1372 1624 1528 1659 irenaeus.
1556 1624 1613 1659 Ab
1623 1626 1742 1661 eodem
1757 1627 1834 1662 audi
1847 1626 2000 1663 Cerinthi
2021 1627 2117 1664 haere-

1223 1676 1306 1709 sim-.-
1332 1672 1499 1709 cerinthus
1524 1685 1584 1709 non
1606 1689 1627 1708 a
1644 1682 1743 1718 primo
1756 1679 1820 1710 Deo
1833 1677 1957 1718 fac‘lum
1966 1677 2115 1720 enema·
2135 1684 2230 1726 Lib.3‚
2247 1698 2276 1723 c,

1224 1726 1300 1759 dum
1310 1725 1431 1765 docuit,
1451 1723 1538 1768 seda
1549 1730 1665 1759 virtute
1678 1729 1814 1769 quadam
1835 1728 1928 1762 valde
1945 1726 2114 1771 separata,
2134 1729 2162 1757 8·
2186 1737 2234 1761 11

1224 1775 1399 1815 &distante
1409 1775 1449 1808 ab
1469 1787 1505 1810 ea
1519 1778 1774 1818 Principalitaete,
1799 1789 1869 1820 quae
1892 1777 1931 1816 est
1933 1776 2027 1820 super
2049 1785 2115 1813 uni·
2133 1765 2194 1798 ¹³¹³·
2216 1779 2246 1806 5·

1223 1823 1340 1867 versa,
1363 1827 1399 1860 Θ
1413 1830 1568 1869 ignorante
1577 1837 1643 1858 eum
1656 1826 1877 1869 q,uiestsuper
1886 1832 1987 1860 omnta
1997 1830 2112 1862 Deum.
2131 1816 2201 1879 ᾖξ’
2209 1812 2253 1879 ’,δ’

1226 1874 1375 1918 JESHM
1401 1883 1502 1907 autem
1521 1872 1650 1916 subjecit
1675 1886 1734 1908 non
1769 1887 1808 1908 ex
1836 1879 1961 1920 Virgine
1985 1887 2114 1921 natum,
2132 1897 2194 1927 029
2203 1897 2251 1925 ²5

262 1729 346 1771 quod
355 1726 486 1768 facinus
499 1737 533 1758 ac
541 1732 722 1766 peccatum,
751 1724 835 1756 velut
850 1730 1050 1766 precipuum,
1075 1732 1165 1759 attri-

263 1778 355 1816 buit,
381 1787 416 1808 ac
435 1776 675 1816 qualemcumque
694 1771 782 1815 suum
796 1770 893 1814 scelus
912 1774 1163 1818 certtcujuspiam

263 1827 309 1860 ad
333 1825 436 1869 Angeli
459 1828 562 1857 nomen
584 1822 801 1855 accommodat.
826 1825 907 1856 Cum
927 1830 1008 1856 enim
1020 1823 1162 1866 ejusmodi

262 1876 384 1919 aliquid
405 1879 614 1912 committunt,
640 1870 718 1906 bunc
737 1878 771 1904 in
784 1872 902 1907 modum
914 1872 1161 1917 prefaerisolent:

205 1962 217 1965 ⁷,
263 1930 291 1960 0
307 1926 413 1969 angele
423 1928 469 1956 Ν.
485 1932 569 1957 tuum
580 1930 654 1963 opus
667 1932 782 1955 exerceo
795 1944 803 1952 .
825 1926 856 1954 0
870 1924 1003 1964 Potestas
1015 1928 1060 1957 N.
1069 1925 1161 1958 alito-

152 2237 251 2269 Lib-1.

127 2286 192 2317 cap.
204 2289 253 2315 24.

262 1987 301 2011 ne
323 1985 378 2009 tua
391 1974 522 2018 fungor.
553 1975 650 2014 Atque
661 1971 739 2004 illud
749 1969 845 2014 ipsum
866 1971 906 2011 est
920 1995 931 2011 ,
956 1975 1087 2015 quodab
1100 1976 1160 2007 illis

262 2028 376 2062 dicitur·
398 2022 535 2067 absoluta
555 2027 683 2066 cognitio
698 2046 705 2053 .
731 2020 838 2055 Addit
862 2022 947 2064 ipsos
967 2023 1161 2057 descendere

263 2077 284 2112 ὲ
296 2074 477 2111 Nicolaitis
487 2097 495 2107 .
522 2074 608 2120 Qae
618 2071 734 2106 omnia
747 2071 905 2107 testantur
915 2072 1014 2107 etiarn
1027 2074 1162 2108 Sanctus

263 2126 474 2172 Augustinus
495 2135 533 2158 ac
543 2119 797 2165 Theodoretus.
822 2120 917 2169 Qid
929 2123 1014 2168 apud
1038 2123 1160 2166 Carpo·

262 2186 388 2213 cratem
407 2176 444 2211 fit
468 2177 526 2209 Per
546 2178 649 2207 omnia
674 2178 738 2214 ire,
766 2173 907 2215 exponit
933 2172 1082 2219 laudatus
1101 2174 1162 2207 Ire-

264 2237 371 2263 naeus.
366 2241 374 2249 ·
399 2230 600 2268 Carpocrates
612 2234 649 2258 ac
658 2222 728 2265 ejus
741 2224 920 2257 Senatores
931 2232 1022 2257 tama
1038 2222 1161 2268 insania

265 2279 414 2322 rffioenati
436 2274 526 2320 sunt,
552 2283 589 2308 ut
611 2275 779 2313 (wamma,
801 2284 978 2316 quecumque
982 2273 1058 2318 sunt
1070 2277 1161 2309 irreli

261 2327 350 2376 giosa
370 2330 406 2362 Θ
427 2332 522 2369 tmpt'a
529 2323 702 2367 potestatem
713 2323 821 2357 babere
831 2325 975 2365 operandi
992 2324 1026 2367 se
1038 2326 1161 2358 dicant.

264 2381 332 2414 sola
354 2384 434 2413 enim
453 2376 587 2411 bumana
606 2379 743 2417 opinione
760 2379 877 2416 negotia
887 2373 965 2406 bona
977 2375 1013 2407 Θ
1024 2375 1108 2407 mala
1117 2375 1163 2406 di-

264 2441 355 2465 cunt.
382 2431 429 2462 Et
451 2432 554 2469 utique
573 2423 737 2469 secundum
747 2421 1043 2467 transmIgrationem
1063 2428 1097 2456 tn
1107 2434 1161 2456 eor·

262 2487 341 2523 pora
353 2487 481 2522 oportere
490 2483 523 2510 in
533 2480 612 2510 omni
623 2480 693 2508 vita
703 2496 714 2515 ,
740 2474 777 2508 Θ
797 2479 833 2506 ln
843 2479 924 2506 omni
935 2470 1003 2506 aliu
1018 2474 1086 2516 fieri
1099 2478 1161 2506 ani-

266 2540 349 2566 mas.
376 2531 408 2561 si
430 2537 487 2560 nott
508 2530 694 2568 preocupans
716 2528 785 2566 quis
799 2527 833 2556 in
844 2534 902 2557 uno
911 2524 1048 2557 adventu
1063 2528 1165 2557 omnia

266 2579 333 2625 agit
338 2574 428 2620 fimul
436 2588 471 2610 ac
480 2581 617 2617 pariter.
646 2576 716 2616 ,ρας
726 2585 784 2606 non
795 2583 916 2607 tantum
926 2574 1023 2607 dicere
1032 2574 1068 2607 Θ
1079 2573 1166 2607 audi-

266 2642 302 2665 re
321 2639 380 2662 non
408 2626 446 2664 eff
460 2623 518 2668 fas
533 2624 617 2658 nobis
631 2645 642 2663 ,
662 2622 723 2665 sed
742 2634 778 2656 ne
790 2625 911 2664 quidem
933 2628 966 2656 in
979 2630 1090 2657 mentis
1100 2635 1166 2657 con-

266 2683 429 2722 ceptionem
438 2681 562 2711 venire
590 2672 799 2716 impudenter
812 2671 1013 2708 blaterarunt
1028 2684 1166 2709 omnem

269 2728 443 2764 hominem
457 2725 576 2760 debere
587 2723 718 2767 explere
726 2733 864 2757 omnem
877 2721 1069 2765 libidinem,
1094 2734 1166 2758 om-

269 2788 348 2816 nem
371 2775 521 2812 libidinis
543 2775 702 2819 speciem
734 2771 820 2807 Eum
838 2772 896 2816 qui
909 2783 1016 2809 morte
1027 2785 1165 2818 praeven-

268 2839 325 2865 tus
335 2828 394 2864 ista
408 2835 478 2862 nou
490 2825 618 2870 posset,
641 2822 800 2858 dixerunt
812 2820 915 2858 &Deo
924 2825 1002 2869 cogi
1013 2824 1055 2859 ad
1067 2826 1164 2860 trani:

271 2876 502 2925 migr-andum·
495 2887 530 2910 m
541 2873 633 2910 aliud
645 2884 784 2918 corpus,
811 2873 978 2908 immo&
970 2887 1004 2909 in
1021 2876 1085 2910 alia
1098 2877 1162 2910 suc·

271 2927 388 2964 eeffive
397 2937 533 2970 corpora
547 2947 558 2967 ,
582 2925 692 2961 donec
704 2924 820 2958 omnia
831 2925 993 2969 expleret.
1017 2921 1090 2960 Cur
1111 2925 1164 2960 fla·

271 2976 358 3036 gitia
376 2977 543 3012 executuri
564 2974 794 3011 invocaverint
820 2973 990 3019 Angelos,
1013 2975 1136 3011 edicit·
1128 2986 1162 3011 m

272 3028 374 3064 tertio
385 3027 586 3062 stromatum
597 3024 684 3061 libro
693 3023 828 3060 Sanctus
840 3024 995 3060 Clemens
1017 3024 1164 3061 Alexan

274 3080 410 3115 drinus.
435 3078 512 3111 sunt
533 3082 585 3119 qui
602 3082 696 3111 etiam
715 3074 866 3118 publicam
877 3078 1017 3110 Venerem
1033 3084 1163 3117 pronun-

127 3120 188 3165 Fol·
196 3128 230 3161 43
236 3125 263 3153 ⁶·
276 3135 358 3164 etant
379 3126 525 3168 mysticam
536 3132 765 3161 communionem
774 3150 781 3160 .
810 3126 960 3170 Exponit
971 3125 1163 3161 sceleratiffi·

275 3189 370 3216 mum
390 3179 513 3223 dogma
525 3199 537 3216 ‚
559 3177 826 3220 &prosequ-itur:
852 3180 992 3214 oninium
1012 3173 1162 3209 bominum

276 3229 459 3271 infeliciffimi
482 3230 584 3262 carnit
605 3228 640 3260 Θ
661 3232 752 3261 coitus
773 3226 1003 3267 conjunctionem
1020 3226 1072 3269 effe
1093 3234 1162 3267 pro-

279 3286 423 3313 nuntiant
431 3274 548 3321 sacram
557 3282 800 3318 communionem,
809 3279 845 3312 Θ
854 3287 922 3311 eant
929 3273 1101 3315 existimant
1111 3277 1160 3310 de-

273 3330 384 3363 ducerr
396 3331 440 3362 ad
448 3334 574 3374 ragnum·
590 3327 649 3362 Dei
662 3350 671 3362 .
696 3326 852 3363 Affirmat
863 3326 923 3363 ista
933 3324 1017 3362 tradi
1026 3324 1046 3362 ὲ
1056 3325 1160 3361 Nico·

263 1676 478 1719 confiderunt,
503 1678 672 1713 invocans,
695 1675 852 1715 unicuique
874 1674 1082 1714 detestandum
1107 1676 1163 1708 ali·

1196 2970 1211 3457 l

1217 1923 1309 1967 fuiffe
1331 1933 1434 1958 autem
1455 1934 1521 1957 eum
1528 1927 1560 1968 J
1563 1922 1650 1967 osepb
1671 1925 1706 1958 Θ
1716 1925 1951 1968 Mariaefilium,
1971 1926 2107 1968 fimiltter

1225 1984 1257 2007 ut
1267 1975 1372 2015 reliqui
1381 1984 1481 2006 omnes
1504 1972 1657 2006 homines.
1683 1977 1713 2005 Ε
1716 1983 1730 2006 t
1737 1978 1811 2016 plus
1829 1977 1951 2019 potuiffe
1958 1977 2086 2019 ‚iustitia
2099 2002 2113 2020 ,

1223 2023 1435 2064 &prudentia
1446 2044 1457 2061 ,
1482 2022 1518 2054 Θ
1537 2020 1695 2063 sapientia
1714 2031 1784 2063 prae
1804 2025 1959 2057 omnibus.
1984 2031 2031 2058 Et
2047 2028 2113 2070 post

1224 2070 1391 2114 Baptisma
1413 2076 1446 2104 in
1457 2082 1524 2105 eum
1545 2070 1718 2114 descendisse
1728 2070 1878 2112 christum
1898 2073 1937 2115 ab
1949 2083 1987 2107 ea
1998 2078 2117 2110 Priuer·-

1221 2123 1372 2165 palitate,
1397 2132 1468 2163 quae
1478 2119 1516 2161 est
1534 2119 1755 2164 superomnia,
1775 2121 1875 2167 figura
1884 2124 2042 2158 columbe.
2067 2129 2116 2160 Ee

1224 2181 1296 2206 tunc
1307 2172 1475 2213 annuttaffe
1486 2176 1665 2216 incognitum
1685 2174 1810 2206 Patrem
1821 2197 1832 2213 ,
1858 2175 1893 2207 Θ
1905 2179 2038 2209 virtutes
2044 2183 2116 2218 per·

1216 2221 1317 2266 fecffe
1330 2245 1342 2262 ,
1365 2227 1399 2255 in
1415 2220 1480 2264 fine
1505 2231 1605 2255 autem
1625 2222 1762 2266 revolaffe
1783 2223 1891 2257 iterum
1907 2222 2059 2267 Christum
2076 2227 2116 2260 de

1224 2271 1340 2317 JESU
1352 2294 1365 2313 ,
1392 2271 1594 2315 &JESUM
1612 2273 1730 2316 paffum
1748 2271 1823 2315 effe,
1848 2275 1883 2308 Θ
1904 2273 2110 2319 resurrexim,

1223 2322 1377 2363 Christum
1397 2331 1499 2356 autem
1522 2323 1728 2364 impaffibilem
1746 2321 2115 2367 perseveraffe,.e.tttssett-

1225 2382 1287 2406 tem
1294 2370 1480 2415 spiritalem.
1511 2372 1636 2406 Eadem
1647 2371 1712 2406 fere
1722 2372 1839 2408 docuit
1850 2374 1961 2409 Ebion
1974 2400 1983 2407 .
2010 2374 2115 2411 Exce-

1226 2421 1291 2465 ptis
1300 2420 1447 2454 duobus.
1475 2420 1618 2462 Primo,
1644 2421 1807 2456 mundum
1829 2425 1994 2459 confessus
2012 2425 2114 2461 estes

1226 2472 1258 2505 se
1270 2480 1352 2514 opus
1363 2468 1504 2504 Domini
1517 2469 1600 2505 Dei.
1627 2471 1761 2506 Deinde
1783 2471 1924 2515 priorem
1938 2474 1980 2508 de
1992 2475 2114 2511 Domi·

1226 2522 1260 2555 ni
1283 2522 1317 2554 &
1340 2518 1469 2564 Iosephi
1497 2518 1661 2555 natalibus
1687 2519 1921 2564 blasphemiam
1947 2526 2112 2567 correxit,

1223 2572 1257 2606 ἃ
1271 2571 1427 2614 professus
1448 2569 1494 2605 est
1507 2565 1610 2615 ipsum
1625 2595 1636 2612 ,
1663 2580 1779 2614 purum
1793 2582 1903 2608 tamen
1916 2571 2111 2617 hominem,

1225 2621 1243 2654 e
1256 2621 1397 2666 Virgine
1407 2630 1544 2655 natum
1565 2621 1609 2656 Et
1622 2620 1701 2655 hinc
1713 2620 1811 2676 nobis
1821 2621 1867 2657 est
1879 2621 2000 2667 duplex
2012 2624 2111 2660 Ebio-

1226 2670 1368 2706 nitarum
1391 2669 1510 2704 factio·
1503 2697 1511 2703 .
1538 2669 1616 2706 Alia
1630 2670 1772 2715 priorem
1785 2696 1797 2713 ,
1822 2672 1888 2707 alia
1899 2673 2110 2717 posteriorem

1226 2719 1379 2766 probavit
1398 2718 1551 2766 Magistri
1570 2722 1766 2756 sententiam
1790 2747 1798 2755 .
1841 2721 2027 2759 Adversum
2047 2723 2110 2759 hos

1226 2773 1329 2818 igitur
1347 2781 1471 2805 errores
1493 2771 1616 2815 scripsit
1630 2773 1764 2807 Sanctus
1776 2771 1935 2816 Joannes:
1964 2777 2003 2808 In
2018 2781 2110 2818 prin-

1224 2828 1301 2865 cipio
1313 2846 1325 2862 ,
1350 2822 1466 2866 utique
1477 2821 1595 2856 mundi
1613 2823 1792 2864 Creatore,
1817 2830 1883 2857 erat
1895 2824 2048 2866 Verbum,
2072 2825 2108 2860 Θ

1226 2873 1352 2907 Verbum
1359 2881 1425 2907 erat
1436 2873 1520 2915 apud
1531 2875 1627 2907 Deum
1648 2873 1684 2908 Θ
1695 2875 1779 2907 Deus
1789 2882 1856 2907 erat
1865 2874 1995 2910 Verbum
2003 2899 2011 2908 .
2038 2878 2109 2910 ont·

1225 2929 1277 2956 nia
1283 2932 1338 2966 per
1349 2921 1539 2966 ipsumfar‘la
1546 2920 1620 2966 sunt
1629 2947 1637 2956 .
1665 2926 1713 2957 Et
1723 2924 1856 2958 mundus
1872 2932 1930 2967 per·
1950 2923 2046 2969 ipsum
2048 2923 2107 2967 fa·

1222 2973 1284 3007 llus
1297 2973 1336 3014 est
1346 2998 1354 3006 .
1382 2977 1430 3007 Et
1442 2973 1569 3007 mundas
1578 2975 1645 3009 eu'm
1654 2984 1713 3008 non
1731 2979 1868 3019 cognovit
1882 2999 1890 3008 .
1917 2978 1964 3010 Et
1973 2973 2100 3009 Verbum

1222 3035 1290 3058 caro
1293 3023 1416 3066 fadum
1426 3022 1465 3065 est
1477 3048 1485 3057 .
1513 3025 1608 3059 Deum
1618 3035 1702 3058 nemo
1718 3027 1802 3059 vidit
1823 3035 1972 3068 unquam.
1998 3024 2103 3067 Unige-

1223 3081 1305 3109 nitus
1320 3075 1421 3108 Filius
1435 3097 1447 3115 ,
1472 3079 1525 3117 qui
1535 3073 1574 3116 est
1583 3073 1686 3117 infinu
1698 3077 1803 3111 Patris
1815 3098 1826 3116 ,
1851 3073 2078 3117 tpftenarravit
2091 3096 2101 3106 .

1221 3130 1328 3160 Omnn
1339 3123 1466 3168 spiritus
1478 3148 1490 3165 ‚
1514 3130 1566 3167 qui
1576 3124 1731 3168 confitetur
1741 3123 1896 3169 JESUM
1907 3121 2059 3163 chr-istam
2067 3126 2101 3156 in

1220 3186 1308 3209 carne
1321 3175 1430 3219 vemffe
1442 3199 1453 3217 ,
1476 3186 1516 3209 ex
1528 3178 1589 3210 Deo
1598 3175 1636 3216 est
1648 3200 1656 3208 .
1682 3180 1790 3212 onmis
1805 3171 1934 3216 spiritus
1943 3196 1955 3214 ‚
1978 3170 2102 3215 qutsol·

1220 3231 1269 3260 vit
1281 3225 1438 3270 JESUM
1448 3249 1459 3267 ,
1483 3236 1522 3261 ex
1533 3229 1596 3261 Deo
1608 3235 1665 3260 non
1675 3225 1714 3266 est
1723 3251 1732 3259 .
1759 3226 1806 3258 Et
1817 3223 1864 3257 bic
1873 3222 1911 3263 est
1921 3222 2101 3270 <inti-cbri-

1213 3276 1278 3316 stus
1292 3301 1299 3308 .
1326 3275 1476 3311 Eandem
1497 3275 1638 3311 haetefim
1650 3283 1744 3311 notat
1761 3274 1795 3309 in
1806 3273 1910 3317 prima
1918 3271 1973 3307 sua
1982 3271 2101 3315 episto-

1221 3327 1252 3361 la
1269 3328 1405 3364 sanctus
1425 3324 1560 3363 Petrus:
1584 3324 1702 3365 christo
1719 3327 1814 3369 igitur
1835 3326 1870 3357 in
1887 3322 2098 3409 carngffiaffit

2026 3383 2051 3408 f.
