2346 3724
759 210 1081 253 Cart

220 325 225 333 ,
247 292 414 336 reitigenm
435 289 646 334 persecutionis
664 289 793 332 publica.-
818 292 1027 323 comitarentur
1048 307 1056 316 .
1083 282 1127 317 Et

249 341 319 387 post
331 340 475 384 quaedam
487 341 590 385 pergit
602 340 641 374 ad
654 341 756 383 ipsum
772 338 957 384 Augustum
968 332 1128 369 Constan-

242 392 351 427 tium:
378 396 469 424 Novo
476 393 666 433 inauditoque
676 394 784 433 ingenti
795 386 943 429 triumpho
953 387 989 419 de
1007 383 1129 416 Diabolo

244 446 345 475 vincis
357 465 368 480 ‚
379 440 479 481 &fine
492 445 630 479 Martyria
635 440 818 483 persequeris
828 464 836 471 .
866 439 940 470 Plus
957 434 1129 468 crudelitati

245 489 487 530 vestrae,Ner0‚
505 494 596 531 Deci,
609 494 814 529 Maximiane,
842 487 992 533 debemur.
1020 483 1124 517 Diabo-

245 542 308 589 lum
319 546 396 574 enim
402 550 459 583 per
469 552 524 575 vos
533 547 659 575 vicimus
672 565 679 573 .
705 540 830 573 santius
852 538 957 580 ubique
969 536 1133 569 Beatorum'

246 594 410 629 Martyrum
419 590 538 636 sanguis
547 599 686 633 exceptu!
698 589 736 630 est
747 615 754 622 .
785 594 823 621 At
834 598 878 628 tu,
893 591 1020 620 omnium
1030 584 1125 619 crude-

245 643 368 675 litatum
381 643 573 682 crudelifflme,
585 643 693 674 damno
703 639 811 680 majori·
821 644 853 671 in
864 650 916 671 nos
929 638 963 671 ό·
974 641 1064 669 venia
1075 639 1127 666 mi-

245 697 312 725 nori
322 690 450 734 desaevis
463 718 470 725 .
496 692 633 733 subrepis
647 716 656 731 ,
683 695 800 723 nomine
809 689 992 721 blandientis
1006 686 1108 719 occidis
1118 707 1127 723 ,

241 739 337 785 specie
344 742 491 786 religionir
503 747 684 783 impietatem
691 745 824 784 peragis.
835 737 944 777 christi
955 735 1042 778 fidem
1051 747 1124 768 men·

243 792 311 824 'clax
323 790 434 832 christi
448 794 633 825 Praedicator
651 796 808 833 extinguis.
837 793 910 821 Non
920 789 1061 828 relinquis
1066 783 1126 828 sal-

250 851 314 875 rem
326 841 440 886 mifiris
453 840 653 887 excusationes
667 863 677 879 ‚
689 847 721 872 ut
731 849 842 872 aeterno
845 839 875 880 J
878 838 954 870 udici
961 835 1125 879 suopoenas

246 893 281 925 6·
291 893 407 934 aliquas
416 893 594 924 laniatorum
611 898 758 930 corporum
765 888 938 930 praeferant
949 891 1100 920 cicatrices
1115 908 1124 923 ,

244 949 279 974 ut
293 941 454 983 infirmitat
467 939 613 982 defendat
627 939 820 978 neceffitatem.
834 937 1042 976 sceleratissime
1052 946 1124 967 mor-

243 992 374 1032 talium,
400 997 500 1024 omnia
506 987 711 1032 persecutionis
734 990 816 1022 mala
840 994 883 1020 ita
896 994 1067 1028 temperas,
1092 993 1124 1016 ut

245 1043 390 1076 excludas
412 1042 485 1075 &in
491 1049 607 1082 peccato
617 1046 736 1072 veniam
750 1062 760 1077 ,
787 1040 821 1072 (ν
830 1041 864 1069 in
875 1035 1033 1078 confeffione
1047 1037 1121 1066 Mar¹

247 1098 352 1131 tyrium
364 1115 372 1122 .
398 1091 459 1123 Sed
468 1090 530 1124 baec
548 1091 601 1122 illa
613 1097 702 1129 pater
713 1098 780 1120 tuuc
801 1086 917 1129 artifex
928 1086 1126 1119 humanarum

244 1147 381 1174 mortium
407 1140 505 1173 docuit
519 1164 529 1179 ,
554 1145 671 1171 vincere
685 1137 748 1179 fine
768 1142 969 1176 contumacia,
989 1135 1127 1178 jugulare

240 1191 303 1234 fine
310 1191 434 1236 gladio,
456 1188 589 1232 persiqui
603 1188 665 1230 fine
685 1188 835 1230 insama,
862 1188 941 1220 odire
959 1185 1021 1228 fine
1033 1184 1125 1227 suspi-

244 1248 325 1276 cione
336 1264 347 1280 ,
372 1245 492 1273 mentiri
506 1239 569 1281 fine
580 1240 797 1282 Intelligentia,
817 1238 954 1280 profiteri
971 1235 1033 1278 fine
1043 1234 1102 1276 fide
1118 1260 1126 1274 ,

246 1292 382 1326 blandiri
396 1289 459 1332 fine
477 1290 629 1328 bonitate,
654 1299 737 1331 agere
748 1289 827 1331 quod
845 1288 944 1328 velis,
972 1298 1022 1319 nec
1032 1291 1126 1318 mani-

243 1340 352 1383 festare
361 1352 429 1382 quae
446 1340 525 1372 velis
538 1362 545 1369 .
573 1338 683 1370 Palam
706 1339 844 1370 affirmat
867 1336 1019 1369 blandam
1032 1336 1126 1369 Con-

246 1390 358 1425 'stantii
379 1387 519 1423 haeresim
540 1387 634 1422 fuisse
656 1387 820 1430 peffimam
840 1407 851 1424 ‚
877 1385 1069 1420 Neroniana
1091 1396 1128 1418 ac

245 1441 395 1474 Deciana
428 1438 527 1481 longe
554 1437 698 1479 pejorem
720 1461 729 1476 ,
758 1436 908 1469 Ecclefiae
939 1434 1128 1477 persecutio-

246 1499 346 1524 nem.
375 1486 431 1522 Ob
444 1497 506 1520 tres
527 1485 700 1529 praesertim
724 1486 851 1519 causas.
881 1483 1014 1523 Primo,
1041 1482 1128 1526 quod

244 1539 480 1582 cuiuscumque
493 1536 612 1583 pagani
623 1534 784 1578 Principis
797 1535 975 1578 persecutio
987 1534 1022 1566 sit
1036 1533 1130 1566 nobis

244 1599 316 1624 non
338 1585 571 1623 tantummodo
591 1584 676 1630 apud
700 1586 888 1619 Dominum
912 1585 1020 1619 Deum
1037 1607 1049 1622 ‚
1077 1582 1129 1617 sed

246 1639 346 1674 etiam
359 1637 444 1681 apud
467 1636 619 1671 homines
628 1637 768 1681 gloriosa
780 1661 787 1668 .
813 1636 941 1670 Omnes
954 1635 1040 1670 enim
1053 1644 1131 1668 tunc

245 1688 345 1723 nobis
359 1687 560 1722 acclamant:
588 1689 679 1720 Beati
702 1692 752 1729 qui
769 1685 999 1729 persecutionem
1006 1690 1131 1728 patiun—

248 1736 582 1781 rurpropmjustmam
595 1761 602 1768 .
630 1737 756 1771 Omnes
768 1737 901 1771 vincula
919 1737 1027 1771 nostra
1038 1736 1130 1770 omni

246 1786 375 1822 honore
394 1788 550 1823 &officio
574 1788 828 1831 prosequuntur.
855 1785 1028 1827 Secundo,
1055 1786 1130 1829 quia

246 1839 386 1875 tolerata
408 1850 487 1873 tunc
498 1849 584 1872 mors
607 1838 773 1870 consecrat
796 1837 830 1870 in
853 1837 1032 1882 gloriosum
1046 1836 1130 1869 Mar-

246 1898 353 1932 tyrem
366 1914 374 1922 .
401 1887 521 1922 Tertio
532 1912 543 1928 ‚
569 1888 645 1931 quia
659 1886 734 1921 licet
755 1896 835 1922 tunc
847 1887 920 1931 lapsi
932 1887 1074 1932 graviter
1083 1886 1131 1919 of-

246 1938 383 1976 fendant
395 1938 580 1974 Dominum
595 1938 702 1971 Deum
715 1961 725 1976 ‚
751 1935 874 1972 habent
897 1948 1005 1973 tamen
1030 1938 1063 1971 δε
1074 1937 1130 1970 ali-

244 1988 328 2033 quid
360 1988 583 2024 excusationis
611 2001 623 2022 .·
659 1986 863 2022 inflictorum
890 1997 1130 2021 tormentorum

243 2039 407 2073 violentia
417 2039 550 2072 excusat
571 2037 818 2079 infirmitatem,
844 2037 1017 2082 &crimen'
1035 2037 1129 2084 dirui-

244 2087 322 2122 nuit
344 2114 352 2121 .
391 2090 475 2136 Qae
500 2088 614 2122 omnia
636 2088 752 2122 desunt
774 2111 785 2128 ,
820 2086 900 2122 dum
924 2086 1130 2122 Christianus

244 2136 403 2183 Princeps
425 2138 493 2184 agit
506 2137 659 2173 haereseos
682 2137 834 2172 dolosum
857 2149 895 2172 ac
907 2136 1064 2171 blandum
1076 2139 1129 2172 Sa·

245 2188 388 2223 tellitem
411 2214 419 2221 .
446 2188 577 2223 Adsunt
602 2187 715 2222 omnia
742 2189 905 2221 contraria
924 2211 931 2218 .
959 2188 1019 2220 Ille
1039 2187 1128 2219 enim

242 2237 427 2273 Christiani
441 2238 586 2272 nominis
598 2238 733 2280 pallium
746 2237 933 2269 circumfert
946 2258 957 2274 ‚
982 2235 1128 2267 sedustus

245 2298 303 2322 aut
313 2289 574 2330 circumscriptus
585 2286 693 2320 censet
705 2286 736 2319 se
747 2283 880 2319 Christo
891 2285 1043 2319 Domino
1057 2295 1125 2326 prae·

246 2336 330 2371 stare
341 2337 466 2382 Regale
477 2337 622 2371 officium
631 2360 642 2374 ‚
668 2334 737 2376 ejus
750 2333 943 2366 authoritati
954 2332 1128 2365 adulantur

244 2386 405 2429 plurimi,
429 2395 527 2426 atque
550 2385 595 2418 ita
617 2381 814 2416 orthodoxae
835 2381 911 2415 fidei
927 2381 1050 2426 pugiles
1062 2381 1129 2415 sine

243 2434 372 2480 gloria,
400 2432 504 2469 immo
525 2435 558 2469 δε
580 2443 657 2467 cum
684 2433 819 2466 infamia
847 2432 882 2465 in
906 2431 1009 2476 ipsum
1031 2432 1127 2475 depu-

244 2494 350 2530 gnant
376 2509 383 2516 .
411 2484 548 2520 Habent
567 2483 691 2517 labores
713 2482 899 2524 Martyrum
925 2482 992 2516 sine
1011 2481 1127 2515 solatio

244 2536 402 2578 adjunCiae
412 2535 522 2579 gloriae
534 2559 542 2567 .
567 2532 670 2567 Porro
680 2532 886 2571 carnificina,
906 2543 1007 2575 quam
1020 2533 1053 2565 in
1070 2543 1129 2566 nos

242 2585 357 2624 Nero,
384 2585 505 2630 aliique
528 2585 561 2618 id
585 2584 687 2629 genus
709 2593 945 2623 exercuerunt,
972 2583 1006 2616 &
1028 2593 1125 2624 quam

244 2633 407 2669 exercebit
429 2634 674 2670 Anti-Christus
695 2658 705 2674 ‚
731 2634 807 2667 sunt
826 2632 969 2675 ejusdem
992 2633 1105 2666 formae
1122 2646 1128 2664 :

244 2684 339 2718 Hinc
357 2686 443 2720 lucet
465 2684 721 2729 persecutionem
735 2708 745 2723 ‚
771 2694 867 2727 quam
892 2694 947 2726 per
968 2681 1129 2726 Principis

245 2733 479 2770 authoritatem
507 2735 586 2769 facit
617 2733 816 2768 blandiendo
841 2733 956 2767 dolosa
987 2731 1127 2773 haerefis‚

243 2785 308 2819 esse
329 2785 394 2829 ipsa
410 2783 693 2820 Anti-Christiana
714 2784 936 2827 persecutione
966 2782 1124 2826 periculo·

246 2834 362 2871 (iorem
374 2860 384 2875 ,
413 2835 599 2878 nequiorem
614 2859 624 2874 ,
650 2846 688 2868 ac
707 2833 872 2868 duriorem
887 2858 895 2865 .

299 2886 380 2932 QJae
400 2887 512 2919 omnia
536 2884 705 2930 insigniter
724 2882 932 2917 confirmavit
947 2882 981 2916 in
995 2880 1131 2916 Chalce-

247 2936 382 2970 donenfi
405 2934 543 2978 Synodo
565 2934 699 2968 Basilius
711 2933 920 2968 Seleuciensis
932 2931 1109 2976 Episcopus
1120 2957 1130 2972 ,

247 2985 466 3030 Metropolita
480 2984 603 3018 Isauria:
614 3009 621 3016 .
649 2985 781 3018 Etenim
806 2984 823 3016 a
834 2983 1069 3028 gloriosissimis
1080 2984 1128 3026 Ju-

247 3035 375 3071 dicibus
387 3045 521 3080 rogatus
531 3058 541 3074 ‚
567 3035 737 3076 quomodo
746 3035 801 3077 qui
814 3034 847 3066 in
860 3034 968 3068 SanCti
983 3032 1128 3066 Flaviani

247 3082 617 3128 constantinopolitani
644 3083 796 3127 Episcopi
817 3083 955 3125 Synodo
983 3081 1131 3116 Catholi-

248 3150 322 3172 cam
345 3136 461 3170 Fidem
482 3132 630 3168 adversus
656 3133 874 3175 Eutychetem
897 3144 963 3166 tam
976 3133 1131 3176 generose

249 3190 411 3227 firmarat,
442 3185 605 3219 Diosc0to
619 3181 807 3216 Patriarchae
816 3182 1064 3222 Alexandrino,
1085 3192 1132 3225 ty·

250 3239 421 3274 rannidem
433 3234 595 3269 exercenti
619 3234 650 3265 in
673 3230 836 3275 Ephefino
851 3232 1043 3266 Latrocinio
1055 3256 1066 3272 ‚
1090 3232 1130 3266 ad

249 3289 418 3326 laudatum
429 3286 622 3320 Flavianum
633 3282 857 3316 damnandum
869 3292 936 3314 tam
958 3281 1132 3316 infeliciter

251 3339 463 3375 succubuisset
485 3361 496 3376 ,
522 3333 714 3377 respondit:
743 3335 895 3374 ,Quoniam
928 3337 960 3364 in
984 3333 1130 3372 ,iudicium

249 3400 363 3428 centum
375 3391 409 3422 <5
420 3391 530 3431 viginti
541 3394 593 3417 aut
611 3389 735 3427 triginta
758 3381 964 3426 Eptscoporum
974 3383 1107 3416 traditus
1118 3406 1130 3423 ‚

349 3437 454 3477 Christ,
466 3439 654 3476 Lupiopcra
676 3436 708 3464 T.
723 3435 777 3465 IX.

1150 215 1174 245 T

1243 214 1260 246 1
1329 216 1347 245 S
1452 203 1566 248 IV.
1929 215 1995 259 69

1190 282 1374 323 neceffitatem
1385 281 1475 316 habui
1479 291 1586 325 parere
1595 280 1643 315 his
1656 307 1666 322 ,
1692 293 1759 326 quae
1769 284 1877 318 abillis
1899 283 2075 321 ordinabam

1189 342 1238 366 tur
1248 357 1256 365 .
1285 332 1327 366 Et
1337 332 1425 367 dicto
1439 334 1604 368 Dioscoro
1612 333 1782 377 replicanti
1795 334 1885 369 fuiffe
1898 339 2004 378 potitis
2021 348 2073 372 to·

1190 382 1513 426 lerandaquaelibet‚
1538 382 1636 428 quam
1658 383 1782 427 iniquis
1803 385 1949 418 Decretis
1962 397 2072 428 paren-

1189 432 1291 472 dum,
1318 433 1480 475 reposuit:
1506 435 1538 467 si
1548 435 1633 475 apud
1632 434 1764 478 Judices
1784 433 1964 476 habuissem,
1991 438 2075 467 Mar-

1192 487 1293 523 tyrium
1309 480 1496 526 sustinuiffem
1510 507 1518 515 .
1545 487 1669 517 Etenim
1691 485 1777 526 apud
1797 483 2075 524 Constantinopolim

1190 532 1297 573 ostendi
1312 531 1456 573 fiduciam
1480 545 1595 567 meam.
1624 537 1648 566 A
1671 536 1763 567 Patre
1782 543 1879 566 autem
1901 534 2080 576 quijudica-

1191 593 1259 622 tur,
1278 582 1366 624 justis
1379 594 1437 616 non
1446 588 1562 616 utitur.
1592 585 1692 618 Filius
1710 589 1789 618 enim
1804 587 1892 616 Patri
1901 589 1993 616 etiam
1995 582 2078 623 justa

1190 635 1288 666 dicens
1307 638 1453 666 moriatur·
1466 657 1473 664 .
1501 634 1621 676 iniquo
1641 634 1815 676 Synodalis
1836 633 1978 667 Praefidis
1996 632 2077 676 dog-

1192 683 1269 717 mati
1294 692 1351 717 aut
1380 684 1522 717 Decreto
1548 685 1663 719 factam
1690 684 1899 719 resistentiam
1937 684 2077 717 affirmat

1190 744 1258 767 non
1285 732 1500 768 constantiam
1523 733 1557 767 &
1579 736 1696 768 restam
1726 734 1823 768 fidem
1845 759 1855 774 ,
1882 733 1935 767 sed
1958 732 2078 766 haereti-

1188 794 1258 817 cam
1286 783 1528 817 contumaciam
1551 783 1569 817 a
1593 784 1750 828 plerisque
1777 783 1923 818 aestimari
1946 808 1956 824 ,
1983 782 2078 816 ideo·-

1189 844 1251 875 que
1272 835 1465 877 generosum
1488 828 1684 878 Episcopum
1706 833 1879 869 &facilius
1898 834 1933 868 &
1954 832 2075 878 glorio-

1189 883 1248 917 sius
1259 884 1402 926 profiteri
1414 895 1522 918 coram
1534 885 1652 929 gentili
1665 895 1808 927 tyranno
1821 909 1832 924 ‚
1851 883 1948 929 quam
1962 893 2074 917 coram

1190 932 1338 968 haeretico
1359 933 1545 967 patriarcha
1559 959 1566 966 .
1594 934 1766 970 Consonat
1790 935 1944 968 Hermias
1966 934 2075 966 Zozo-

1189 994 1302 1017 menus
1326 1006 1334 1014 .
1370 984 1501 1017 Etenim
1536 984 1682 1019 Eudoxii
1713 982 2075 1027 constantinopolitani

1190 1033 1367 1076 Episcopi,
1393 1033 1552 1067 &Aeacii
1566 1034 1663 1068 Lusci
1676 1035 1886 1069 Caesaraeensis
1909 1036 1993 1077 apud
2016 1034 2079 1068 Pa.-

1190 1082 1319 1125 lestinos
1330 1082 1551 1127 Metropolitae
1560 1084 1716 1119 Arianam
1731 1084 1883 1119 adversus
1904 1085 2077 1119 Nicaenam

1189 1133 1384 1175 Synodum,
1411 1134 1444 1167 &
1464 1131 1686 1174 orthodoxos,
1716 1146 1754 1169 ac
1776 1135 1908 1178 quosvis
1930 1147 1998 1169 non
2017 1136 2079 1167 suae

1191 1183 1353 1217 Faetionis
1367 1183 1542 1227 Episcopos
1553 1185 1781 1228 grassationem
1789 1196 1959 1228 exponens
1968 1183 2079 1226 adjuti»

1190 1233 1240 1278 git
1252 1244 1259 1265 z
1290 1233 1479 1266 Perturbatlo
1487 1242 1543 1276 per
1553 1242 1644 1267 totum
1653 1239 1813 1278 Imperium
1821 1233 1952 1276 pervaſse
1965 1259 1975 1274 ‚
1996 1238 2076 1267 item.
2096 1222 2156 1303 gig.
2169 1235 2200 1300 2)
2208 1284 2216 1292 '

1190 1295 1245 1326 que
1253 1282 1413 1326 persecutio
1422 1292 1483 1325 par
1487 1284 1559 1325 fere*
1567 1284 1625 1317 illis
1642 1309 1650 1324 ‚
1661 1298 1737 1327 quas
1746 1286 1871 1329 gentiles
1878 1283 2075 1326 'Imperatores

1184 1337 1255 1375 jam
1264 1334 1331 1366 olim
1340 1342 1532 1367 exercuerant
1543 1359 1553 1374 ‚
1580 1347 1680 1369 omnes
1691 1342 1822 1369 omnium
1835 1336 1976 1376 Ecclefias
1998 1346 2078 1370 occu·

1187 1390 1280 1426 pavit
1292 1408 1299 1415 .
1327 1389 1415 1416 Nam
1435 1385 1503 1416 lice't
1521 1380 1701 1427 quibusdam
1716 1409 1726 1423 ,
1752 1395 1899 1427 quantum
1918 1386 2077 1417 adcrucia—

1192 1443 1241 1467 tus
1263 1438 1388 1475 corporis
1409 1434 1558 1467 attinebat
1567 1435 1698 1474 remiffior
1721 1436 1876 1469 videretur
1884 1446 1898 1474 ’,
1923 1435 2079 1476 prudenti·

1193 1484 1246 1516 bus
1264 1494 1364 1517 tamen
1382 1492 1506 1524 propter
1528 1486 1652 1516 dedecus
1677 1484 1770 1516 multo
1791 1485 1900 1518 reversi
1933 1485 2080 1518 acerbior.

1193 1537 1279 1565 Nam
1294 1532 1398 1572 ubique
1410 1557 1419 1570 ‚
1446 1534 1481 1565 tii·
1503 1538 1555 1573 qui
1571 1531 1797 1574 persecutionem
1810 1534 1950 1574 ciebant,
1975 1537 2009 1568 (θ’
2031 1541 2082 1577 qui

1192 1591 1279 1616 erant
1290 1583 1392 1615 eadem
1405 1580 1545 1624 afflicqati
1559 1604 1570 1620 ,
1593 1583 1631 1615 de
1641 1582 1767 1624 Ecclesia
1781 1582 1908 1625 fuerunt
1919 1608 1927 1615 .
1955 1586 2081 1627 Ideoque

1192 1636 1224 1668 eo
1235 1638 1347 1675 turpior
1360 1632 1461 1665 clades
1474 1641 1539 1664 crat
1549 1657 1559 1672 ,
1586 1634 1667 1675 quod
1675 1644 1742 1676 quae
1752 1632 1839 1673 hostes
1842 1632 1947 1675 facere
1963 1631 2060 1677 solent
2073 1659 2085 1677 ,

1193 1685 1313 1718 Eadem
1324 1689 1356 1715 in
1371 1680 1597 1723 Tribulesfada
1612 1680 1684 1725 sunt
1697 1709 1704 1716 .
1733 1687 1824 1726 Atqui
1842 1682 1930 1727 sacra
1952 1687 2017 1718 Lex
2033 1697 2087 1719 ve*

1193 1745 1240 1768 tat
1253 1745 1305 1767 nos
1317 1733 1391 1767 tales
1402 1730 1545 1774 ostendere
1565 1738 1658 1767 etiam
1678 1731 1843 1768 adversum
1855 1744 1969 1769 exteros
1990 1736 2025 1768 Θ
2031 1743 2087 1780 pe2

1194 1791 1324 1830 regrinos
1342 1809 1349 1818 .

1244 1834 1401 1870 Notanda
1426 1837 1501 1870 sunt
1522 1835 1635 1871 verba:
1664 1837 1757 1881 ,Quod
1772 1847 1839 1880 quae
1865 1835 1957 1878 hostes
1972 1837 2078 1881 facere

1190 1885 1288 1930 solent
1302 1910 1312 1926 ,
1338 1885 1402 1919 ὅτε.
1433 1887 1579 1930 Exponit
1603 1887 1635 1920 in
1650 1888 1773 1922 famosa
1785 1888 1824 1922 ad
1837 1887 1962 1923 Marim
1985 1889 2085 1924 Perfi-

1192 1936 1242 1971 dis
1254 1935 1444 1970 Antistitem
1470 1938 1605 1979 epistola
1619 1936 1691 1971 Ibas
1705 1937 1879 1973 Edeffenus
1905 1939 2086 1983 Episcopus

1191 1986 1408 2030 Metropolita
1420 1985 1599 2021 Osrhoenae
1611 1986 1807 2022 Provinciae.
1838 1990 1986 2030 Exponit
2010 1992 2084 2033 agl-⁸.

1192 2047 1273 2071 tatas
1285 2037 1369 2071 inter
1382 2038 1533 2071 SanCtum
1545 2038 1707 2081 Cyrillum
1734 2037 1997 2071 Alexandrinum
2011 2064 2020 2078 ‚
2048 2040 2084 2073 &

1192 2088 1351 2131 Joannem
1369 2086 1619 2121 Antiochenam
1651 2085 1873 2120 patriarcham
1897 2088 1931 2121 in
1955 2086 2083 2133 Ephesi-

1190 2149 1236 2172 no
1264 2137 1423 2171 Concilio
1445 2136 1639 2176 quaestiones
1657 2159 1668 2175 ,
1695 2147 1732 2169 ac
1764 2137 1841 2170 inde
1864 2148 1973 2172 natam
1999 2139 2084 2174 inter

1189 2187 1354 2227 utriusque
1384 2183 1625 2218 Patriarchatus
1658 2185 1838 2230 Episcopos
1871 2199 1909 2222 ac
1941 2190 2081 2232 populos

1190 2234 1411 2278 dogmaticam
1447 2234 1667 2274 discordiam,
1693 2247 1791 2280 atque
1819 2237 1971 2283 adjungit
1996 2252 2003 2271 ε
2031 2241 2079 2273 ob

1190 2284 1240 2316 boc
1261 2284 1356 2315 multa
1365 2283 1486 2322 tristitia
1496 2290 1528 2316 in
1541 2284 1684 2326 eosfaHae
1696 2285 1751 2326 cst.
1778 2290 1823 2320 Et
1839 2293 1872 2320 in
1894 2296 2078 2324 contentione

1190 2342 1276 2366 erant
1298 2330 1437 2374 Episcopi
1456 2335 1620 2366 adversum
1639 2333 1798 2378 Epifropos
1810 2361 1820 2376 ,
1847 2338 1881 2371 Θ
1899 2340 2003 2381 populi
2020 2343 2078 2374 ad-

1189 2382 1310 2416 versum
1329 2382 1451 2424 populos
1470 2407 1478 2414 .
1504 2386 1551 2416 Et
1570 2386 1743 2426 completum
1765 2386 1802 2426 est
1823 2395 1907 2428 opere
1915 2393 1995 2432 quod
1999 2389 2077 2434 scri·

1185 2442 1272 2475 ptum
1283 2431 1321 2472 est
1334 2445 1345 2464 .·
1371 2432 1462 2480 Qia
1473 2443 1569 2467 erunt
1581 2434 1708 2469 inimici
1731 2434 1897 2479 hominis,
1924 2441 2080 2477 domesti-

1189 2484 1217 2517 ci
1239 2483 1323 2525 ejus.
1352 2485 1406 2514 Ex
1426 2481 1478 2516 hoc
1500 2484 1699 2518 detrafflones
1723 2489 1826 2520 multae
1835 2489 2001 2523 adversum
2022 2500 2078 2526 nosv

1182 2533 1281 2575 facqae
1298 2532 1371 2577 sunt
1389 2540 1577 2577 paganorum
1601 2536 1635 2568 (5
1658 2534 1878 2571 baereticorum.
1903 2544 1979 2573 'Non
1997 2549 2077 2576 enim

1189 2583 1319 2617 audebat
1339 2583 1450 2625 aliqui&
1476 2585 1511 2615 de
1533 2589 1658 2618 civitate
1678 2588 1723 2619 ad
1748 2593 1923 2630 civitatem,
1949 2601 2002 2625 aut
2033 2595 2080 2626 ad

1193 2638 1380 2667 Provinciam
1392 2634 1428 2666 dc
1443 2635 1604 2667 Provincia
1611 2634 1754 2678 proficisci
1763 2661 1773 2676 ,
1794 2636 1853 2680 [ἑά
1860 2649 2008 2683 tanquam
2018 2649 2073 2676 ini-

1188 2682 1386 2727 mecumsuum
1398 2682 1589 2726 unusquisque
1597 2684 1683 2728 suum
1690 2694 1861 2728 proximum
1880 2690 2073 2733 persequeba-

1190 2743 1253 2767 tur.
1287 2733 1374 2766 Multi
1384 2742 1483 2766 autem
1503 2744 1574 2767 ante
1585 2737 1678 2767 oculos
1699 2748 1759 2769 non
1769 2737 1910 2771 habentes
1926 2743 1982 2773 Del
1990 2747 2077 2775 timo·

1189 2795 1252 2817 rem
1262 2809 1272 2824 ‚
1297 2782 1435 2825 occasione
1456 2784 1643 2829 Ecclefiastt'ci
1656 2782 1721 2817 vzeli
1740 2809 1751 2825 ,
1777 2792 1965 2822 immin-itiam
1985 2803 2077 2833 quam

1191 2835 1329 2867 occultam
1350 2839 1382 2864 in
1404 2833 1538 2866 cordibus
1545 2832 1610 2875 suls
1623 2834 1789 2867 habueram
1808 2838 1854 2869 ad
1862 2839 1996 2879 efficium
2006 2850 2078 2883 per.

1191 2886 1292 2917 ducere
1306 2881 1497 2924 festinabant
1509 2908 1516 2915 .
1547 2883 1705 2926 Ephesina
1730 2885 1763 2918 in
1781 2886 1916 2928 Synodo
1931 2890 2077 2933 Cyril-lus

1190 2936 1222 2968 δε
1247 2935 1387 2977 Joannes
1410 2933 1474 2965 sese
1492 2934 1608 2967 mutuo
1630 2933 1882 2979 damnaverant,
1908 2951 2007 2984 atque
2028 2944 2074 2978 ita

1191 2984 1360 3026 utriusque
1371 2982 1528 3016 Dioecefis
1541 2994 1596 3026 per
1609 2984 1667 3017 ista
1682 2984 1873 3028 spiritualia,
1901 2989 2002 3035 longe
2023 3003 2075 3035 pe·

1189 3036 1240 3078 jus
1259 3034 1355 3077 quam
1379 3044 1432 3075 per
1445 3032 1559 3066 bellica
1571 3044 1625 3067 aut
1645 3036 1811 3076 tyrannica
1824 3035 1840 3077 ‚'
1861 3051 1949 3074 arma
1973 3053 2075 3083 perre-

1190 3085 1239 3118 xit
1257 3085 1290 3117 in
1314 3084 1454 3116 invicem
1479 3083 1745 3119 scandalofiffime
1757 3098 1795 3121 ac
1812 3090 2072 3131 perniciofiffime

1191 3134 1320 3179 praeliari
1334 3159 1341 3166 .
1368 3133 1470 3179 Qod
1495 3131 1563 3176 post
1588 3143 1695 3168 natam
1709 3135 1914 3176 &Sardicensi
1934 3142 2073 3183 Synodo

1189 3186 1223 3219 ἀ
1236 3182 1543 3226 Philippopolitano
1565 3182 1800 3221 Conciliabulo
1820 3187 2014 3225 discordiam
2025 3203 2071 3227 et-

1191 3236 1255 3269 iam
1278 3232 1503 3268 Occidentalis
1527 3234 1561 3266 &
1582 3233 1759 3270 orientalis
1784 3237 1922 3273 Ecclesia
1933 3253 2069 3277 omnem

1189 3285 1362 3318 fraternam
1385 3281 1652 3318 communionem
1662 3284 1889 3329 dilacerarint‚
1917 3290 1950 3324 ἀ
1973 3291 2073 3325 incoe-

1190 3334 1292 3378 perint
1317 3332 1476 3366 hostiliter
1495 3343 1589 3377 agere
1613 3335 1644 3366 in
1660 3335 1825 3377 invicem,
1850 3338 1895 3373 est
1915 3343 2070 3375 omnibus

1189 3394 1328 3421 notum.
1356 3382 1449 3428 Qin
1472 3383 1507 3417 ἀ
1529 3382 1570 3418 de
1588 3382 1714 3419 ‘Ariana
1736 3383 1840 3421 haeresi
1859 3413 1870 3429 ,
1898 3401 2072 3432 antequam

1695 3435 1727 3468 G
1956 3442 2022 3476 ulla.
