2346 3724
704 115 751 161 C
816 128 847 160 A
915 130 939 159 1·
1007 126 1033 158 1*
1099 129 1126 158 τι·

237 203 290 236 dio
303 197 466 246 ῥὶς-’61η
490 203 633 234 conmuni
645 198 794 240 rheam,
820 209 889 242 quae
913 196 982 240 ipsis
997 201 1129 241 congruit

240 251 424 285 Moribus.
451 250 497 284 Et
523 249 603 284 hinc
627 249 669 283 de
691 247 1034 293 ImperatoreLicinio
1046 246 1129 281 reste

234 301 349 336 stribit
372 301 407 335 in
420 300 534 345 magni
545 299 758 334 Constantini
769 299 834 333 vita
847 297 1006 332 Eusebius
1026 295 1127 331 Caesa·

66 350 98 385 1.-
107 362 136 384 r.
148 363 221 390 c.17.
238 350 354 386 reensts
366 363 375 384 :
402 354 536 384 Licinius
546 351 636 398 legem
646 349 717 382 tulit
729 372 744 391 ,
766 360 804 383 ne
813 352 876 381 viri
889 347 981 389 fimul
987 357 1054 380 cum
1068 357 1128 380 mu·

235 400 359 435 mribus
380 399 545 442 interessent
562 398 700 442 precibus
722 399 769 432 ad
791 400 887 433 Deum
898 403 931 431 in
943 394 1068 437 Ecclesia
1074 395 1127 438 fu·

233 449 294 492 fis,
321 451 358 487 θ
379 461 416 484 m
437 448 589 483 muliebris
604 447 700 492 sexus
715 448 849 491 augustas
870 452 994 481 virtutis
1010 444 1127 488 scholas

237 501 358 534 adiret.
385 503 432 533 Et
441 497 629 542 ntEpiftopi
652 499 818 532 mulieribus
827 496 919 540 sacra
941 500 1000 530 Dei
1014 497 1127 539 eloquia

225 550 422 592 'explicarent
443 571 455 589 ,
475 542 533 592 sed
555 551 692 583 mulieres
716 546 792 591 ipsae
815 549 895 581 alias
918 549 1051 580 mulieres
1069 569 1080 585 ,
1106 546 1128 577 ἃ

237 598 347 641 quibus
356 600 545 633 erudirentur
557 624 567 639 ,
585 598 643 640 fibi
665 598 847 643 deligerent.
873 598 983 631 Verum
1004 594 1058 636 ista
1070 606 1127 627 om·

236 653 322 682 nium
343 647 468 691 irrifhne
485 647 559 692 sunt
579 647 666 692 illusa
689 671 698 680 .
725 651 784 683 An
805 646 902 682 stulta
928 646 984 681 lex
1005 644 1129 680 nostras

235 696 481 742 Poesbyterissas
505 698 701 742 respexerit,
726 708 765 733 ac
786 697 828 732 ab
851 697 923 741 ipsis
945 697 1055 732 doceri
1069 706 1125 729 vo-

235 747 334 782 luerit
341 749 422 783 alias
433 749 584 783 mulieres
594 772 605 790 ,
632 748 753 792 ignoro
767 771 774 779 .
802 746 979 796 Qidquid
990 747 1028 779 fit
1039 770 1050 786 ,
1065 745 1127 779 fuit

235 796 425 844 dignissima
441 799 580 834 derideri
591 822 599 831 .
626 797 727 832 Reae
737 808 850 839 quarta
863 794 1128 839 Carthaginensis

237 847 392 891 synodus
415 848 542 883 sanxit:
569 848 678 883 Mulier
697 852 840 888 quamvis
850 845 981 879 dotia&
997 842 1106 887 sanda
1118 868 1128 884 ,

84 884 159 923 ‘3²¹³'
171 893 219 920 99·
235 903 321 932 viros
343 904 376 930 in
395 901 554 930 conventu
575 897 675 930 docere
693 907 749 930 non
762 894 929 939 presumat
941 920 949 928 .
976 894 1128 930 Omnino

235 946 393 982 existimo
428 947 606 982 Canonem
640 945 740 991 dirigi
779 947 819 981 ad
859 945 1126 989 Presbyterissas.

238 997 333 1046 Quid
353 997 445 1031 enim
468 997 559 1031 laicis
579 995 774 1030 mulieribus
795 997 833 1030 sit
854 1007 938 1039 opus
959 995 1022 1029 tali-
1040 1005 1130 1039 regu·

240 1047 275 1081 la
304 1048 318 1081 2
354 1046 592 1090 Presbyteriffis
612 1056 682 1081 non
702 1056 944 1089 quamcumque
966 1044 1129 1079 interdicit

238 1095 447 1136 doctrinam,
472 1095 525 1130 sed
549 1096 651 1131 solam
673 1096 818 1130 virorum
840 1119 853 1136 ‚
877 1097 912 1130 δε
933 1095 1067 1136 quidem
1094 1095 1129 1128 in

239 1146 316 1181 solo
342 1146 491 1182 Ecclefiae
517 1145 651 1190 publico
672 1145 852 1181 Conventa
878 1170 886 1178 .
922 1144 979 1179 De
1012 1143 1129 1179 eodem

234 1190 424 1233 conventu
445 1197 550 1240 palam
571 1196 720 1241 loquitur
739 1196 841 1231 etiam
850 1193 1029 1239 Apostolus
1041 1195 1077 1228 in
1100 1205 1119 1228 e

240 1246 363 1291 pistola
384 1247 425 1282 ad
448 1245 663 1281 Corinthios.
688 1246 732 1280 Et
757 1246 826 1280 illic
838 1256 907 1279 non
920 1245 1025 1279 solum
1037 1245 1131 1282 doce-

241 1307 298 1338 re,
323 1295 377 1332 sed
400 1298 434 1331 δε
455 1296 548 1341 loqui
567 1308 606 1332 ac
628 1297 829 1341 interrogare
842 1295 1010 1330 interdicit
1026 1295 1131 1329 foemi-

242 1346 297 1382 nis
320 1370 327 1378 .
365 1346 499 1389 Nempe
521 1346 598 1379 solis
617 1345 826 1390 conjugatis,
849 1355 928 1388 quas
946 1346 1016 1378 vult
1038 1344 1131 1378 domi

242 1407 303 1440 per
323 1396 497 1434 maritum,
523 1394 659 1428 familia
680 1395 742 1428 suae
761 1394 942 1435 Dossorem
953 1405 991 1428 ac
1002 1394 1131 1437 Episco-

222 1472 224 1474 ,
241 1455 323 1489 pum
337 1467 350 1484 ,
374 1443 490 1478 instrui
513 1446 552 1476 ac
568 1442 713 1476 erudiri.
736 1442 834 1488 Quin
853 1440 1131 1484 Presbyteriffaein

241 1493 381 1539 publico
404 1493 553 1527 Ecclesiae
573 1492 754 1526 Conventa
774 1515 786 1532 ,
811 1502 880 1526 non
907 1491 1050 1531 docere,
1073 1492 1133 1525 *sed

238 1543 337 1586 ,loqui
348 1543 516 1588 potuerint
526 1566 538 1582 ,
551 1552 620 1576 non
633 1541 678 1576 est
691 1540 912 1576 dubitandum
924 1565 932 1572 .
957 1541 1033 1575 lllic
1043 1542 1132 1575 enim

239 1593 413 1639 Episcopo
438 1605 476 1627 ac
496 1591 611 1635 majori
634 1591 734 1626 Clero
754 1589 943 1627 adfidebant
965 1615 977 1632 ,
1002 1590 1134 1627 Flentes

234 1636 461 1682 admittebant
483 1642 524 1676 ad
537 1642 771 1684 Poenitentiam
782 1665 803 1682 ,.
819 1640 993 1684 juvenibus
1012 1640 1135 1676 dabant

239 1694 382 1730 maritos
401 1694 434 1727 ὅ(
459 1703 597 1733 uxores,
625 1691 711 1726 &ad
723 1691 787 1725 alia
797 1691 1056 1735 cooperabantur
1065 1702 1134 1736 gra·

242 1745 339 1780 viora
355 1742 503 1778 Ecclefiae
525 1742 660 1787 negotia
684 1766 696 1783 ‚
731 1739 878 1786 adeoque
899 1742 969 1776 illic
990 1743 1134 1777 omnino

241 1792 412 1830 habebant
432 1794 528 1829 suum
547 1816 562 1835 ,
586 1792 703 1828 saltem
724 1792 1002 1833 concinnatum,
1027 1792 1135 1829 suffra-

271 1855 358 1879 ium.

238 1855 270 1891 ⁸
295 1894 462 1942 Qartum
473 1892 591 1929 harum
601 1892 866 1938 Presbyteramm
876 1905 997 1930 munus
1016 1895 1082 1930 fuit
1098 1895 1134 1929 in

238 1944 389 1982 Ecclesia
411 1945 592 1979 solemnem
613 1955 691 1980 cum
716 1944 817 1980 Clero
840 1945 1054 1990 psalmodiam
1064 1956 1137 1990 age-

240 2003 299 2030 re.
326 1997 405 2030 Scio
421 1993 703 2039 Chrysostomum
715 1994 807 2040 loqui
818 1995 859 2030 de
870 1994 1064 2040 pauperibus
1078 1996 1138 2030 Ec-

243 2044 424 2080 elesiasticae
434 2044 614 2080 matriculae
624 2043 747 2079 Viduis
760 2056 768 2078 ε
793 2045 896 2093 Quod
908 2056 1026 2091 nempe
1035 2045 1137 2081 etiam

242 2095 396 2130 haesimul
420 2105 498 2130 cum
510 2094 587 2129 viris
598 2095 773 2139 psallerent
794 2095 830 2130 in
844 2095 988 2132 Ecclesia
1000 2120 1008 2129 .
1034 2096 1132 2132 Olim

241 2145 351 2181 ‘forsan
363 2145 540 2190 psallerunt
553 2155 669 2180 omnes
688 2146 789 2180 etiam
800 2146 952 2181 mulieres
964 2171 972 2179 .
1001 2147 1046 2181 Et
1055 2145 1137 2182 hinc

239 2195 380 2231 'istarum
391 2194 590 2237 ,Viduarum
609 2206 678 2229 non
703 2194 954 2240 Praerogativam
968 2196 1113 2239 aliquam
1126 2219 1138 2235 ‚

242 2245 460 2283 (edsolamin
474 2245 534 2279 ista
553 2245 674 2287 pietate
693 2244 903 2287 diligentiam
926 2245 1055 2278 videtur
1071 2245 1138 2278 lau-

234 2294 322 2330 -dare
329 2286 463 2328 Sanetus
471 2293 613 2336 Joannes
626 2317 634 2324 .
659 2291 754 2326 Hinc
766 2293 848 2327 item
855 2292 894 2325 in
902 2292 1038 2324 fastand
1053 2293 1131 2324 San·

239 2345 334 2379 &nm
356 2342 559 2383 Dionysium
581 2336 782 2372 Pontificem
805 2338 967 2373 relatione
981 2339 1135 2382 synodus

239 2389 460 2426 *Antiochena
479 2388 623 2423 Paulum
645 2388 924 2430 Samosatensem,
949 2388 968 2422 ὲ
981 2390 1012 2424 se
1024 2389 1135 2435 degra-

237 2441 359 2478 datum
371 2436 561 2474 Antiochia
571 2436 792 2474 Patriarcbam
807 2460 818 2478 ‚
838 2440 968 2474 accusat
978 2440 1069 2484 quod
1080 2452 1136 2475 an-

240 2488 510 2534 ‹iquosl-:cclefiae
532 2489 694 2532 Hymnos
713 2489 748 2524 δε
767 2487 915 2524 psalmos
940 2489 1135 2533 proscripsis-

242 2542 310 2581 set,
337 2540 492 2586 &vanos
512 2538 547 2573 in
571 2537 733 2582 suiipsius
753 2538 885 2574 laudem
897 2537 1047 2582 rythmos
1059 2551 1136 2575 can·

242 2591 307 2626 tari
319 2592 355 2626 in
376 2590 447 2634 ipso
460 2589 562 2625 etiam
575 2586 724 2623 Paschali
746 2589 831 2626 sesto
842 2588 977 2625 curasset
1002 2602 1059 2635 per
1078 2590 1134 2625 ob-

243 2642 364 2676 noxias
385 2638 446 2674 sibi
469 2639 644 2674 mulieres.
671 2639 761 2673 Eum
784 2641 937 2681 accusat,
961 2651 1032 2674 non
1042 2642 1134 2685 quod

244 2691 399 2726 mulieres
411 2699 543 2725 cantare
563 2689 600 2723 in
614 2689 755 2725 Ecclefia
764 2715 777 2732 ‚
802 2690 857 2725 sed
868 2689 959 2734 quod
971 2701 1054 2725 vana
1078 2702 1135 2735 per

246 2740 332 2784 ipsas
340 2741 464 2775 cantari
476 2738 605 2781 juffiffet
615 2764 622 2772 .
651 2739 695 2774 Et
706 2739 847 2775 omnino
859 2740 1005 2785 loquitur
1017 2742 1058 2775 de
1069 2741 1133 2776 lai-

245 2790 297 2824 cis
318 2789 506 2827 mulieribus
525 2812 533 2821 .
560 2789 694 2824 Relatio
719 2790 823 2825 exstat
851 2791 887 2824 in
913 2791 1132 2826 Ecclefiastica

204 2876 206 2879 ,
239 2839 397 2876 ‚Historia
419 2839 552 2874 Eusebii
575 2839 798 2874 Caesareensis.
826 2840 870 2875 Et
890 2839 957 2875 haec
973 2841 1131 2876 omniain

72 2883 168 2915 '‘⁷4'‘
178 2881 364 2925 ³⁴''²litteris
376 2888 416 2922 ad
427 2890 537 2924 nescio
557 2899 654 2933 quem
666 2888 826 2925 [fidorum
838 2891 1038 2935 Episcopum
1055 2903 1133 2926 con-

72 2960 109 2991 L.
120 2969 145 2990 r.
159 2960 212 2997 Ep.

247 2940 358 2975 firmat
370 2939 503 2974 Sanetus
525 2939 665 2975 Isidorus
698 2940 876 2975 Pelufiotes
896 2941 1132 2976 Alexandrina:

248 2989 399 3024 Ecclefiae
411 2987 602 3030 Presbyter:
628 2994 817 3032 Importunas
838 2997 871 3024 in
883 2990 1018 3032 Ecclestir
1028 2993 1131 3034 loqua-

248 3046 357 3075 citates
371 3041 491 3071 Domini
502 3037 623 3080 Apostoli
633 3050 754 3075 coercere
777 3042 811 3075 (θ’
824 3046 1007 3082 comprimere
1013 3041 1131 3081 studen-

248 3100 295 3124 tes
315 3114 326 3130 ,
357 3098 392 3121 ut
416 3089 550 3121 mulieres
572 3093 604 3120 in
626 3088 692 3130 ipfis
715 3101 854 3125 canerent
870 3090 1002 3134 sapienti
1021 3091 1131 3133 confilio

243 3136 441 3183 permiserunt
455 3161 462 3168 .
488 3138 596 3171 Verum
605 3145 637 3169 ut
657 3145 756 3173 omma
770 3144 889 3174 Divina
910 3143 1129 3175 documentum

245 3195 427 3223 contrarium
443 3185 519 3230 sunt
540 3185 629 3230 versa
643 3212 653 3227 ‚
679 3188 730 3221 hoc
751 3201 861 3232 quoque
880 3202 971 3232 quam
986 3192 1127 3233 plurimis

245 3239 317 3278 cessit
338 3244 371 3271 in
398 3237 604 3280 diffidationem
626 3239 660 3271 (τ
684 3237 849 3279 occafionem
868 3247 982 3281 peccati
1000 3266 1007 3272 .
1031 3243 1131 3283 siqui-

245 3289 316 3329 dem
335 3299 376 3323 ex
399 3290 523 3321 Divinis
550 3294 671 3326 Hymnis
694 3299 752 3321 non
777 3294 891 3332 ingenti
910 3291 1128 3333 compundlr‘one

346 3336 450 3377 Christ.
462 3341 542 3380 Lupi
553 3342 651 3380 Opera
663 3339 742 3372 Tom-
754 3341 813 3372 1X.

1193 114 1554 161 rs‘III.
1939 133 1998 177 23

1191 198 1376 243 afficiuntur,
1401 199 1508 232 verum
1525 205 1632 231 cantus
1648 196 1802 241 suavitate
1826 203 1873 236 ad
1891 205 2063 237 irritandas

1188 249 1222 283 ὁ·
1231 248 1465 288 exstimulandas
1477 249 1615 282 libidines
1623 247 1782 283 abutentes
1791 273 1801 288 ‚
1828 252 1918 285 nihilo
1933 264 1998 287 eum
2003 251 2065 296 fie-

1189 302 1261 332 nicis
1272 299 1429 331 cantilenis
1436 298 1672 339 praeftantiorem
1689 299 1739 340 effe
1753 299 1942 338 existimant.
1969 310 2065 345 opere

1184 351 1317 391 pretium
1337 346 1375 388 est
1386 351 1497 391 igitur,
1516 347 1546 388 fi
1555 349 1634 390 quod
1642 350 1704 381 Deo
1719 356 1840 392 gratum
1866 351 1903 390 es}
1913 363 2064 393 quaerere,

1189 405 1275 439 atque
1284 399 1321 430 id
1328 399 1409 442 quod
1416 408 1454 430 ex
1466 398 1597 430 utilitate
1606 399 1728 439 publica
1739 398 1776 438 est
1792 398 1898 440 facere
1909 402 2041 435 volumus
2054 428 2066 444 ,

1189 450 1230 481 iis
1252 456 1285 481 ut
1296 446 1412 487 cbristo
1427 456 1592 490 cauponum
1603 446 1695 487 instar
1716 449 1760 482 ad
1766 447 1906 491 quaestum
1917 450 2068 485 abutenti-

1189 497 1242 531 bus
1254 521 1265 537 ,
1286 499 1321 531 ό·
1333 500 1482 531 Divinam
1498 502 1634 540 gratiam
1653 503 1686 530 in
1706 502 1792 530 exitii
1819 501 1977 533 mercedem
1994 513 2066 535 con-

1189 547 1396 588 vertentibus,
1423 558 1460 580 ne
1471 548 1606 590 deinceps
1625 553 1659 580 in
1669 546 1800 589 Ecclesia
1818 559 1961 592 canani,>
1976 554 2067 593 atque

1188 603 1220 630 in
1236 601 1360 631 civitate
1371 605 1512 630 maneant
1532 621 1544 637 ‚
1570 598 1760 631 interdicere.
1787 595 1940 631 Affirmat
1962 603 2049 635 varia
2061 626 2070 635 .

1191 646 1327 687 Primo,
1354 647 1444 691 quod
1466 646 1619 690 Apostoli
1642 647 1740 680 isium
1761 648 1807 681 ⁴in
1836 648 1975 684 Ecclesia
1994 661 2072 683 con-

1190 707 1323 732 centum
1336 695 1528 731 rnulieri'bus
1538 697 1737 740 permiserint
1748 723 1755 729 .
1787 699 1958 740 Secundo,
1980 699 2072 744 quod

1191 747 1392 790 permiserint
1413 747 1454 780 ad
1476 747 1728 790 compescendas
1749 746 1897 791 loquacis
1923 750 2079 783 sexusin-

1192 797 1334 831 Ecclesia
1354 796 1480 831 fabulas
1496 821 1508 837 ‚
1535 807 1574 831 ac
1598 797 1668 841 ipsis
1691 797 1933 833 conciliandam
1958 798 2081 834 mode-

1191 846 1282 880 stiam
1304 871 1312 880 .
1349 846 1492 888 Tertio,
1517 846 1606 890 qudd
1630 846 1694 881 illae
1718 847 2079 896 licentiapedetentim-

1191 897 1296 931 abusae
1332 907 1389 941 per
1409 897 1499 931 vocis
1521 898 1714 932 suavitatem
1746 897 1929 934 studuerint
1951 900 2075 943 placere

1191 945 1378 982 hominibus
1389 970 1401 987 ,
1426 958 1525 992 atque
1546 948 1591 981 ita
1610 948 1731 982 sacram
1744 947 1963 983 psalmodiam
1975 961 2077 993 aequa-

1192 996 1294 1031 verint
1315 996 1464 1031 scoenicis
1485 997 1671 1032 cantilenis.
1704 999 1747 1031 Et
1768 997 1857 1043 qudd
1871 1000 1992 1034 exinde
2012 1001 2077 1035 sint

1190 1055 1379 1090 cauponatae
1398 1057 1436 1080 ac
1458 1055 1578 1081 venatae
1597 1047 1753 1090 quaestum
1775 1073 1784 1081 .
1822 1049 1916 1083 Hinc
1937 1050 2078 1084 Isidorus

1191 1096 1304 1132 suadet
1325 1096 1423 1130 istum
1444 1107 1643 1132 concentum
1655 1098 1873 1132 circumscribi
1884 1112 1922 1133 ac
1934 1100 2078 1135 aboleri.

1194 1144 1338 1180 Proinde
1358 1155 1439 1181 tunc
1459 1146 1593 1192 vigebat
1612 1146 1719 1182 adhuc
1741 1148 1775 1181 in
1796 1148 1999 1193 AEgyptiaca
2020 1151 2082 1183 Ec·-

1192 1195 1304 1231 clefia.
1331 1196 1405 1230 Nec
1425 1197 1516 1231 enim
1540 1198 1599 1232 iste
1609 1207 1681 1231 mos
1693 1198 1756 1232 fuir
1770 1199 1970 1233 universalis.
2004 1201 2082 1233 Ete-

1193 1247 1262 1280 nim
1280 1246 1452 1281 adversum
1464 1245 1662 1292 Pelagianos
1682 1248 1855 1283 asserentes
1869 1250 1988 1284 variam
2000 1250 2083 1284 viro·-

1192 1307 1263 1330 rum
1285 1299 1441 1331 virtutem
1473 1298 1536 1331 esse
1553 1298 1652 1332 etiam
1679 1298 1824 1333 foeminis
1852 1300 2084 1343 necessariam,

1194 1346 1303 1382 scribit
1326 1347 1361 1380 in
1384 1347 1491 1391 primo
1501 1346 1590 1383 libro
1602 1349 1736 1382 Sanetus
1747 1349 1996 1392 Hieronymus:
2017 1355 2090 1384 Nee>
2106 1354 2179 1391 Cap.
2195 1362 2225 1389 9·

1188 1395 1298 1439 sufficit
1318 1396 1374 1428 tibi
1396 1398 1504 1439 dedisse
1530 1405 1581 1430 tuo
1601 1402 1784 1431 Amazonum
1796 1405 1910 1442 agmini
1922 1397 2083 1442 scientiam

1194 1449 1435 1487 scripturarum,
1464 1444 1521 1487 nist
1524 1458 1626 1481 earum
1637 1448 1884 1482 voce-&canticis
1910 1449 2081 1483 delecisti-ris.

1189 1497 1219 1537 J
1220 1506 1311 1537 unger
1321 1501 1400 1527 enim
1418 1497 1547 1536 &ponis
1557 1502 1592 1527 in
1603 1496 1690 1528 titulo
1700 1519 1712 1536 ‚
1737 1497 1820 1538 quad
1829 1497 1862 1530 δ’
1870 1497 2009 1538 foeminae
2020 1504 2083 1533 Deo

1190 1542 1318 1586 psallere
1336 1543 1466 1577 debeant
1488 1568 1496 1575 .
1534 1546 1615 1587 ,Quis
1633 1553 1716 1578 enim
1737 1550 1853 1589 ignorat
1867 1547 2007 1588 foeminis
2031 1551 2083 1593 effe

1192 1592 1384 1637 psallendum
1402 1599 1436 1626 in
1456 1592 1597 1627 cubiculis
1613 1592 1681 1637 ficis
1703 1619 1714 1635 ,
1755 1597 1791 1630 ό·
1813 1595 1921 1640 absque
1952 1604 2084 1632 virorum

1188 1643 1366 1686 frequentia
1386 1644 1422 1677 e·
1446 1651 1667 1688 congregatione
1683 1645 1866 1680 turbarum?
1895 1647 1957 1682 Per
1976 1649 2084 1684 Ama-

1196 1705 1296 1728 zonas
1315 1693 1474 1738 intelligir
1496 1695 1597 1729 sacras
1625 1694 1752 1730 Viduas
1764 1697 1797 1731 dc
1810 1696 1986 1743 Virgines,
2006 1711 2084 1743 qua-

1198 1755 1270 1779 rum
1295 1743 1445 1789 fragilem
1458 1743 1568 1780 sexum
1581 1744 1751 1790 pelagiani
1764 1747 1827 1782 suis
1838 1748 2084 1784 adulationibus

1197 1792 1377 1829 admodum
1400 1794 1552 1830 inflarant
1570 1819 1577 1827 .
1600 1795 1745 1831 Proinde
1755 1797 1789 1831 in
1802 1796 1972 1840 Ecclesiis‚
1998 1799 2084 1844 apud

1198 1856 1279 1889 quas
1300 1841 1367 1878 haec
1379 1845 1498 1890 scripsit
1511 1846 1645 1881 Sanstus
1657 1848 1886 1893 Hieronymus
1897 1874 1907 1890 ‚
1932 1861 1987 1885 aut
2003 1863 2087 1885 nun·

1197 1907 1296 1940 quam
1320 1896 1497 1940 psallerunt
1507 1897 1609 1932 etiarn
1620 1899 1714 1942 sacra:
1727 1897 1884 1944 Virgines
1903 1911 1941 1934 ac
1954 1899 2071 1935 Viduae
2084 1925 2095 1941 ,

1199 1958 1255 1981 aut
1268 1945 1355 1981 certe
1366 1958 1437 1982 mos
1450 1946 1509 1981 iste
1519 1958 1586 1983 erat
1598 1957 1680 1984 tunc
1693 1949 1885 1995 abrogatus.
1913 1951 2090 1999 Qidquid

1199 1997 1259 2036 sit,
1283 1997 1364 2041 quin
1385 1997 1550 2042 Episcopo
1571 2011 1610 2034 ac
1635 2001 1725 2035 sacro
1736 1999 2038 2042 Presbyteriointra
2050 2002 2099 2035 sa-

1199 2057 1291 2082 crum
1305 2047 1447 2082 tribunal
1460 2048 1636 2084 adsidentes
1647 2048 1884 2090 presbyterissae
1895 2049 1979 2083 olim
1990 2050 2093 2085 etiam

1199 2097 1450 2138 concinuerunt,
1481 2097 1608 2132 videtur
1628 2109 1696 2130 non
1720 2096 1957 2132 dubitandum.

1249 2146 1417 2192 Qintum
1438 2145 1553 2179 harum
1576 2145 1842 2190 Presbyterarum
1864 2149 2012 2183 officium
2034 2161 2089 2184 ex-

1200 2197 1294 2238 ponit
1312 2196 1348 2228 in
1363 2195 1514 2239 Dialogo
1527 2218 1538 2235 ,
1564 2198 1742 2240 Peregrinus
1756 2221 1766 2237 ‚
1794 2198 1914 2242 impius
1928 2198 2088 2243 Apostata

1200 2244 1364 2278 Lucianus
1385 2268 1393 2275 .
1432 2244 1561 2278 Fretum
1582 2246 1676 2280 illum
1699 2249 1905 2291 peregrinum
1928 2273 1944 2289 ‚-
1973 2250 2090 2293 utique

1199 2292 1425 2324 Christianum
1437 2317 1449 2332 ,
1470 2294 1607 2329 affirmat
1617 2297 1635 2329 ὲ
1646 2297 1747 2339 Syria:
1759 2296 1891 2332 Praeside
1903 2299 2087 2342 conjestum

1198 2341 1233 2374 in
1255 2351 1420 2381 carceres,
1444 2341 1478 2375 ἀ
1501 2342 1650 2388 adjungit
1663 2358 1675 2378 .-
1705 2349 1797 2380 Mane
1817 2348 1890 2381 illici
1902 2350 2006 2383 videre
2021 2357 2090 2384 erat

1190 2393 1290 2433 juxta
1301 2400 1442 2425 carcerem
1447 2394 1655 2433 praestolantes
1665 2406 1740 2428 anus
1751 2421 1761 2436 ,
1789 2399 1904 2431 Viduas
1923 2398 2068 2442 quasdam
2077 2425 2086 2431 .

1197 2441 1263 2475 His
1286 2442 1382 2476 sacris
1406 2442 1520 2476 vetulis
1533 2444 1567 2478 <Sc
1581 2443 1701 2478 Viduis
1719 2446 1930 2482 incumbebat
1950 2460 2091 2484 carcera-

1197 2502 1307 2526 torum
1327 2492 1563 2527 Confessorum
1600 2495 1759 2530 alimonia
1780 2497 1814 2530 ὅ(
1837 2498 1947 2531 omnis
1971 2510 2047 2533 cura
2075 2524 2089 2540 ,

1197 2542 1337 2585 ideoque
1359 2541 1422 2576 illae
1445 2544 1548 2586 prima
1571 2544 1679 2579 statim
1703 2545 1777 2580 luce
1798 2547 1932 2582 aderant
1944 2550 2085 2591 carceri,

1196 2592 1230 2626 δε
1251 2593 1443 2627 sanatorum
1466 2593 1655 2636 Martyrum
1680 2597 1814 2641 negotia
1852 2598 2050 2642 peragebant
2077 2626 2086 2633 .

1198 2642 1322 2677 Eadem
1343 2654 1418 2676 cura
1440 2644 1596 2688 tangebat
1619 2645 1790 2681 Diaconos
1812 2672 1823 2687 ‚
1852 2659 1890 2682 ac
1914 2650 2086 2692 praesertim

1197 2691 1497 2727 Archidiaconum:
1526 2693 1661 2738 Utpote
1689 2696 1917 2731 Ecclesiasticae
1939 2700 2084 2741 pecuniae

1195 2744 1350 2777 restorem
1371 2743 1404 2777 ἀ
1430 2743 1618 2778 custodem.
1645 2746 1714 2780 Illis
1739 2747 1895 2789 adjunctae
1918 2758 2008 2781 erant
2035 2747 2087 2782 hat

1196 2792 1333 2826 Viduae.
1362 2793 1406 2827 Et
1448 2794 1580 2837 quidem
1607 2793 1703 2838 hujus
1724 2796 1826 2829 officii
1852 2796 1974 2829 nullam
1995 2797 2083 2842 apud

1194 2843 1348 2887 antiquos
1383 2843 1563 2887 Scriptores
1586 2846 1711 2889 reperio
1733 2845 1830 2881 aliam
1855 2844 2048 2883 memoriam
2073 2873 2080 2879 .

1196 2894 1306 2939 Qare
1322 2893 1454 2927 Divinae
1467 2893 1686 2929 Providentiae
1699 2905 1834 2938 magnas
1845 2893 1999 2931 debemus
2011 2908 2085 2942 gra-

1193 2944 1276 2983 tias,
1302 2943 1358 2986 qui
1386 2942 1475 2977 illam
1499 2942 1594 2978 nobis
1616 2946 1650 2978 in
1678 2943 1769 2978 istius
1795 2945 1958 2987 Apostatae
1985 2946 2082 2981 scele-

1192 2993 1268 3028 ratis
1288 2992 1421 3036 Scriptis
1444 2993 1598 3038 dignatus
1624 2992 1669 3027 est
1682 2992 1863 3040 custodire.
1892 2995 2055 3030 Diabolus
2068 3021 2080 3037 ‚

1191 3044 1271 3077 dum
1299 3054 1353 3087 per
1379 3044 1432 3077 sua
1466 3044 1608 3077 membra
1645 3054 1764 3079 nocere
1801 3044 1907 3080 studet
1930 3070 1942 3086 ,
1979 3046 2079 3081 etiam

1192 3093 1318 3138 prodest
1346 3092 1509 3127 Ecclestae.

1240 3145 1375 3178 Sextum
1396 3154 1434 3177 ac
1456 3143 1653 3187 postremum
1665 3144 1799 3180 istarum
1812 3144 2076 3189 Presbyterarum

1190 3194 1337 3229 officium
1360 3192 1461 3228 edicit
1482 3193 1516 3225 in
1538 3191 1679 3229 Panario
1702 3197 1834 3230 Sanetus
1850 3195 2074 3238 Epiphanius:

1191 3247 1387 3288 ,Quamquam
1425 3243 1654 3286 Diaconiffarum
1692 3246 1773 3279 Ordo
1804 3245 1842 3286 fic
1865 3252 1896 3277 in
1922 3244 2049 3286 Ecclefia
2062 3270 2074 3285 ‚

1190 3307 1247 3328 non
1273 3303 1376 3328 tamen
1418 3294 1463 3326 ad
1483 3295 1633 3329 Sacerdoti
1660 3294 1832 3337 funtionem
1856 3321 1867 3337 ‚
1904 3303 1957 3328 aut
1981 3297 2074 3328 ullam

1690 3343 1730 3377 ‘C
1778 3354 1802 3379 2
1952 3343 2026 3387 rjus-
