2346 3724
1451 193 1603 227 -ΟΝ

1247 267 1373 310 putavit
1392 266 1411 302 ὲ
1434 266 1532 301 nobis
1544 264 1638 301 Asmi
1660 262 1778 312 eaput,
1799 264 1835 303 id
1843 268 1888 306 est
1899 293 1912 312 ‚
1931 260 2118 314 paradoxa}

279 314 395 358 gorius
411 314 650 350 ‘Nazianzenus
662 343 669 350 .
700 318 835 351 Sanitus
851 317 1048 352 Ambrofius
1067 318 1177 361 culpat
1243 317 1275 350 ἀ
1287 329 1356 352 non
1368 318 1426 351 nifi
1439 317 1481 352 ab
1491 317 1586 350 Asini
1599 315 1732 351 cerebro
1742 318 1830 353 credi
1839 320 1940 365 digna
1950 345 1961 362 ‚
1986 321 2123 367 dogma·

278 361 559 400 Valentinianum
583 366 760 400 secundum
785 367 1022 410 Imperatorem
1046 391 1058 409 ,
1085 366 1175 412 quod
1242 377 1273 401 ta
1284 367 1432 403 adorari.
1459 368 1543 402 Haec
1564 366 1714 403 scandala
1739 368 1973 411 proveniebant
1983 372 2122 407 exindi-

278 413 390 448 adhuc
411 414 697 456 Catechumenus,
724 417 758 450 δε
784 417 862 451 fidei
892 418 1100 452 Sacramenta
1125 429 1176 452 ne·
1240 418 1339 453 screta
1354 418 1575 461 revelatione,
1600 427 1659 452 aut
1681 428 1783 462 pravo
1800 418 1915 456 auditu
1934 420 2121 458 nostrorum

278 464 401 503 sciens,
428 466 529 500 vellet
551 466 663 500 coram
686 467 717 500 fe
741 466 828 500 idem
853 467 1046 511 mysterium
1060 468 1101 502 ab
1113 469 1175 502 Or·
1238 468 1448 512 Dogmatum
1463 493 1471 501 .
1835 466 1844 474 ‘

144 532 196 569 Ep,
219 538 261 567 13·
277 513 438 549 thodoxis
459 516 493 548 δε
517 515 651 550 Arianis
674 515 846 560 Episcopis
866 518 1050 553 examinari
1068 544 1074 551 .
1104 517 1173 552 No·
1287 517 1332 552 Et
1350 515 1429 552 hinc
1451 518 1540 554 lucet
1549 516 1692 554 omnino
1712 516 1844 553 deviare
1856 516 1924 555 haec
1942 518 2118 558 IsaaciCa-

276 564 414 598 strarum
437 565 516 599 item
537 577 614 599 cum
643 566 830 600 Donatistis
853 568 1070 610 quaestionum
1089 568 1172 610 judi·
1235 566 1394 608 sauboni,
1421 568 1664 603 Ecclefiasticos
1685 568 1828 603 Domini
1842 568 2027 613 Cardinalis
2048 572 2119 606 Ca-

273 626 350 650 tem
363 626 429 649 non
444 616 532 658 posse
543 617 607 649 effe
626 627 790 660 paganum
803 642 813 657 ‚
842 620 1003 662 quoniam
1027 627 1085 650 non
1092 619 1172 659 poffit
1235 617 1309 651 saris
1322 617 1457 652 Batonii
1472 619 1621 654 Annales
1639 619 1871 659 exercitantis,
1896 619 2014 655 verba:
2041 626 2118 655 Non

303 211 305 214 f
362 196 388 242 ‘3
403 198 463 242 32
881 181 915 231 S
986 197 1015 229 c
1086 182 1118 230 it
1184 196 1220 228 0
1277 192 1313 228 ἰ
1381 194 1399 228 1

278 261 452 298 Trinitate
463 262 678 310 disceptarint
693 290 704 307 ,
729 264 811 302 dure
824 268 940 311 culpat
951 268 1088 302 Sanetus
1100 267 1181 302 Gre-

142 647 207 685 zib'
234 660 259 689 5·
275 667 349 708 troffo
374 665 549 706 christiana
575 668 689 699 secreta
714 690 724 706 ,
751 667 890 703 affirmat
915 669 1049 703 sanstus
1069 670 1171 711 Opta·

272 727 330 752 tus
353 716 533 760 Episcopus
547 716 762 751 Milevitanus
774 743 781 748 .
809 718 922 753 Etiam
937 716 1168 760 Eutychiano-

272 778 350 802 rum
375 767 546 801 nobiscum
570 766 764 809 quaestiones
786 767 918 811 publice
943 768 1094 802 ventilari
1117 779 1168 802 ve·

135 964 211 1003 Cap.
229 971 257 1002 3.

271 819 340 853 tuit
352 816 543 861 rigidiffime
572 816 760 851 Martianus
778 818 971 863 Augustus,
995 817 1087 863 quod
1100 821 1166 863 Ju-

270 870 354 903 θαι]
376 870 409 901 (9¹
428 872 561 911 paganis
581 879 622 901 ex
645 866 818 910 hujusmodi
836 874 997 903 certamine
1021 868 1162 912 divulga-

269 926 377 952 rentur
404 918 582 951 veneranda
607 917 737 958 mysteria
752 942 760 951 .
788 919 903 955 Exstat
917 918 1069 953 Edistut'n
1093 918 1162 962 post

271 967 447 1010 synodum
458 966 764 1002 chalcedonensem
779 993 786 1000 .
814 967 964 1012 Exponit
989 969 1165 1003 Facundus

267 1018 521 1053 Hermianenfis
534 1017 717 1061 Episcopus
730 1030 741 1052 .·
769 1018 970 1062 Disputamus
996 1021 1164 1062 inceffanter

270 1078 362 1112 atque
373 1069 521 1101 incondite²
540 1069 578 1102 de
596 1068 671 1111 fidei
682 1067 864 1109 chastianae
880 1069 1079 1114 Dogman'bus
1091 1093 1102 1110 ,
1128 1071 1162 1104 Θ

267 1127 340 1162 ‘quae
349 1128 521 1152 reverenter
529 1126 658 1162 pureque
668 1118 832 1153 trablanda
839 1118 912 1162 sunt
924 1142 935 1159 ,
960 1119 1081 1160 coelestia
1090 1117 1160 1162 pas·

210 1186 217 1196 ι
263 1169 321 1211 fim
332 1168 460 1209 mysteria
472 1170 677 1203 ventilamus.
708 1173 800 1203 Inane
814 1172 887 1211 jam
910 1175 954 1203 eis
981 1180 1084 1203 nomen
1095 1171 1160 1203 reli-

83 1537 250 1578 Romiliq.

125 2353 211 2384 'som-
219 2359 248 2389 3.

270 1220 351 1253 dum
362 1219 417 1259 est,
447 1217 582 1261 quosunt
603 1227 778 1261 nuncupata
805 1220 957 1259 myflma.
984 1225 1071 1252 Nam
1081 1226 1161 1253 inter

267 1267 377 1313 otiosas
395 1268 525 1311 fabulas
547 1270 735 1312 &vulgares
760 1269 912 1303 habentur
933 1270 1100 1313 necessariae
1125 1271 1160 1303 ὁ·

265 1326 372 1361 paucis
383 1319 602 1352 committendae
609 1319 683 1360 fidei
696 1319 867 1361 quaefliones
881 1345 888 1352 .
915 1320 1053 1353 Nomen
1073 1344 1084 1360 ,
1100 1323 1157 1357 My-

263 1369 404 1409 sterium3
434 1368 575 1410 exponit
587 1368 720 1401 Svidas:
749 1369 839 1401 Dura
856 1368 929 1411 sunt
943 1369 1101 1408 Mysterta,
1125 1371 1159 1401 σὸ

266 1420 353 1461 quod
358 1419 508 1451 auditores
523 1429 553 1450 os
567 1418 709 1450 claudunt
719 1443 730 1457 ‚
755 1429 845 1460 neque
855 1424 992 1460 cuiquam
1005 1419 1058 1451 illa
1069 1429 1158 1451 enun-

268 1474 351 1501 tiant
362 1493 370 1501 .
398 1468 564 1511 Loquitur
579 1479 620 1501 ex
645 1468 762 1502 saneto
776 1468 904 1512 Joanne
915 1467 1158 1512 Chrysostomo

266 1516 303 1553 in
316 1517 466 1553 homiliis
488 1517 529 1552 ad
548 1518 708 1561 populum
723 1516 992 1553 Antiochenum:
1020 1516 1157 1561 Ubisunt

267 1569 405 1609 Mylieria
417 1594 427 1609 ,
455 1567 736 1610 multumfilentium
747 1567 802 1609 est.
834 1569 946 1603 Etiam
973 1569 1058 1612 apud
1070 1567 1155 1602 Pho-

267 1621 305 1654 tii
333 1618 581 1652 Bibliothecarn
620 1618 756 1653 Sanctus
777 1619 941 1664 Eulogius
965 1617 1155 1653 Patriarcha

266 1668 515 1704 Alexandrinus
526 1667 699 1714 distinguit
712 1669 798 1702 inter
811 1668 1068 1703 Christianitatis
1077 1668 1156 1713 dog·

264 1730 353 1754 mata
381 1732 419 1754 ac
443 1719 604 1763 praeconia
627 1742 638 1759 ,
665 1729 763 1762 atque
785 1719 938 1763 adjungit
961 1731 968 1751 :
1007 1722 1158 1762 Dogmata

264 1777 329 1802 crim
350 1771 541 1802 occultatione
561 1767 753 1810 &sapientia
767 1770 963 1802 declarantur
977 1793 988 1809 ,
1017 1772 1051 1803 Θ
1062 1766 1155 1811 obscu-

264 1826 354 1853 vitati
373 1818 457 1862 faepc?
478 1820 515 1851 de
534 1817 679 1857 industria
700 1818 899 1850 involvuntur
918 1841 929 1856 ,
957 1830 993 1851 ne
1014 1818 1155 1859 profanis

257 1868 317 1912 fint
340 1868 452 1902 5an27a
475 1866 603 1910 exposita
619 1892 628 1907 ‚
654 1869 876 1910 &Margaritae
895 1872 995 1909 porcis
1016 1868 1155 1910 objician-

262 1931 339 1960 tur;
363 1924 519 1960 praeconiet
533 1916 597 1958 fine
617 1918 678 1949 ulla
691 1915 868 1958 obfhuritate
892 1919 1051 1957 dicuntur,
1075 1925 1155 1959 prae·

258 1969 364 2015 firtim
379 1968 434 2000 illa
446 1978 514 2009 quae
530 1966 566 1999 de
582 1969 804 2007 Praeceptorum
831 1968 866 1999 ό·
878 1969 1005 1998 Divinae
1019 1976 1155 1998 reveren·

261 2026 317 2054 eice
338 2017 543 2061 observatione
565 2015 700 2049 trallunt
722 2041 729 2048 .
758 2015 870 2049 Etiam
892 2017 925 2048 in
955 2014 1039 2048 locis
1066 2014 1155 2057 supra

262 2068 411 2104 adductis
435 2069 571 2102 Sanctus
592 2065 741 2109 Cyrillus
766 2077 803 2099 ac
815 2063 1154 2099 SanstusAmbrofius

262 2120 473 2165 distinguunt
500 2118 706 2162 dogmaticas
740 2117 774 2150 &
802 2116 942 2150 morales
969 2115 1156 2154 dodirinas,

262 2171 296 2205 δε
309 2169 365 2204 has
378 2169 461 2203 solas
474 2170 669 2212 permittunt
681 2165 941 2200 Catechurnenis
966 2165 1034 2199 fine
1047 2164 1155 2199 occul·

263 2221 394 2255 tatione
404 2217 559 2253 declarari
576 2243 584 2251 .
611 2218 653 2251 Et
668 2218 701 2250 in
717 2216 859 2250 homilia
882 2215 922 2250 de
934 2215 1057 2251 Sanctis
1069 2217 1156 2249 Sera-

263 2270 357 2315 phim
383 2269 495 2304 beatus
515 2269 658 2311 Joannes
676 2265 933 2310 Chrysostomus
948 2277 1018 2301 non
1030 2266 1082 2300 'de
1095 2265 1154 2300 Di-

263 2322 342 2355 vina
355 2319 527 2364 Maiestate
537 2344 547 2358 ,
577 2318 629 2353 sed
643 2318 685 2352 de
699 2317 864 2363 Angelica
876 2317 1050 2351 dumtaxat
1065 2326 1157 2350 natu·

263 2383 299 2407 ra
322 2371 580 2406 concionaturus
609 2367 714 2403 edixit
736 2380 743 2400 :
768 2372 866 2401 Nemo
885 2366 1039 2410 profanus
1061 2365 1157 2407 adfit‚

269 2431 352 2456 nemo
359 2422 527 2464 piacularis
542 2445 552 2460 ‚
578 2419 751 2453 immundus
774 2429 878 2457 nemo,
905 2428 990 2451 nemo
1008 2415 1064 2448 bac
1073 2416 1158 2448 audi·

267 2479 344 2507 tione
357 2471 432 2513 adfit
444 2473 605 2514 indignus.
637 2467 751 2508 Mystice
775 2469 884 2511 quippe
905 2467 989 2501 nobis
1000 2464 1157 2509 sust-ipim·

266 2524 316 2555 dae
327 2521 396 2562 (unt
409 2527 620 2554 narrationes.
653 2519 697 2552 Et
712 2521 876 2552 Anomaeo
900 2516 1051 2551 haeretico
1063 2516 1159 2549 inter-

268 2571 402 2617 roganti
424 2596 434 2610 ,
461 2572 551 2613 ‚Quid
574 2570 613 2610 est
640 2567 886 2612 christianismus
910 2591 921 2608 ,
948 2568 982 2602 in
1009 2566 1159 2610 Dialogo

268 2621 311 2656 de
324 2622 439 2656 Sancta
462 2620 634 2653 Trinitate
654 2619 827 2660 respondet
843 2620 979 2652 Sanetus
989 2615 1102 2651 Abbas
1125 2616 1158 2650 δε

268 2673 402 2713 Martyr
415 2669 584 2704 Maximus
602 2681 609 2700 :
639 2672 743 2700 Dicere
756 2666 878 2709 quidfit
890 2666 1136 2709 christianismus
1151 2690 1162 2705 ,

270 2729 369 2755 mium
380 2719 542 2760 nonfuerit
555 2742 566 2759 ,
592 2717 651 2758 nist*
667 2729 828 2760 cognovero
844 2715 982 2760 quisnam
1006 2715 1097 2757 illestt
1111 2722 1162 2758 qui

271 2772 323 2805 hoc
332 2769 543 2814 pereunt‘latur
555 2794 565 2808 ‚
592 2778 628 2800 ne
632 2767 718 2809 forie*
728 2772 890 2807 comperiar
911 2778 961 2800 res
971 2764 1096 2809 sanc‘las
1113 2766 1162 2799 cass

272 2822 362 2855 mbas
372 2847 381 2862 ,
409 2822 546 2861 &porcis
562 2822 749 2861 Margaritas
759 2819 918 2859 projicere.
947 2819 1035 2861 ,Quid
1045 2814 1082 2857 fit
1091 2815 1157 2858 side·

272 2874 332 2907 lem
355 2872 405 2915 effe
421 2882 479 2903 non
499 2870 621 2908 dixero,
652 2878 688 2900 ne
703 2867 789 2909 forte
806 2867 847 2908 fis
854 2871 885 2912 J
889 2868 1016 2907 udatus,
1042 2872 1094 2911 qui
1115 2878 1160 2900 me

273 2929 439 2964 interrogas
455 2945 462 2951 .
491 2920 536 2952 Et
558 2919 637 2952 hinc
659 2918 741 2952 olim
764 2918 917 2951 Gentiles
933 2942 942 2957 ,
969 2919 1158 2951 Dominum

274 2975 388 3007 Deum
414 2969 558 3004 nostrum
570 2970 632 3002 effe
654 2979 758 3002 unum
779 2979 817 3002 ac
828 2967 975 3001 Trinum
990 2991 1000 3006 ,
1027 2967 1160 3010 ejusque

276 3034 378 3057 unam
392 3021 561 3065 personam
584 3030 625 3053 ex
637 3019 780 3063 Virgine
801 3028 930 3056 natam,
956 3029 994 3051 ac
1011 3018 1027 3050 a
1045 3016 1160 3060 Judaeis

273 3072 467 3108 crucifixam
480 3094 490 3110 ,
518 3081 577 3102 nec
590 3081 658 3103 non
684 3070 716 3102 ἀ
731 3068 794 3102 alia
814 3068 945 3101 Divinae
959 3067 1161 3101 incarnatio-

276 3125 326 3158 nis
340 3132 437 3167 atque
450 3118 661 3154 Eucharistiae
673 3118 833 3161 Mysteria
857 3118 874 3151 ὸ.
897 3119 962 3152 suis
974 3118 1161 3152 Frumenta·

276 3174 333 3207 riis
345 3172 514 3206 audientes
527 3194 537 3210 ‚
563 3170 595 3203 &
606 3180 675 3203 non
690 3169 833 3202 valentes
853 3170 939 3202 inter
954 3169 985 3201 se
996 3168 1162 3202 combina.

277 3233 331 3262 re,
355 3222 522 3255 finxerunt
546 3219 670 3254 foedum
685 3218 790 3259 illud,
816 3218 1064 3252 aTertulliano
1077 3218 1110 3251 in
1125 3215 1162 3248 li·

278 3271 339 3305 bro
354 3269 581 3317 Apologetico
592 3268 773 3312 expolitum
788 3292 799 3308 ,
818 3268 1001 3303 monstrum
1013 3278 1089 3302 cum
1101 3266 1161 3299 hac

272 3322 495 3362 ‘inscriptione
524 3346 530 3352 .
558 3324 639 3352 Deus
661 3318 896 3359 Christianorum
919 3344 926 3351 .
940 3317 1019 3369 &XEx
1044 3315 1161 3350 eodem

281 3369 498 3405 fundamento
518 3370 605 3414 apud
626 3368 814 3405 Minucium
841 3368 985 3404 Felicem
1012 3365 1163 3401 Caecilius

1231 665 1359 709 recenseo
1369 671 1448 701 inter
1453 667 1570 710 silenda
1582 668 1713 709 mysteria
1726 669 1904 703 Dominam
1920 670 1957 703 de
1975 672 1997 703 5
1997 672 2116 712 andff·

1231 729 1282 750 ma
1304 719 1456 752 Trinitate
1471 743 1482 759 ‚
1507 720 1544 753 de
1561 715 1768 753 Incarnatione
1793 719 1907 763 JESU
1929 719 2056 762 christi,
2079 722 2116 756 θ

1224 766 1335 809 fimilia
1358 773 1460 810 capita
1481 769 1676 813 Evangelicae
1699 770 1946 812 praedicationis‚
1964 768 2027 810 fine
2046 781 2118 813 quo·

1229 829 1295 850 rum
1307 823 1415 851 notitia
1427 818 1616 859 christianus
1629 830 1711 852 nemo
1722 819 1773 863 effe
1779 819 1879 861 potest.
1907 820 2013 868 Qud
2024 822 2117 855 enim

1228 868 1341 901 omnia
1363 867 1431 902 haec
1442 870 1543 903 etiam
1554 870 1767 904 occultaverit
1777 869 1859 903 olim
1877 870 2016 904 Ecclefia
2027 895 2039 911 ,
2064 869 2114 905 est

1225 916 1356 952 abunde
1374 919 1556 953 ostensum.
1582 919 1709 954 verum
1732 919 1819 966 apud
1842 919 1929 954 solos
1952 919 2117 964 gentiles,

1225 967 1377 1011 Judaeos,
1403 969 1438 1003 &
1459 969 1657 1005 adversantes
1678 968 1847 1004 haereticos
1860 994 1867 1002 .
1897 969 2117 1004 Catechume·

1227 1019 1275 1052 nis
1286 1019 1376 1052 enim
1391 1019 1450 1052 suo
1462 1029 1607 1063 ternpore
1617 1020 1731 1055 omnia
1742 1019 1969 1054 tradebantur:
1997 1020 2045 1055 At
2065 1030 2117 1063 pe-

1223 1067 1406 1108 detentim,
1432 1069 1533 1112 &per
1544 1069 1681 1114 gradus.
1708 1069 1807 1103 Plura
1828 1069 1917 1111 istis,
1943 1082 2043 1114 quam
2062 1070 2116 1104 his

1224 1117 1333 1152 Mater
1343 1119 1479 1161 provida
1491 1119 1678 1154 occultabat
1690 1144 1697 1151 .
1725 1118 1826 1153 Reste
1845 1120 1923 1153 vero
1947 1118 2040 1154 addit
2050 1120 2116 1154 Ca·

1222 1166 1402 1202 saubonus.
1429 1172 1506 1201 Non
1516 1170 1591 1202 adeo
1601 1181 1649 1203 res
1663 1174 1696 1202 in
1709 1171 1909 1203 sacramentis
1927 1168 2114 1213 significatas

1222 1219 1256 1251 (5
1266 1218 1423 1260 efficaciam
1431 1220 1548 1252 illorum
1565 1217 1649 1260 siluit
1660 1227 1750 1252 vetus
1761 1217 1888 1258 Ecclefia
1899 1240 1910 1256 ,
1935 1230 1968 1252 ac
1982 1218 2114 1256 symbola

1222 1265 1288 1310 ipsa
1303 1292 1315 1308 ,
1340 1268 1464 1301 &ritus
1477 1268 1814 1301 celebrandi&rituum
1822 1266 1948 1310 causas.
1975 1267 2115 1313 Insigni*

1221 1327 1269 1351 ter
1301 1316 1338 1351 id
1362 1327 1451 1360 patet
1472 1328 1513 1351 ex
1536 1317 1680 1352 secundo
1701 1317 1914 1352 Theodoreti
1946 1317 2115 1362 Dialogo-

1223 1366 1378 1400 Eranissae
1392 1366 1480 1401 enim
1493 1369 1648 1412 roganti,
1675 1367 1847 1415 Qidnam
1868 1368 1944 1401 esset
1956 1367 2116 1402 Euchari-

1223 1416 1280 1450 stia
1291 1441 1302 1458 ,
1328 1416 1548 1452 Orthodoxus
1559 1418 1703 1462 reposuit
1718 1431 1730 1451 .·
1756 1419 1867 1460 Aperte
1879 1419 2035 1451 dicendum
2056 1426 2116 1450 non

1218 1465 1279 1506 est,
1306 1464 1460 1510 verifimile
1486 1467 1525 1509 est
1545 1474 1626 1502 enim
1648 1468 1744 1511 adeffe
1764 1469 1879 1510 aliquos
1891 1467 2032 1508 mysteriis
2054 1478 2115 1501 nm

1217 1521 1355 1550 initiatos
1370 1542 1377 1550 .
1406 1518 1450 1552 Et
1471 1518 1627 1563 urgenti,
1654 1516 1881 1561 Respondeatur
1901 1519 2114 1563 aenigmatice,

1216 1565 1401 1611 respondit:
1431 1567 1541 1601 Cibum
1563 1579 1600 1602 ex
1626 1567 1737 1601 talibus
1754 1565 1938 1610 seminibus.
1969 1567 2013 1602 Et
2038 1579 2115 1612 per-

1218 1617 1311 1662 genti
1332 1628 1471 1661 quaerere
1504 1617 1546 1652 de
1567 1619 1767 1652 sacrosansto
1795 1617 1910 1653 Calice
1943 1616 2111 1652 reddidit:

1218 1670 1379 1700 Commune
1390 1669 1423 1702 (9·
1436 1666 1487 1701 boc
1498 1679 1604 1702 nomen
1613 1667 1651 1709 est
1664 1691 1676 1708 ,
1697 1667 1797 1710 poculi
1804 1666 1932 1711 speciem
1934 1666 2115 1711 fignificansa

1218 1718 1303 1752 Sunt
1327 1729 1403 1752 vera
1424 1717 1602 1763 aenigrnata
1627 1741 1634 1750 .
1661 1718 1737 1753 Nec
1758 1718 1848 1752 aliud
1874 1715 2115 1752 Theodoretua

1217 1767 1325 1801 edixit
1340 1766 1382 1802 de
1394 1767 1594 1803 sacramenti
1607 1769 1794 1802 elementis.
1820 1768 1869 1803 At
1879 1766 1958 1802 vero
1969 1768 2114 1811 ipsorum

1217 1817 1415 1861 significata,
1441 1828 1599 1852 contenta
1613 1843 1625 1859 ,
1650 1817 2028 1852 transelementationem
2045 1816 2115 1851 edi-

1217 1867 1266 1899 xit
1289 1866 1483 1900 lucidiffime
1497 1879 1508 1899 .·
1536 1867 1602 1906 Post
1617 1865 1884 1908 sanc‘lificationem
1906 1867 2023 1909 appello
2036 1870 2113 1912 Cor·

1213 1923 1273 1958 pus
1301 1915 1410 1953 Christi
1434 1940 1444 1956 ‚
1472 1918 1506 1950 Θ
1527 1917 1706 1959 Sanguinem
1733 1914 1843 1954 christi
1865 1940 1871 1948 .
1900 1916 2113 1951 DiscrimInis

1218 1964 1361 1998 radicem
1381 1965 1484 2007 aperit
1506 1964 1541 1996 in
1563 1964 1649 1998 libro
1660 1963 1701 1997 de
1713 1964 1882 2006 Baptismo
1905 1967 2014 2001 noster
2025 1965 2112 2001 Ter·

1218 2012 1373 2046 tullianus
1388 2024 1397 2044 :
1423 2011 1518 2045 Nihil
1526 2014 1600 2045 adeo
1611 2011 1651 2052 est
1663 2035 1674 2051 ‚
1700 2013 1781 2054 quod
1787 2020 1852 2045 tam
1864 2013 1985 2047 obduret
1994 2023 2110 2050 mentes
2127 2002 2200 2041 ΟΨ·
2217 2007 2251 2034 ²⁶

1218 2061 1370 2095 bominum
1382 2086 1392 2101 ‚
1417 2060 1680 2104 quamfimplicitas
1693 2066 1876 2095 Divinarum
1887 2069 2006 2103 operum
2018 2087 2029 2103 ‚
2054 2062 2114 2107 qis}
2133 2085 2138 2090 ·

1218 2118 1252 2145 in
1272 2112 1343 2145 aequ
1370 2114 1515 2153 videtur,
1542 2114 1577 2147 (9
1600 2111 1824 2156 magnificentia
1833 2124 1902 2155 qua
1912 2117 1945 2145 in
1954 2109 2116 2159 effetffuro-

1214 2166 1403 2205 promittitur
1413 2187 1421 2195 .
1449 2166 1488 2196 Ut
1499 2161 1547 2195 bic
1556 2173 1668 2205 quoque
1678 2168 1821 2205 quoniam
1844 2171 1935 2196 tanta
1941 2162 2118 2206 fimplicitae-

1219 2222 1269 2254 te,
1288 2211 1351 2254 fine
1367 2220 1479 2254 pompa
1492 2236 1503 2252 ‚
1521 2211 1586 2253 fine
1610 2220 1763 2255 apparatu
1786 2223 1863 2247 novo
1874 2210 1973 2256 aliquo
1985 2214 2117 2257 denique

1213 2261 1277 2305 fine
1297 2261 1418 2306 sumptu
1440 2262 1523 2295 homo
1543 2268 1577 2296 in
1598 2274 1680 2306 aqua
1692 2262 1846 2306 demiffus,
1873 2263 1997 2297 &inter
2012 2270 2117 2306 pauca

1221 2312 1316 2347 verba
1337 2313 1447 2347 tini‘lus
1459 2336 1470 2352 ,
1495 2323 1552 2345 non
1575 2313 1669 2346 multo
1691 2312 1787 2346 nihilo
1808 2313 1948 2346 mundior
1967 2311 2120 2358 resurgit,

1219 2366 1253 2397 εό
1281 2362 1462 2397 incredibilis
1486 2362 1668 2403 existimetur
1681 2361 1838 2407 consecutio
1850 2367 2034 2397 eternitatis
2047 2387 2055 2396 .
2081 2362 2119 2398 A

1221 2413 1342 2446 vilibus
1355 2413 1528 2447 elementis
1539 2411 1656 2447 donari
1668 2413 1815 2446 Divinos
1827 2412 1912 2447 adeo
1927 2424 1967 2448 ac
1976 2423 2118 2449 aeternos

1220 2461 1350 2497 effectus
1373 2461 1542 2496 videbatur
1574 2462 1764 2497 infidelibus
1787 2472 1910 2497 vanum
1933 2486 1946 2504 ,
1970 2463 2034 2496 risu
2059 2463 2132 2501 di-,

1219 2523 1324 2556 gnum
1339 2535 1349 2551 ,
1375 2512 1589 2556 impossibile.
1619 2511 1814 2556 Judicabant
1835 2512 1877 2546 de
1887 2522 1971 2556 aqua
1992 2511 2117 2557 Baptis-

1221 2564 1290 2601 mi,
1316 2563 1447 2607 alioque
1467 2564 1562 2597 omni
1590 2560 1815 2597 Eucharistico
1842 2562 2034 2605 praesertim,
2060 2563 2118 2597 Sa-

1221 2614 1412 2647 cramentali
1437 2613 1605 2647 elemento
1628 2636 1639 2653 ‚
1665 2612 1756 2655 quod
1788 2611 1872 2645 olim
1894 2612 1936 2645 de
1966 2611 2118 2655 Jordanis

1220 2674 1304 2707 aqua
1316 2664 1483 2697 censuerat
1497 2662 1649 2696 Naaman
1663 2663 1763 2706 Syrus
1776 2687 1783 2694 .
1813 2662 1909 2696 Hinc
1934 2662 1990 2696 illa
2008 2663 2119 2708 fingu-

1222 2715 1331 2747 lariter
1358 2713 1432 2757 ipsis
1455 2712 1600 2756 Maiores
1612 2713 1711 2746 nostri
1723 2711 1989 2747 occultaverunt.
2015 2712 2055 2746 In
2073 2712 2119 2748 st-

1222 2764 1328 2808 ptimo
1352 2762 1504 2797 adversus
1526 2763 1760 2806 Imperatorem
1782 2762 1953 2806 Julianum
1980 2761 2119 2806 Aposto-

1222 2824 1289 2848 ram
1307 2812 1391 2847 libro
1404 2813 1570 2858 infigniter
1582 2813 1649 2847 haec
1662 2813 1803 2857 exponit
1814 2812 1948 2847 Sanctus
1970 2811 2119 2857 Cyrinus

1222 2865 1468 2898 Alexandrinus
1481 2889 1488 2896 .

1271 2912 1378 2949 Porro
1388 2912 1556 2949 haereticos
1566 2914 1740 2948 tractamus
1749 2911 1791 2947 ad
1810 2923 1936 2948 morem
1951 2912 2119 2948 Poenitenz

1221 2966 1305 3000 tium
1315 2976 1351 2998 ac
1374 2964 1541 2999 Fidelium
1563 2964 1872 3009 Energumenorum
1897 2988 1905 2997 .
1932 2964 2022 2998 Cum
2043 2960 2118 3006 ipfi⁷s

1220 3014 1260 3048 de
1286 3015 1426 3055 nostris,
1453 3025 1523 3058 quae
1547 3025 1737 3055 noverunt,
1764 3014 1906 3049 Arcanis
1926 3014 2118 3048 sermocina-

1222 3077 1295 3099 mur
1316 3076 1353 3099 ac
1363 3065 1565 3108 disputamus
1577 3088 1588 3105 ‚
1615 3065 1728 3099 verum
1739 3065 1823 3109 ipsos
1835 3064 1876 3099 ad
1899 3064 2007 3098 nostra
2022 3063 2117 3096 Sacra

1222 3127 1291 3149 non
1316 3115 1538 3150 admittimus.
1569 3115 1758 3159 Nequidem
1782 3115 1823 3149 ad
1849 3113 2024 3148 videndam
2044 3111 2116 3143 Eu·-

1221 3165 1426 3200 charistiam.
1454 3165 1606 3199 Primum
1631 3164 1799 3210 insigniter
1811 3173 1899 3208 patet
1918 3160 2115 3197 exsecando

1220 3215 1614 3260 TheodoretiDialog0‚
1642 3215 1787 3250 ubicum
1812 3212 1981 3250 Eranista,
2011 3209 2116 3251 Euty-

1221 3266 1344 3301 chiano
1373 3265 1525 3300 haeretico
1547 3290 1558 3306 ,
1584 3266 1625 3299 de
1662 3263 1865 3299 Eucharistia
1897 3261 2115 3303 disputaturus

1220 3316 1442 3351 orthodoxus
1465 3315 1613 3360 praefatur
1627 3329 1638 3348 .·
1664 3315 1773 3356 Aperte
1794 3311 1950 3344 dicendum
1976 3320 2033 3343 non
2053 3309 2114 3349 est·

1224 3364 1383 3409 Verisimile
1408 3365 1447 3407 est
1464 3372 1543 3401 enim
1552 3366 1645 3408 adesse
1655 3365 1766 3407 aliquos
1778 3360 1918 3402 misteriis
1931 3370 1991 3395 non
2013 3363 2116 3393 initia-

1998 3417 2045 3445 tos
2055 3432 2064 3444 .
