2346 3724
112 1898 212 1930 {stam

114 1948 177 1980 cap.
184 1951 211 1979 3.

227 251 264 283 Θ·
279 246 507 290 pattinglorn'um
529 251 594 276 erat
616 264 628 283 ,
662 166 789 285 quodC
761 255 798 276 ne
827 245 972 285 injuriam
957 175 1109 285 lquidem

227 304 360 339 accipere
382 295 558 328 viderentur
581 317 592 332 ,
629 303 679 325 nec
702 293 809 333 illustre
848 297 984 331 Martyrii
1006 303 1110 326 nomen

228 345 410 381 cruciatibus
431 344 597 384 accederet,
611 345 731 377 -verum
754 343 800 376 bic
820 354 929 386 quoque
933 341 1024 385 fucus
1036 348 1112 376 vert-

231 401 290 431 enti
304 395 412 437 fieret,
437 400 533 436 utqui
551 403 698 436 tanquam
709 392 872 433 Christiani
889 393 1089 435 patiebantur
1101 417 1111 433 ,

227 455 376 488 tanquam
399 449 484 485 impii
503 451 637 477 cruciatu
660 444 862 488 afficerentur.
889 444 986 477 Dicit
1007 443 1112 476 varia.

228 495 360 535 Primo,
371 494 459 539 qu6d
472 494 570 527 etiam
582 493 759 538 Imperator
771 492 894 527 Valens
905 493 1002 526 fuerit
1018 493 1115 525 Anti-

229 543 381 580 Christus
406 569 413 575 .
447 543 632 584 Secund6,
658 544 745 587 qu6d
768 543 865 577 nobis
886 543 1040 577 inviderit
1061 552 1117 574 no·

229 705 333 735 nem,
359 692 412 728 sed
422 694 467 729 ob
478 695 541 728 alia
557 693 651 729 nobis
668 694 769 728 afficta
781 693 890 739 elogia
901 692 1116 728 cruciaverit.

227 744 388 801 Qart6,
413 743 501 787 qu6d
527 744 585 778 ista
598 743 876 788 nostraMartyria
900 742 1119 786 effentinglo-

228 794 309 834 ria,
335 794 476 838 ideoque
498 795 610 829 fuisset
636 796 743 828 satius
765 795 798 828 δε
819 794 947 828 facilius
973 793 1039 837 pati
1063 791 1120 825 sub

230 819 391 885 Nerone,
419 845 642 883 Domitiano,
669 853 725 877 aut
750 844 985 879 Diocletiano.
1014 843 1057 876 Et
1079 842 1118 875 ad

227 892 488 933 Teodoricurn,
516 894 680 927 Geizerici
705 894 968 928 Wandalorum
961 906 993 927 m
1008 894 1120 927 Africa

226 942 348 977 Ariani
371 942 475 987 Regis
491 942 622 983 filium,
647 943 702 985 qui
729 942 967 990 Armogasten·
979 943 1024 977 ob
1042 942 1119 979 fidei

226 993 446 1031 constantiam
467 992 593 1035 jusserat
607 992 719 1038 gladio
743 994 853 1033 feriri,
877 995 962 1028 dixit
976 993 1120 1028 Arianus

226 1040 400 1086 Presbyter
412 1043 605 1086 Jucundus:
633 1047 748 1077 Poteris
769 1056 834 1078 eum
845 1045 966 1086 diverfis
979 1042 1046 1085 afflt
1054 1043 1118 1077 6210

228 1092 318 1126 nibus
340 1091 518 1133 interficere.
545 1097 631 1126 Nam
638 1093 668 1135 s
670 1095 773 1137 gladio
779 1100 965 1137 peremeris
979 1099 1120 1151 incipient

230 1146 362 1176 Romani
372 1146 532 1181 Martyrem
542 1145 806 1184 praedicare.1ta
822 1145 976 1180 testatur'
966 1155 1000 1180 in
1015 1145 1120 1189 primo

225 1194 289 1227 fuae
312 1191 451 1227 historiae
471 1192 558 1227 libro
580 1194 713 1228 sanstus
736 1193 850 1229 Victor
875 1196 1019 1232 Vitensis
1045 1197 1121 1239 Epi-

227 1243 365 1286 scopus,
390 1243 607 1288 &adjungitz
635 1247 716 1277 Tunc
725 1245 918 1280 Theudoricus
944 1254 976 1280 tn
993 1248 1119 1284 Byzace-

228 1304 304 1327 nam
340 1295 530 1327 Provinciam
566 1296 610 1326 ad
634 1295 799 1336 fodiendas
820 1308 886 1330 eum
909 1299 1120 1331 condemnavit

229 1343 378 1377 Scrober
415 1343 528 1376 Etiam
548 1342 588 1375 de
602 1345 772 1378 Geizerico
796 1368 807 1384 ‚
843 1347 899 1387 qui
927 1349 1118 1391 generosum

228 1393 419 1427 Masculam
441 1392 648 1427 damnaverat
670 1394 709 1427 ad
731 1394 880 1438 gladium
905 1420 916 1435 ,
943 1395 1120 1440 adjungit.-

228 1443 375 1475 Callidus
390 1445 560 1474 Geizericus
581 1444 686 1475 occulte
692 1450 860 1484 praeceplt
891 1455 925 1477 ut
928 1446 960 1486 s
944 1447 1119 1490 tMasculas

227 1495 263 1524 in
284 1492 339 1524 illa
359 1489 432 1522 bom
459 1490 613 1523 vibrantis
644 1493 742 1534 gladii
762 1493 981 1535 pertimesceret
1004 1497 1119 1535 illum,

226 1546 325 1584 magis
343 1551 409 1574 eum
428 1541 589 1582 occideret,
617 1552 654 1574 ne
683 1544 845 1581 Martyrem
863 1544 1117 1588 gloriosumsectsl

223 1590 300 1634 [ιη
321 1590 367 1634 fin
376 1589 492 1630 fortem
514 1591 547 1623 t'n
567 1591 650 1632 corf
642 1593 697 1631 ff
678 1603 729 1624 one
751 1593 949 1636 conspiceret,
976 1608 996 1626 a
1014 1598 1119 1639 gladio

226 1647 420 1682 temperaret.
445 1642 508 1674 Sed
526 1641 594 1682 ille,
620 1652 654 1675 ut
674 1643 806 1676 columna
825 1646 984 1678 immobiles
1007 1646 1122 1686 Christo

223 1689 373 1733 solidante
407 1690 524 1731 effec‘Ius
548 1716 559 1731 ,
597 1692 745 1734 confessor
770 1701 933 1728 revertitur
951 1696 1118 1739 gloriosus.

227 1746 272 1776 Et
288 1739 319 1782 fi
330 1745 490 1780 Martyrem
511 1744 637 1775 invidur
647 1742 731 1781 bostis
741 1746 971 1786 noluitfacere,
998 1745 1118 1789 Confes-

223 1788 319 1833 sorem
339 1802 440 1825 tamen
451 1791 575 1831 nostrum
586 1804 643 1825 non
660 1800 760 1834 potuit
771 1798 902 1829 violare.
930 1797 974 1830 Et
988 1796 1028 1830 de
1043 1797 1121 1831 Gei-

227 1841 324 1876 zerici
346 1841 533 1876 Successore
542 1841 739 1876 Hunnerico
765 1845 875 1879 scribit
894 1847 1029 1881 Sanstus
1042 1848 1121 1881 Gre-

227 1891 341 1936 gorius
365 1892 542 1935 Episcopus
569 1891 774 1928 Turonensis
798 1921 805 1928 .
833 1899 1018 1931 Hunnericus
1042 1900 1121 1931 Bea-

228 1950 295 1975 tum
309 1945 480 1985 Eugenium
503 1942 769 1987 Carthaginensem
790 1946 969 1990 Episcopum
981 1948 1120 1982 decollari

221 1991 304 2032 juffit
321 1990 381 2034 sub
403 2004 439 2026 ea
445 1990 542 2034 specie
556 2016 568 2033 ,
593 2002 625 2026 ut
639 1993 671 2034 fi
689 1999 721 2027 in
743 2005 778 2027 ea
790 1994 883 2035 bora,
910 2009 969 2039 qua
981 1997 1054 2037 enfis
1073 1997 1121 2040 su-

225 2039 283 2082 per
304 2047 446 2076 cervicem
469 2044 534 2082 ejus
556 2044 766 2084 incumbebat,
793 2052 851 2078 non
869 2057 1066 2081 reverteretur
1076 2050 1121 2081 ad

228 2089 402 2125 haereticam
440 2092 556 2125 sedam
577 2097 672 2134 ,'no>1
694 2096 894 2138 occideretur,
921 2110 958 2131 ne
981 2110 1046 2131 eum
1064 2107 1122 2141 pro

229 2143 359 2178 Mar-tyre
384 2144 558 2177 extollerent
577 2143 742 2184 Christiani
755 2170 767 2185 ‚
791 2144 847 2189 sed
864 2147 953 2181 exilio
963 2149 1122 2182 damnare-

228 2198 280 2223 tur
300 2213 309 2222 ·
343 2193 388 2226 Et
409 2194 545 2237 quidem
569 2195 626 2227 sub
649 2196 718 2237 ipso
743 2194 845 2239 gladii
867 2198 929 2230 istu
952 2199 1122 2241 Eugenius

228 2242 344 2275 mansit
359 2243 632 2277 constantiffimus
656 2267 665 2280 ,
693 2244 833 2286 ideoque
857 2246 897 2278 de
920 2246 989 2288 ipso
1008 2246 1121 2280 libera-

227 2297 304 2328 tus,
329 2292 375 2324 est
397 2292 558 2336 relegatus
577 2291 617 2325 ad
634 2292 846 2336 Albigensem
871 2295 990 2328 Galliae
1009 2296 1121 2329 civita-

227 2347 316 2380 tem,
342 2352 381 2374 ac
402 2341 448 2375 ibi
470 2340 640 2376 defunctus
663 2366 669 2373 .
697 2341 799 2387 Qdd
822 2343 921 2375 etiam
948 2344 1120 2377 sceleratus

229 2386 396 2422 Ebroinus
420 2391 539 2423 Sancto
551 2389 759 2433 Leodegario
776 2389 1066 2435 Augustodunensi
1080 2394 1121 2426 E-

225 2436 361 2480 piscopo
382 2439 534 2473 inviderit
545 2437 878 2483 Martyriigloriam‚
906 2442 1049 2486 ideoque
1076 2444 1121 2487 ip-

226 2488 298 2520 sum
318 2500 386 2522 non
407 2488 542 2533 gladio,
570 2489 622 2522 sed
636 2490 791 2523 aerumnis
805 2490 1046 2526 absumendum
1063 2493 1122 2527 du-

226 2537 328 2578 xerit,
350 2538 482 2573 testatur
495 2538 593 2582 hujus
605 2538 792 2574 authentica
806 2542 870 2575 vita
883 2547 890 2574 ζ
915 2543 1065 2576 Eandem
1082 2545 1114 2577 in

228 2599 289 2620 nos
312 2588 470 2622 invidiam
492 2600 704 2624 exercuerunt
730 2590 908 2634 Imperator
940 2593 1011 2627 Leo
1034 2594 1119 2628 Isau-

228 2648 304 2677 rus,
331 2639 571 2673 Constantinus
592 2640 837 2682 Copronimus,
863 2654 900 2676 ac
923 2643 979 2676 alii
1001 2644 1119 2677 leono-

228 2688 349 2722 clastae.
376 2690 420 2722 Et
443 2689 535 2732 super
548 2701 661 2723 omnes
675 2691 820 2733 Julianus
833 2690 1011 2735 Apostata.
1034 2694 1116 2728 ltem

229 2738 364 2782 quidam
386 2738 596 2782 Imperatores
618 2739 742 2785 Pagani
764 2767 770 2774 .
801 2743 913 2789 Qare
933 2743 974 2776 de
993 2745 1117 2778 cunetis

229 2789 413 2822 istiusmodi
436 2789 603 2823 haerelibus
625 2791 766 2825 omnino
790 2803 899 2825 verum
921 2793 965 2825 est
991 2818 1002 2833 ‚
1029 2794 1116 2837 qu6d

230 2839 318 2872 solos
339 2838 513 2881 Apostatas
526 2841 648 2874 faciant
662 2865 672 2880 ,
701 2842 809 2875 nullos
822 2843 1001 2884 Martyres.
1028 2844 1116 2878 Cun-

230 2889 273 2922 eci
294 2888 383 2922 enim
408 2900 466 2922 nos
489 2901 528 2923 eo
550 2892 784 2934 persequuntur
810 2893 941 2930 animo,
971 2905 1037 2936 quo
1049 2906 1115 2937 per-

231 2939 334 2972 secuti
358 2939 431 2971 sunt
443 2938 698 2981 Theodericus,
725 2942 914 2976 Geizericus
929 2967 940 2982 ,
967 2944 999 2976 ὃς
1021 2943 1114 2978 Hun-

229 2989 375 3022 nericus:
407 2988 486 3021 Non
509 2999 546 3021 ut
562 2989 713 3024 occidant
727 3016 737 3031 ,
766 2994 818 3026 sed
843 3004 878 3027 ut
896 2994 1089 3028 concutiant
1104 3019 1115 3034 ,

229 3039 352 3073 faciant
372 3039 529 3081 trepidare
548 3039 605 3072 sub
626 3040 763 3083 gladio,
788 3054 885 3086 atque
900 3043 943 3077 ita
957 3043 1114 3086 dejiciant

230 3090 266 3124 in
293 3089 512 3131 Apostafiam.

279 3137 426 3185 Qaestio
449 3140 550 3182 prima
573 3139 642 3178 est,
670 3139 723 3173 An
736 3141 962 3177 Tertullianus
975 3143 1056 3177 reete
1068 3145 1114 3179 di-

231 3199 284 3223 cat
311 3188 399 3233 qu6d
424 3187 558 3232 publicae
580 3189 746 3232 potestatis
764 3202 819 3225 aut
842 3204 971 3236 arreptae
993 3194 1114 3229 violen-

231 3239 283 3272 tiae
299 3238 452 3273 satellitio
474 3251 541 3273 non
565 3250 691 3273 armatae
714 3239 842 3275 haereses
864 3243 972 3277 nullos
993 3244 1112 3279 faciant

231 3289 421 3332 Martyres?
449 3289 551 3324 Ratio
572 3289 743 3323 dubitandi
765 3292 810 3325 est
833 3292 919 3326 varia
942 3319 949 3326 .
978 3293 1110 3330 Etenim

233 3338 274 3373 ad
293 3338 515 3381 Nestorium,
550 3340 697 3375 Ecclesiae
735 3340 1112 3389 Constantinopolitanae

330 3388 434 3429 christ.
446 3394 525 3433 Lupi
536 3395 634 3433 opera
646 3393 795 3426 Tom.1X.
839 3426 841 3428 ,

228 596 351 630 men&
364 595 507 639 gloriam
527 594 705 637 Martyrii.
744 592 888 633 Tertio,
914 592 1002 637 qu6d

227 645 266 679 in
291 644 423 678 finem*
414 656 474 679 nos
487 656 555 678 non
577 644 623 679 ob
635 642 815 678 Catholicae
839 642 930 677 Fidei
953 642 1116 687 profeffio'-

1138 176 1162 204 T

1151 2748 1167 3474 l

1234 175 1250 204 1
1321 172 1342 203 s
1447 159 1559 204 IV.
1926 176 1985 222 71

1174 241 1372 285 Episcopum
1394 239 1513 274 Haeres
1518 236 1650 272 archam
1670 262 1680 279 ,
1706 242 1763 283 qui
1785 243 1840 277 fibi
1863 245 2059 289 refragantes

1175 291 1324 326 Clericos
1348 301 1416 324 non
1439 290 1480 324 ad
1502 288 1664 333 Principis
1691 289 1838 333 gladium
1861 293 2061 334 deduxerat,

1176 341 1228 375 sed
1251 340 1317 374 sola
1338 339 1595 380 communione,
1622 339 1748 383 gradu,
1775 340 1952 376 &civitate
1964 346 2061 386 ejece-

1177 401 1244 429 rat,
1265 391 1385 432 scripsit
1407 392 1540 424 Sanctus
1554 390 1641 434 Papa
1664 389 1876 423 Caelestinus:
1904 394 2060 426 Laetamur

1176 453 1221 475 eos
1244 442 1370 474 clericos
1390 447 1552 483 praemium
1570 439 1742 481 confhffionr's
1753 445 1924 482 acquirere,
1947 439 2004 482 sed
2012 445 2061 474 do-

1177 493 1267 524 lemus
1292 488 1371 532 quod
1391 489 1537 533 Epist-opo
1543 488 1739 532 persequente
1752 515 1760 522 .
1787 493 1903 523 Beatus
1916 490 2062 531 Apostolus

1180 542 1294 574 Paulus
1313 540 1527 583 persecutorem
1545 547 1578 573 in
1591 542 1821 582 praedicatorcm
1832 546 1964 574 mutavit
1976 552 1990 581 ,·
2017 551 2067 573 ne·

1172 591 1232 633 fas
1268 589 1303 630 est
1334 597 1502 624 maximum
1534 593 1762 632 praedicatorem
1787 597 1819 623 in
1853 589 2065 633 persecutorem

1180 650 1348 674 mutatum.
1377 641 1420 674 Et
1442 642 1475 674 in
1499 640 1637 684 epistola
1660 640 1699 674 ad
1725 641 1804 675 istos
1820 641 1907 683 ipsos
1919 640 2068 674 Clericos

1181 692 1317 725 affirmat
1338 690 1422 725 hanc
1445 694 1507 725 esse
1526 691 1789 735 gloriofiffimam
1809 690 1991 725 Passionem
2004 714 2014 730 ,
2034 690 2068 723 ὅ(

1180 742 1354 775 confirmat
1376 742 1527 785 exemplo
1541 741 1649 774 Sancti
1670 739 1854 775 Athanasii.
1884 741 2022 775 Exstant
2039 751 2069 773 e-

1181 792 1302 835 pistolae
1323 792 1357 824 in
1379 793 1482 835 prima
1507 800 1595 835 parte
1610 789 1941 834 EphesiniConcilii.
1971 792 2014 823 Et
2026 789 2068 823 ad

1181 840 1440 876 Alexandrinam
1466 842 1642 876 Ecclesiam
1660 865 1671 881 ,
1700 853 1770 885 qua:
1793 841 1933 875 necdum
1956 850 2069 883 corpo·
2087 849 2169 888 Epist.
2200 852 2247 878 18.

1180 893 1258 927 ralia
1283 902 1447 926 tormenta
1468 892 1509 926 ab
1531 892 1728 934 Imperatore
1752 891 1950 926 Constantio
1972 914 1982 930 ‚
2015 889 2070 924 sed
2087 891 2116 920 &
2137 901 2181 926 19·

1182 942 1263 976 solas
1282 942 1521 977 Ecclesiasticas
1543 941 1734 976 vexationes
1757 941 1948 976 sustinuerat
1969 941 2070 974 abin-

1182 994 1269 1026 truso
1294 993 1612 1037 Pseudo-Episcopo
1634 993 1830 1037 Gregorio,
1859 992 1981 1035 scripsit
2001 992 2072 1025 Sar-

1183 1041 1300 1076 dicens
1304 1054 1319 1076 s
1339 1043 1514 1085 synodus:
1542 1041 1851 1086 Istiusmodipaffiones
1871 1051 1949 1084 pars
1968 1041 2071 1082 aliqua

1183 1095 1319 1129 Martyru
1341 1093 1447 1144 bgzbert
1469 1094 1599 1134 debent,
1626 1095 1660 1126 (⁵5
1686 1091 1846 1135 istiusmodi
1870 1092 1977 1132 vestrae
1997 1095 2073 1124 Con-

1175 1141 1242 1182 feff
1242 1153 1309 1176 ones
1319 1145 1358 1177 &
1370 1153 1518 1177 tormenta
1530 1155 1586 1177 non
1597 1142 1741 1176 carebunt
1753 1142 1904 1181 mercede,
1920 1153 1983 1175 cum
1991 1150 2073 1182 prae-

1182 1197 1244 1225 mia
1263 1195 1284 1226 ἆ
1309 1197 1371 1227 Deo
1392 1200 1578 1236 recepturis
1552 1193 1640 1234 fitis.
1669 1191 1772 1241 Qod
1797 1191 1923 1234 injustae
1944 1202 2073 1225 excom-

1184 1245 1421 1279 municationis
1443 1246 1568 1288 patiens
1583 1243 1757 1277 tolerantia
1769 1243 1807 1275 fit
1821 1241 1938 1275 summi
1950 1240 2073 1284 praemii

1184 1294 1334 1328 meritum
1359 1319 1370 1335 ‚
1409 1294 1507 1329 docet
1545 1296 1579 1328 in
1604 1295 1711 1338 primo
1735 1293 1820 1327 libro
1840 1293 1880 1327 de
1905 1292 2073 1335 Baptismo

1185 1355 1298 1378 contr-a
1312 1344 1521 1383 Donatistas,
1554 1345 1606 1377 &
1599 1356 1632 1377 in
1647 1344 1733 1378 libro
1759 1342 1799 1376 de
1811 1353 1882 1376 vera
1895 1342 2073 1386 Religione
2089 1355 2162 1394 Cap
2182 1365 2227 1388 17

1184 1394 1317 1428 sanstus
1338 1395 1567 1439 Augustinus,
1590 1393 1808 1437 &adjungit:
1836 1397 1896 1424 Hos
1908 1401 2026 1424 coronat
2039 1396 2072 1423 in

1182 1444 1284 1476 occulto
1307 1448 1420 1485 Pater,
1447 1450 1479 1477 in
1506 1444 1611 1477 occulto
1622 1445 1748 1477 videm.
1779 1443 1912 1477 Sanc‘lus
1927 1441 2072 1475 Edmun-

1183 1494 1243 1526 dus
1265 1494 1505 1528 Cantuariensis
1528 1492 1935 1535 Archi-Episcopusistam
1949 1493 2074 1535 patien-

1182 1543 1262 1576 tiam
1289 1543 1404 1576 docuit
1426 1545 1490 1577 esse
1517 1552 1627 1575 verum
1639 1542 1864 1583 Martyrium.
1892 1542 2073 1575 Etenimin

1182 1592 1365 1625 Oxoniensi
1401 1592 1627 1627 Univerfitate
1650 1592 1779 1626 Dostor
1799 1591 1902 1626 Sacrae
1926 1591 2077 1625 Theolo-

1180 1643 1240 1686 giae
1253 1654 1290 1676 ae
1303 1643 1468 1676 Professor
1480 1642 1600 1677 dilesto
1613 1643 1672 1676 suo
1683 1642 1845 1686 discipulo
1857 1641 1996 1676 Sevvalo
2008 1641 2075 1684 pas-

1181 1694 1240 1725 fim
1255 1692 1361 1726 dixit:
1389 1695 1558 1727 oswvale
1572 1717 1582 1732 ,
1608 1693 1734 1727 sevvale
1746 1718 1757 1734 ‚
1785 1695 1901 1730 Martyr
1910 1691 1948 1724 ab
1959 1689 2074 1733 bocsae-

1181 1744 1245 1775 culo
1263 1741 1521 1787 transmigrabis,
1539 1742 1647 1785 ferro,
1673 1744 1726 1777 vel
1738 1741 1848 1786 saltem
1865 1743 2012 1785 gravibus
2038 1743 2072 1773 (τ

1183 1791 1431 1836 insuperabilibus
1453 1799 1485 1827 in
1511 1795 1620 1827 mundo
1657 1791 1899 1826 tribulationibus
1921 1796 2073 1833 impetitur

1182 1845 1216 1876 (5
1238 1844 1406 1877 trucidatus
1426 1869 1433 1876 .
1472 1845 1536 1878 Hae
1561 1843 1792 1878 tribulationes
1809 1844 1941 1877 fuerunt
1960 1842 2073 1883 iniqua

1182 1895 1487 1929 excommunicatio
1499 1919 1510 1934 ,
1537 1905 1601 1937 qua
1615 1892 1789 1938 postmod6
1798 1893 1973 1928 Sevvalum
1988 1890 2075 1925 Ebo-

1182 1945 1346 1978 racensem
1371 1943 1697 1988 Archi‘Episcopum
1721 1969 1733 1985 ,
1759 1943 1941 1978 inconditis
1961 1943 2075 1976 Eccle-

1181 1993 1383 2029 fiasticorum
1411 1995 1649 2029 beneficiorum
1675 1992 1946 2029 reservationibus
1967 1991 2075 2025 adver-

1181 2046 1304 2079 santem
1319 2069 1329 2085 ,
1358 2044 1550 2079 Alexander
1569 2046 1628 2080 IV.
1657 2043 1814 2078 Pontifex
1836 2041 1985 2085 percussit
2001 2065 2012 2080 ‚
2040 2041 2074 2074 δε

1182 2095 1324 2137 permisit
1345 2096 1380 2128 in
1402 2096 1468 2138 ipsa
1492 2096 1594 2128 mori.
1622 2095 1669 2126 Ita
1684 2090 2001 2126 testaturMatthaeus
2014 2090 2073 2124 Pa—

1181 2145 1312 2178 rifienfis
1330 2169 1337 2177 .
1364 2146 1408 2178 Et
1430 2144 1520 2177 addit
1544 2142 1716 2175 Sevvalum
1742 2142 1776 2175 in
1799 2142 2008 2175 mortislesto
2021 2153 2074 2173 co·

1181 2194 1315 2226 ruscaffe
1338 2193 1504 2226 miraculis
1528 2217 1535 2224 .
1574 2192 1751 2238 Qidquid
1774 2192 1809 2226 sit
1834 2216 1845 2231 ‚
1874 2191 2073 2225 venerabiles

1180 2242 1340 2285 quosdam
1364 2241 1591 2285 Episcopos&
1612 2240 1823 2281 Monachos,
1854 2253 1938 2284 quos
1960 2242 2073 2285 inique

1179 2292 1392 2325 damnaverat
1416 2290 1631 2334 Theophilus
1646 2291 1857 2325 Alexandriae
1872 2291 2071 2330 Patriarcha,

1179 2340 1344 2373 miraculis
1372 2341 1443 2383 post
1466 2352 1607 2375 mortem
1620 2342 1794 2375 coruscasse
1807 2343 1944 2376 affirmat
1959 2343 1991 2375 in
2004 2343 2071 2376 dia-

1179 2389 1259 2434 logo
1272 2415 1283 2430 ,
1309 2401 1407 2433 quem
1428 2390 1470 2424 de
1486 2390 1577 2424 Astis
1596 2392 1699 2425 Sansti
1714 2392 1850 2434 Joannis
1874 2391 2072 2434 Chrysoflo·

1179 2440 1226 2472 mi
1239 2439 1353 2474 habuit
1366 2451 1440 2474 cum
1453 2440 1641 2475 Theodoro
1658 2442 1818 2475 Romanae
1830 2442 1975 2476 Ecclefiae
1990 2443 2071 2477 Dia-

1179 2501 1289 2530 cono,
1317 2490 1485 2525 Palladius
1502 2491 1679 2535 Episcopus
1692 2491 2011 2536 Helenopolitanus.
2026 2493 2070 2525 Et

1178 2540 1264 2574 certe
1288 2540 1400 2582 iniqua
1421 2541 1592 2576 damnatio
1614 2542 1659 2576 est
1682 2542 1786 2576 telum
1812 2541 1895 2576 adeo
1916 2542 2068 2582 crudele,

1178 2599 1212 2623 ut
1236 2601 1372 2635 magnas
1395 2592 1495 2626 etiam
1522 2593 1649 2626 animas
1676 2602 1741 2625 non
1770 2591 2070 2626 solummoddcon—

2090 1476 2206 1512 Εηκό.

2094 2098 2179 2125 Auno

2098 2142 2178 2172 1:58.

1178 2642 1281 2675 cutiat
1292 2667 1302 2682 ,
1318 2642 1370 2675 sed
1383 2642 1580 2685 quandoque
1594 2644 1767 2685 praecipitet
1784 2643 1815 2675 in
1831 2643 1963 2686 lapsum.
1981 2643 2068 2689 Quis

1177 2692 1267 2724 enim
1287 2691 1406 2726 nesciat
1435 2691 1639 2727 Thalassium
1667 2693 1902 2726 Caesaraeensem
1937 2692 2069 2735 Episco-

1182 2753 1284 2784 pum,
1314 2741 1422 2784 primae
1444 2743 1658 2786 Cappadociae
1681 2743 1934 2785 Metropolitam
1955 2766 1965 2781 ,
2006 2752 2066 2774 nec

1182 2802 1251 2825 non
1273 2792 1375 2826 totius
1400 2792 1549 2827 Ponticae
1574 2793 1763 2826 Dioeceseos
1785 2791 1968 2824 Primatem
1990 2815 2001 2830 ,
2027 2802 2065 2825 ac

1180 2840 1260 2874 alios
1285 2841 1390 2884 plures
1413 2843 1468 2885 ipfi
1496 2842 1611 2877 similes
1625 2840 1806 2875 orientalis
1829 2841 1978 2874 Ecclefiae
1992 2840 2067 2883 Epi-

1180 2891 1293 2934 scopos
1303 2891 1396 2924 fuisse
1409 2893 1547 2936 grandes
1559 2893 1706 2926 animas?
1736 2891 1778 2923 Et
1789 2901 1898 2925 tamen
1920 2891 1954 2923 in
1967 2889 2066 2924 Chal-

1179 2942 1353 2975 cedonenfi
1379 2941 1514 2983 Synodo
1537 2943 1643 2987 rogati
1668 2966 1679 2980 ,
1714 2952 1771 2974 cur
1795 2940 1958 2975 Dioscoro
1981 2940 2065 2975 Alo-

1179 2991 1344 3026 xandrino
1381 2990 1572 3026 Patriarchae
1608 2991 1648 3025 ad
1690 2991 1841 3038 Sanctum
1868 2992 2063 3025 Flavianum

1181 3042 1592 3086 Constantinopolitanum
1616 3041 1813 3084 Episcopum
1836 3042 1870 3074 in
1896 3040 2063 3085 Ephelino

1178 3093 1373 3126 Latrocinio
1393 3092 1617 3127 damnandum
1640 3090 1879 3125 succubuissent
1902 3116 1912 3131 ,
1938 3090 2062 3136 glorio-

1177 3143 1298 3177 fiffimis
1325 3142 1494 3186 Judicibus
1514 3142 1742 3185 responderunt
1755 3156 1766 3175 .·
1794 3140 1997 3184 Unusquisque
2011 3153 2200 3186 are-,Affione

1176 3193 1296 3227 rebatur
1309 3218 1319 3233 ,
1346 3203 1381 3225 ne
1403 3202 1436 3226 ut
1458 3193 1614 3226 baereticus
1635 3192 1766 3233 deJeHus
1773 3193 1913 3234 perderet
1925 3203 1997 3233 quos
2009 3190 2061 3224 ba·
2082 3206 2104 3224 ι.

1171 3249 1350 3286 ptizaverat
1370 3268 1377 3275 .
1417 3247 1457 3276 Et
1479 3255 1536 3276 non
1553 3241 1645 3285 solum
1666 3243 1692 3276 ei
1715 3250 1780 3276 erat
1799 3243 1955 3284 periculum
1969 3266 1979 3281 ,
2003 3241 2061 3284 sed

1176 3295 1360 3337 baptizatis,
1387 3295 1420 3327 (θ’
1440 3292 1487 3325 his
1499 3298 1593 3335 quiin
1606 3292 1719 3333 cbristo
1738 3293 1942 3325 crediderant.
1969 3293 2060 3334 ,Quid

1174 3347 1290 3388 effemus
1303 3343 1453 3386 fac‘lurt?
1477 3348 1514 3377 In
1530 3342 1674 3387 sanguine
1692 3344 1780 3381 nostro
1792 3343 1957 3377 ludebant.
1988 3346 2054 3373 Una

1636 3393 1668 3426 G
1720 3404 1742 3428 2
1941 3401 2008 3425 voce
