2346 3724
739 148 1331 191 Cael-tls
1436 145 1558 190 XL.
1897 163 1988 208 315

1161 224 1275 267 haerefis
1288 250 1298 266 ,
1318 219 1376 268 sed
1396 226 1555 258 materiam
1573 224 1672 268 ipsam
1687 228 1788 268 potins
1808 228 1924 272 haerefis
1941 231 2040 273 secia

1160 272 1496 362 ffifiiflffgiahae‘efis
1506 274 1543 311 in
1552 272 1708 312 humanis
1719 278 1883 316 mentibus
1893 282 1971 319 facit
1990 283 2049 329 spi-

79 233 153 270 CaP·
165 238 209 268 ²3·
222 232 354 264 Materia
371 240 429 263 non
443 230 534 271 plan?
543 226 644 271 estfine
660 228 763 273 eausa.
790 233 877 262 Nam
898 226 953 268 etfi
968 227 1099 260 mundus

224 292 283 315 non
292 279 437 321 estfaAE'us
447 290 483 313 ex
497 280 550 312 illa
563 304 574 321 ‚
595 278 652 323 sed
662 278 776 321 haeresir
782 279 873 322 fadlae
885 276 923 317 est
932 299 943 316 ,
969 279 1004 310 (9¹
1027 282 1099 319 qut·-

225 332 294 365 dem
302 328 353 364 boc
362 331 560 373 impudentior
569 356 580 373 ,
606 332 686 374 quod
695 341 757 365 non
764 341 802 364 ex
811 333 939 363 materia
951 325 1044 368 fa'Hae
1059 326 1098 366 est

477 597 1806 688 CAPUT-XLI.

322 804 561 935 Qdm
615 848 812 900 vana
869 826 952 899 <²90
1009 814 1408 925 irregularis
1456 814 1967 900 Haereticorum

941 927 1288 1039 disciplina
1326 940 1341 1013 ἔ

467 1152 547 1200 On
581 1147 789 1200 omittam
823 1144 954 1216 ipfius
988 1146 1125 1196 etiam
1172 1145 1514 1198 conversationis
1563 1148 1772 1198 haereticae
1806 1147 2065 1218 descriptio„

502 1236 604 1269 nem
628 1256 642 1281 ,
678 1217 814 1286 quam
850 1218 986 1267 futilis
1014 1254 1028 1279 ,
1065 1214 1201 1284 quam
1238 1232 1410 1268 terrena
1436 1255 1451 1279 ,
1485 1215 1621 1284 quam
1657 1219 1846 1268 humana
1881 1219 1933 1266 fit
1961 1239 1976 1277 3
2010 1218 2067 1267 fi-

503 1308 558 1340 ne
592 1292 807 1354 gravitate
833 1323 848 1349 ‚
881 1288 970 1338 fine
1002 1289 1263 1338 austeritate
1288 1325 1302 1350 ,
1337 1288 1424 1338 fine
1457 1286 1722 1356 disciplina3
1758 1305 1807 1338 ut
1844 1287 1947 1338 fidei
1981 1286 2065 1337 suae

504 1377 747 1424 congruens
775 1395 789 1409 .
825 1363 878 1408 In
910 1359 1063 1427 primis
1097 1360 1198 1425 quis
1233 1361 1616 1418 catechumenus,
1652 1362 1752 1424 quis
1780 1357 1921 1407 fidelis
1948 1395 1963 1418 ‚
2001 1360 2069 1410 in<-

230 1444 403 1478 certum
439 1429 537 1480 est:
577 1432 743 1480 Pariter
778 1427 939 1479 adeunt
961 1465 974 1489 ,
1014 1430 1177 1497 pariter
1211 1428 1396 1478 audiunt
1427 1466 1441 1490 2
1471 1430 1636 1498 pariter
1670 1444 1798 1478 orant
1826 1463 1839 1475 .
1876 1430 2071 1477 Etiam-2

228 1496 411 1547 Ethnici
447 1499 479 1548 fi
515 1499 837 1568 supervenerint
861 1534 876 1548 .
913 1504 1115 1548 Sanctum
1150 1499 1330 1548 canibus
1354 1535 1368 1561 ‚
1403 1504 1448 1549 &
1483 1500 1628 1566 porcis
1663 1500 1918 1561 margaritas
1967 1534 1981 1559 ‚
2015 1498 2073 1546 li-

227 1583 301 1617 cet
335 1586 424 1618 non
458 1586 581 1620 veras
618 1607 632 1632 ‚
679 1569 900 1636 jatitabunt
939 1606 952 1618 .
1002 1571 1340 1638 Simplicitatem
1374 1570 1533 1619 volunt
1576 1566 1657 1618 esse
1691 1568 2074 1637 prostrationem-2

228 1636 468 1706 disciplinae
490 1675 504 1700 ,
539 1644 660 1705 cujus
696 1657 828 1708 penes
863 1656 943 1689 nos
978 1656 1127 1688 curam
1157 1676 1172 1701 ‚
1207 1641 1472 1689 lenocinium
1508 1653 1672 1689 vocant
1698 1674 1710 1687 .
1762 1643 1923 1689 Pacem
1958 1655 2071 1705 quo-

227 1726 318 1775 que
352 1708 501 1776 paffim
536 1729 637 1760 cum
672 1710 883 1760 omnibus
918 1708 1106 1760 miscent
1132 1746 1150 1758 .
1201 1710 1335 1759 Nihil
1369 1709 1543 1759 interest
1576 1710 1664 1757 illis
1701 1746 1714 1769 ‚
1763 1711 1867 1758 licet
1902 1706 2072 1758 diversa.

227 1778 515 1829 tracitantibus
537 1817 550 1842 ‚
588 1779 694 1829 dum
729 1778 786 1830 ad
822 1782 947 1830 unius
983 1780 1182 1830 veritatis
1217 1781 1583 1847 expugnationem
1619 1778 1869 1845 conspirent
1894 1814 1907 1825 .
1960 1782 2074 1826 Om-

228 1865 310 1898 nes
361 1863 532 1898 tument
554 1885 568 1910 ‚
617 1867 768 1898 omnes
819 1849 1046 1899 scientiam
1082 1849 1345 1915 pollicentur
1371 1884 1384 1897 .
1434 1846 1557 1900 Ante
1591 1845 1688 1896 sunt
1731 1847 1915 1914 perfeffi
1950 1863 2073 1897 cate-

227 1918 432 1966 chumeni
453 1955 467 1979 ,
503 1917 639 1986 quam
674 1918 817 1968 edoffl
841 1955 853 1966 .
890 1917 995 1985 Ipsae
1030 1920 1234 1969 mulieres
1270 1919 1484 1968 haereticae
1518 1915 1655 1983 quam
1689 1918 1922 1984 procaces!
1963 1923 2073 1986 Qae

223 1986 422 2038 audeant
456 1987 617 2037 docere
643 2022 656 2045 ‚
690 1986 996 2046 contendere,
1033 1986 1294 2036 exorcismos
1328 2003 1459 2050 agere
1495 2022 1509 2045 ,
1557 1989 1804 2037 curationes
1839 1990 2073 2055 repromit-

229 2073 321 2105 tere
348 2092 362 2115 ‚
398 2055 577 2105 forsitan
611 2059 655 2104 δε
690 2058 860 2118 tingere
887 2091 900 2103 .
938 2052 1255 2106 Ordinationes
1289 2074 1439 2106 eorum
1475 2058 1711 2106 temerariae
1746 2094 1760 2117 ‚
1809 2058 1929 2108 leves
1951 2094 1965 2119 ‚
2004 2059 2073 2106 ina

229 2125 482 2174 constantes
506 2161 519 2173 .
555 2127 690 2174 Nunc
718 2126 988 2194 Neophytos
1015 2126 1250 2176 conlocant
1273 2163 1286 2188 ,
1323 2144 1439 2176 nunc
1473 2124 1627 2177 saeculo
1656 2126 1880 2178 obstrietos
1901 2164 1915 2188 ,
1953 2144 2072 2177 nunc

229 2196 448 2263 apostatas
485 2194 650 2245 nostros
681 2232 694 2256 ‚
742 2212 791 2245 ut
827 2196 965 2259 gloria
998 2214 1073 2246 eos
1109 2196 1308 2260 obligent
1332 2234 1346 2258 ‚
1380 2198 1488 2264 quia
1522 2199 1712 2248 veritate
1746 2216 1836 2248 non
1871 2196 2070 2267 possunt.

229 2264 464 2334 Nusquam
500 2265 670 2315 facilius
705 2265 935 2333 proficitur
966 2303 980 2327 ‚
1013 2264 1149 2334 quam
1185 2269 1232 2316 in
1270 2268 1418 2317 castris
1451 2266 1682 2317 rebellium
1713 2305 1726 2331 ,
1776 2268 1851 2319 ubi
1886 2267 2072 2336 ipsum...

229 2337 325 2385 illic
359 2333 440 2385 esse
464 2371 478 2396 ‚
514 2338 750 2404 promereri
784 2336 845 2386 est
888 2374 901 2385 .
950 2341 1106 2404 Itaque
1140 2338 1250 2386 alius
1287 2336 1419 2387 hodie
1456 2336 1697 2406 Episcopus
1730 2375 1744 2400 ,
1795 2355 1891 2389 cras
1927 2340 2067 2388 alius.

231 2404 382 2456 Hodie
418 2408 644 2456 Diaconus
674 2442 687 2465 ‚
722 2408 802 2473 qui
837 2424 932 2455 cras
969 2410 1121 2456 Lestor
1145 2442 1158 2455 .
1214 2406 1360 2457 Hodie
1396 2408 1635 2476 Presbyter
1661 2445 1674 2471 ,
1723 2412 1803 2476 qui
1836 2425 1930 2459 cras
1966 2410 2068 2472 Lais

231 2493 311 2526 cus
341 2511 356 2525 .
393 2479 515 2526 Nam
550 2481 594 2528 &
630 2478 775 2526 Laicis
809 2474 1101 2528 Sacerdotalia
1137 2494 1317 2527 munera
1351 2480 1609 2544 injungunt.

420 2628 450 2674 S
485 2642 514 2673 c
549 2645 581 2675 Η
615 2644 648 2675 0
682 2644 707 2675 L
739 2643 758 2676 Ι
792 2645 825 2676 0
860 2647 889 2677 N
915 2660 930 2677 ο
1178 2627 1373 2672 Pompe-jum
1393 2628 1574 2664 Consulem
1588 2633 1702 2674 Legum
1715 2630 1840 2674 suarum
1864 2630 2068 2666 &authorem

1178 2678 1269 2713 fuiffe
1293 2677 1543 2723 &subversorem
1557 2706 1564 2713 .
1592 2681 1636 2714 Et
1649 2681 1690 2714 de
1700 2682 1804 2724 seipso
1819 2681 1966 2715 Consule
1978 2682 2066 2715 dixit

1179 2730 1210 2762 in
1223 2729 1388 2763 Oratione
1399 2742 1458 2772 pro
1469 2729 1628 2764 Cornelio
1641 2729 1746 2764 Balbo
1757 2730 1892 2762 Marcus
1906 2730 2066 2763 Tullius:
2082 2731 2210 2770 Cap.2o.

478 2770 565 2814 Sine
600 2764 839 2816 Authorz'tate
859 2803 874 2816 .
1178 2783 1292 2812 Harum
1313 2789 1364 2823 ego
1380 2777 1600 2821 sententiarum
1620 2784 1763 2820 princeps
1798 2779 1834 2811 Θ
1860 2778 1966 2812 author
1990 2778 2060 2821 fui.

1179 2829 1323 2862 Romani
1348 2827 1536 2870 Consules,
1561 2826 1708 2872 adeoque
1732 2829 1766 2862 &
1788 2827 1930 2873 Augusti
1952 2829 2063 2873 poste&

1178 2878 1365 2922 Principes,
1389 2878 1557 2923 duplicem
1577 2879 1613 2912 in
1631 2879 1752 2913 Senatu
1774 2877 1957 2914 habuerunt
1970 2889 2063 2923 pote-

245 2955 250 2959 .
316 2927 349 2962 X
369 2925 527 2962 Romano
551 2926 620 2970 jure
644 2928 817 2973 desumpta
849 2926 896 2963 est
933 2927 1001 2963 haec
1029 2938 1114 2969 vox,
1176 2929 1310 2963 statem:
1336 2928 1393 2972 Jus
1414 2928 1585 2964 relationis
1608 2953 1619 2969 ‚
1643 2929 1679 2962 δε
1704 2928 1800 2972 primi
1821 2928 1871 2972 jus
1893 2930 2062 2975 suffragii,

339 2977 471 3022 ejusque
485 2977 550 3011 vim
561 2977 664 3012 disces
674 2990 716 3013 ex
738 2979 826 3013 hisce
838 2978 989 3013 Cornelii
1001 2977 1117 3013 Taciti
1176 2980 1229 3014 cui
1241 2978 1348 3013 nullus
1360 2978 1427 3013 fine
1448 2978 1550 3013 firmis
1566 2977 1785 3013 fundamentis
1804 2979 1955 3024 refragari
1969 2990 2064 3024 pote-

87 3039 150 3074 υἱ),
174 3051 218 3078 ¹5,
235 3027 340 3063 verbis
360 3027 395 3061 in
418 3026 507 3061 libris
531 3027 738 3062 Annalium.-
763 3032 876 3072 Magno
899 3026 1025 3072 adsensu
1044 3029 1114 3063 cele·
1176 3041 1223 3064 rat
1245 3054 1256 3070 ,
1284 3029 1425 3072 ideoque
1449 3028 1556 3072 ipsum
1578 3028 1754 3072 Septimius
1779 3027 1887 3063 noster
1913 3030 1947 3062 in
1973 3028 2060 3063 libro

88 3091 153 3121 cap·
172 3090 188 3119 3
196 3085 223 3112 8.
234 3077 332 3112 brata
344 3079 437 3112 Paetit
446 3076 748 3121 Thrazeaesentemia
760 3096 771 3118 ,⁴
794 3089 852 3112 non
863 3087 966 3113 tamen
975 3081 1116 3112 Senatus·
1178 3078 1401 3124 Apologetico
1412 3080 1554 3123 appellat
1568 3078 1708 3123 Suffragii
1720 3082 1968 3124 Praerogativam.
1997 3079 2062 3113 Ni-

237 3126 408 3172 consultum
413 3126 483 3171 fier!
490 3133 611 3171 potuit,
637 3127 678 3161 ab
693 3128 860 3162 ineuntibus
881 3127 1060 3171 Consulibus
1076 3140 1114 3162 ea
1176 3128 1222 3163 hil
1233 3129 1252 3163 ὲ
1263 3130 1381 3164 Senatu
1391 3129 1501 3164 decidi
1515 3138 1640 3172 poterat
1652 3154 1663 3170 ,
1688 3129 1747 3162 nifi
1759 3128 1800 3164 ab
1825 3130 1900 3174 ipfis
1919 3130 2059 3164 relatum

236 3178 274 3209 de
294 3189 328 3212 re
347 3177 494 3212 relatum.
521 3178 594 3211 Mox
622 3176 748 3212 authore
769 3180 911 3221 Principe
927 3177 1113 3221 sanxerunt.
1176 3181 1228 3214 seu
1250 3179 1471 3224 propofitum,
1494 3179 1531 3213 &
1551 3179 1659 3223 primo
1679 3180 1758 3214 efl‘et
1777 3180 1953 3224 principali
1975 3179 2060 3223 ipso-

110 3239 173 3271 ἰὼ,
191 3248 218 3277 3,
236 3226 326 3260 Etin
338 3228 404 3263 alio
414 3227 557 3272 ejusdem
570 3228 676 3272 operis
686 3227 792 3263 libro.-
816 3227 969 3271 confidius
977 3231 1114 3271 AEqum,
1166 3241 1248 3276 ,rum
1268 3229 1421 3274 suffragio
1440 3227 1628 3273 probatum.
1662 3229 1706 3264 Et
1716 3240 1787 3273 quae
1806 3230 1850 3263 ita
1863 3229 2058 3263 decideban·
2100 3227 2103 3231 ’

101 3289 166 3319 cap.
173 3289 220 3318 37.
233 3277 392 3311 &Catius
402 3278 512 3322 Curfirr
524 3303 535 3318 ,
559 3281 689 3321 Equites
708 3280 858 3318 Romani,
884 3277 1005 3311 authore
1027 3274 1115 3312 Prin-
1178 3290 1252 3321 tur,
1277 3279 1400 3314 fiebant
1412 3280 1484 3323 ipsis
1494 3278 1684 3314 authoribus
1699 3303 1712 3320 ,
1736 3280 1788 3312 seu
1802 3290 1841 3312 ex
1853 3279 1994 3322 ipsorum
2005 3290 2059 3312 au-

233 3330 299 3368 ‹Ipe
322 3328 488 3365 &Decreta
505 3331 634 3365 senatus
653 3333 773 3373 puniti.
799 3327 929 3364 Eodem
948 3328 1039 3365 sensu
1064 3328 1110 3364 ait
1175 3326 1348 3365 thoi-itate.
1374 3329 1424 3365 lta
1438 3331 1526 3365 suam
1538 3329 1720 3366 Vincentio
1739 3329 1923 3373 Galliarum
1945 3329 2061 3363 Praefe-

1956 3381 2013 3424 {io
