2346 3724
735 246 777 294 C
846 259 875 291 Α
943 257 966 290 ι’
1030 254 1049 287 1
1118 253 1143 287 τ
1213 255 1231 288 1
1302 253 1320 283 s
1434 237 1662 287 XXII.
1949 258 2046 299 209

628 398 1262 490 CAPUT
1387 399 1763 486 XXII.

472 588 802 703 <Apostoli
833 587 1025 701 plene*
1066 587 1142 669 de
1196 587 1497 670 omnihus
1551 597 1595 670 ὰ
1635 586 1919 671 Chrislo

1021 700 1327 785 infirmi
1343 766 1365 785 .

443 887 511 941 Ed
545 891 755 958 quoniam
789 903 882 940 tam
916 886 1120 957 expedita
1155 886 1361 955 probatio
1396 886 1457 938 est
1491 923 1505 944 ,
1554 901 1604 937 ut
1652 887 1683 938 fi
1734 886 1878 936 statim
1915 883 2105 955 profera-

477 976 581 1022 tur,
635 960 746 1011 nihil
779 964 868 1026 jam
902 957 954 1007 sit
989 956 1304 1009 retraetandum
1344 995 1358 1021 ‚
1391 975 1447 1010 ac
1484 957 1514 1006 si
1549 959 1718 1025 prolata
1756 974 1843 1008 non
1879 955 1930 1005 fit
1965 955 1990 1005 a
2027 973 2106 1005 no-

321 1085 323 1087 r
384 1037 386 1039 ’
476 1032 542 1080 bis
564 1067 578 1091 ‚
616 1032 761 1080 locum
798 1029 975 1079 interim
1009 1026 1160 1078 demus
1210 1027 1387 1079 diversae
1421 1025 1578 1098 parti,
1627 1028 1657 1078 fi
1692 1027 1802 1094 quid
1854 1043 2013 1096 putant
2047 1025 2105 1077 ad

474 1098 774 1150 infirmandam
811 1097 923 1149 hanc
958 1095 1322 1166 praescriptionem
1359 1116 1536 1150 movere
1571 1096 1614 1146 se
1653 1096 1767 1166 posse
1796 1135 1809 1145 .
1853 1098 2004 1148 Solent
2039 1096 2107 1144 di-

275 1186 410 1231 cere,
447 1173 556 1220 Non
591 1171 737 1220 omnia
771 1167 1002 1239 Apostolos
1037 1165 1152 1218 scisse
1178 1204 1191 1230 ‚
1242 1167 1396 1218 eadem
1436 1169 1594 1230 agitati
1628 1165 1855 1217 dementia
1891 1183 1980 1232 qua
2015 1184 2106 1214 rur-

275 1239 348 1290 sus
383 1256 643 1292 convertunt
674 1260 686 1292 z
722 1240 887 1291 Omnia
922 1237 1100 1307 quidem
1129 1239 1364 1307 Apostolos
1399 1235 1514 1288 scisse
1541 1273 1554 1297 ,
1589 1234 1664 1289 sed
1700 1254 1789 1286 non
1822 1238 1972 1287 omnia
2008 1254 2108 1287 om-

275 1308 401 1359 nibus
437 1309 656 1361 tradidisse
684 1331 698 1368 3
747 1311 792 1360 in
827 1323 1017 1378 utroque
1054 1309 1276 1360 Christum
1315 1307 1633 1378 reprehensioni
1669 1306 1947 1372 subjicientes
1975 1343 1988 1367 ‚
2025 1307 2106 1373 qui

273 1394 349 1429 aut
386 1380 531 1432 minus
569 1380 791 1432 instructos
817 1415 831 1440 ‚
866 1394 941 1428 aut
978 1377 1130 1448 parum
1167 1377 1384 1446 simplices
1420 1377 1656 1444 Apostolos
1708 1376 1871 1428 miserit
1906 1413 1919 1424 .
1993 1379 2104 1444 Qis

273 1450 407 1510 igitur
441 1453 619 1512 integrae
654 1451 813 1499 mentis
850 1447 1024 1505 credere
1060 1448 1201 1515 potest
1234 1446 1403 1518 aliquid
1439 1463 1514 1498 eos
1547 1444 1755 1509 ignorasse
1795 1483 1808 1507 ,
1859 1463 1971 1513 quos
2007 1453 2106 1499 Ma-

270 1517 425 1581 gistros
460 1521 678 1569 Dominus
712 1517 837 1568 dedit
858 1553 874 1578 ,
910 1517 1159 1568 individuos
1209 1518 1372 1568 habens
1419 1520 1466 1566 in
1504 1520 1718 1578 comitatu
1743 1553 1756 1576 ,
1794 1520 1839 1567 in
1875 1514 2105 1586 discipula-

270 1604 320 1639 tu
346 1626 360 1651 ‚
395 1592 441 1640 in
476 1591 716 1650 εοηνὶἃυς
753 1586 912 1657 quibus
945 1586 1129 1639 obscura
1162 1604 1348 1658 quaeque
1383 1585 1552 1637 seorfim
1588 1583 1815 1637 disserebat
1850 1623 1864 1648 ‚
1914 1586 2001 1637 illis
2036 1586 2106 1638 di-

269 1677 373 1710 cens
407 1659 559 1709 datum
593 1658 675 1710 esse
710 1656 973 1721 cognoscere
1010 1674 1165 1709 arcana
1189 1693 1202 1716 ,
1253 1675 1348 1726 quae
1395 1658 1564 1724 populo
1600 1658 1841 1720 intelligere
1877 1674 1965 1706 non
1999 1657 2105 1709 lice-

269 1726 386 1780 ret?
436 1732 585 1781 Latuit
621 1729 792 1798 aliquid
829 1732 1006 1779 Petrum
1029 1766 1044 1792 ‚
1091 1726 1351 1777 aedificandae
1387 1727 1586 1777 Ecclefiae
1637 1732 1810 1776 Petram
1858 1726 2065 1776 dietum...
2091 1763 2106 1787 ,

268 1801 413 1850 claves
449 1803 570 1863 regni
605 1802 814 1849 coelorum
850 1797 1128 1849 consecutum
1158 1835 1171 1860 ,
1206 1802 1250 1850 &
1284 1795 1479 1850 solvendi
1511 1833 1525 1860 ‚
1577 1801 1620 1847 &
1656 1796 1864 1862 alligandi
1902 1800 1948 1845 in
1982 1798 2106 1849 coelis

267 1875 311 1920 &
348 1871 392 1918 in
428 1873 550 1921 terris
586 1869 843 1938 potestatem
874 1866 895 1918 ?
943 1870 1093 1920 Latuit
1143 1873 1188 1920 &
1212 1874 1436 1937 Joannem
1470 1865 1644 1934 aliquid
1677 1904 1691 1931 ‚
1744 1867 2107 1921 dileffitissimum...

269 1941 467 1990 Domino
492 1976 505 1999 ,
541 1942 704 2009 pectori
740 1943 829 2005 ejus
864 1938 1146 1992 incubantem
1177 1976 1191 2000 ,
1246 1940 1319 1988 cui
1353 1937 1433 1990 soli
1469 1940 1690 1990 Dominus
1714 1937 1883 2004 Judarn
1917 1938 2106 1990 tradito-

267 2029 357 2059 rem
392 2009 733 2076 praemons‘cravit
758 2044 771 2070 ‚
806 2026 943 2077 quem
979 2009 1080 2059 loco
1113 2007 1189 2060 suo
1225 2010 1383 2059 Filium
1417 2010 1568 2061 Mariae
1602 2007 1884 2060 demandavit
1917 2005 1938 2055 ?.
1982 2008 2106 2080 Qid

267 2095 343 2128 eos
377 2076 587 2141 ignorasse
622 2079 764 2129 voluit
797 2114 812 2139 ,
855 2077 1016 2147 quibus
1050 2080 1184 2130 etiam
1219 2080 1404 2143 gloriam
1440 2078 1559 2129 suam
1594 2078 1795 2129 exhibuit
1819 2115 1834 2141 ‚
1889 2081 1934 2128 δι
1969 2083 2104 2150 Moy.-

266 2147 337 2198 sen
374 2153 416 2199 &
452 2149 654 2210 Heliam,
703 2153 746 2199 &
781 2146 949 2219 insuper
985 2147 1040 2201 de
1076 2150 1190 2201 coelo
1227 2152 1367 2199 Patris
1403 2165 1558 2199 vocem
1589 2148 1608 2198 Ξ
1658 2151 1770 2199 Non
1819 2148 1940 2218 quasi
1975 2164 2102 2203 caete-

264 2236 334 2269 ros
370 2218 604 2287 reprobans
630 2256 643 2279 ,
692 2216 762 2267 sed
797 2221 1005 2284 quoniam
1042 2221 1088 2269 in
1124 2218 1264 2268 tribus
1300 2218 1480 2269 testibus
1515 2217 1645 2272 stabit
1678 2236 1810 2273 omne
1843 2219 2098 2273 verbum.

264 2293 577 2351 Ignoraverunt
624 2290 775 2354 itaque
808 2293 851 2338 δε
886 2290 952 2339 illi
986 2324 999 2347 ,
1052 2288 1212 2354 quibus
1262 2289 1358 2355 post
1392 2288 1768 2348 Resurrefflonem
1801 2310 1981 2363 quoque
2012 2296 2098 2344 in...

262 2360 420 2408 itinere
468 2375 621 2408 omnes
669 2360 911 2423 Scripturas
944 2355 1170 2408 edisserere
1216 2356 1420 2420 dignatus
1467 2359 1530 2412 est
1552 2396 1566 2411 .
1617 2365 1802 2413 Dixerat
1849 2363 1980 2433 plan&
2016 2365 2096 2414 ali-

261 2426 440 2495 quando
465 2447 477 2476 ε
515 2424 658 2475 Multa
692 2423 805 2474 habeo
839 2424 962 2475 adhuc
996 2427 1105 2474 vobis
1138 2425 1239 2491 loqui
1280 2464 1293 2488 ,
1331 2425 1406 2494 fid
1437 2447 1507 2479 non
1535 2431 1688 2500 potestis
1722 2430 1828 2481 modb
1861 2455 1905 2482 ea
1928 2433 2094 2501 fisfline-

261 2516 300 2545 re
325 2534 338 2546 .
376 2498 544 2547 Tamen
580 2494 787 2561 adjiciens
814 2516 826 2545 :
862 2495 962 2544 Ct'aem
996 2500 1138 2546 venerit
1173 2495 1235 2544 ille
1270 2503 1432 2563 Spiritus
1465 2505 1640 2550 veritatis
1673 2537 1687 2562 ‚
1728 2502 1805 2571 ipfi²
1838 2526 1908 2552 vos
1943 2504 2092 2554 deducet

263 2572 301 2615 in
335 2587 475 2616 omnem
511 2572 711 2615 veritatem
740 2586 751 2616 :
798 2565 1003 2617 Ostendit
1040 2566 1140 2617 illos
1174 2567 1284 2615 nihil
1319 2567 1528 2630 ignorasse
1551 2607 1565 2631 ,
1612 2589 1729 2639 quos
1763 2591 1939 2624 omnem
1975 2579 2090 2627 veri-

265 2651 402 2685 tatem
438 2636 736 2687 consecuturos
782 2654 858 2707 per
908 2638 1116 2706 Spiritum
1175 2639 1372 2688 veritatis
1407 2640 1707 2708 repromiserat
1732 2679 1745 2692 .
1796 2648 1854 2704 Et
1902 2649 2090 2713 utique*a

264 2707 466 2773 implevit
515 2706 833 2774 Repromissum
873 2745 886 2769 ‚
934 2706 1218 2775 probantibus
1267 2711 1388 2759 Attis
1439 2711 1749 2779 Apostolorum
1798 2713 2088 2764 descensum-⁴

263 2778 445 2844 Spiritus
489 2780 628 2827 Sanffi
651 2814 664 2825 .
719 2783 863 2846 Qam
912 2779 1171 2845 Scripturam
1220 2780 1297 2844 qui
1350 2797 1438 2830 non
1474 2783 1690 2848 recipiunt
1713 2817 1726 2841 ,
1776 2800 1859 2830 nec
1898 2786 2084 2851 Spiritus

260 2849 401 2896 Sancti
437 2846 517 2898 esse
550 2847 718 2918 possunt
753 2884 767 2909 ,
814 2850 893 2915 qui
927 2846 1114 2899 necdum
1150 2850 1353 2916 Spiritum
1397 2849 1552 2918 possint
1587 2849 1843 2913 cognoscere
1878 2851 2084 2904 discenti-

259 2917 339 2966 bus
376 2915 541 2966 missum
580 2940 593 2977 3
642 2917 717 2968 sed
752 2936 831 2968 nec
878 2917 1112 2968 Ecclesiam
1147 2917 1375 2968 defendere
1411 2955 1423 2978 ‚
1461 2922 1540 2989 qui
1573 2919 1753 2987 quando
1784 2958 1796 2982 ‚
1846 2926 1889 2972 &
1923 2925 2084 2991 quibus

258 2987 534 3037 incunabulis
569 2988 810 3038 institutum
846 2990 909 3039 est
944 2990 1028 3038 hoc
1056 3006 1241 3058 corpus,
1280 2988 1461 3056 probare
1497 3006 1584 3046 non
1610 2989 1769 3041 habent
1796 3028 1809 3041 .
1842 2995 1984 3044 Tanti
2019 2997 2080 3046 est

258 3060 376 3107 enim
410 3058 509 3107 illos
545 3076 636 3107 non
673 3058 828 3108 habere
864 3059 1143 3127 probationes
1178 3077 1330 3109 eorum
1365 3077 1464 3126 quae
1497 3059 1739 3114 defendunt
1774 3099 1788 3124 ‚
1825 3079 1879 3113 ne
1915 3068 2079 3134 pariter

257 3128 547 3181 admittantur
581 3127 868 3179 traductiones
903 3147 1052 3179 corum
1087 3147 1184 3198 quae
1221 3132 1509 3181 mentiuntur.

1889 3476 2026 3511 SCHO·
