2346 3724
709 162 1122 206 CA⁴t²1r

234 243 334 278 nerici
348 240 584 277 Wandalorum
608 240 643 275 in
657 238 771 276 Africa
785 242 886 285 Regis
899 240 1039 276 Arianas
1055 251 1120 283 per-

234 294 415 329 secutiones
426 292 459 325 in
473 290 671 325 Catholicos
683 305 694 325 :
721 294 840 334 Nempe
865 299 938 326 tunc
958 291 1039 323 idem
1053 294 1120 324 Rex

235 346 395 378 Hunerieus
427 347 511 375 unius
523 340 671 375 Catholici
686 341 874 386 adolescentis
884 366 895 383 ‚
921 347 1019 374 vitam
1037 342 1058 373 ᾶ
1070 350 1123 373 na-

235 391 426 435 tivitatesua
435 391 494 432 line
500 391 560 425 ullo
569 390 699 435 sermone
709 394 843 427 ducentis
855 416 867 432 ,
891 393 1025 434 linguam
1042 399 1123 432 prae—

234 449 311 486 cepit
330 443 453 481 excidi,
478 442 612 485 idemque
637 453 735 476 mutus
758 467 769 484 ,
801 443 882 485 quod
905 440 966 483 fine
992 440 1123 474 humano

234 494 339 527 auditu
362 491 476 531 cbristo
486 493 609 526 credens
622 494 703 528 Fide
713 493 880 531 didicerat,
905 503 974 526 mox
991 489 1124 534 praecisa

228 542 285 587 fibi
296 544 397 586 lingua
405 542 516 576 locutus
526 542 566 581 est
576 565 586 581 ,
607 544 790 586 gloriamque
801 546 863 577 Deo
871 548 907 575 in
932 549 1033 584 primo
1044 547 1122 576 vocis

227 592 294 637 Juae
322 594 443 627 exordio
458 594 544 626 dedit
564 618 573 626 .
603 592 680 628 Post
701 594 841 628 excisam
866 593 1018 637 linguam
1044 603 1124 627 mox

232 643 333 687 coepit
344 643 437 685 loqui
451 668 462 678 ‚
490 643 534 677 Et
548 642 650 687 prima
662 642 731 686 ejus
744 653 810 677 vox
829 644 894 677 fuit
916 643 1059 677 invisum
1080 642 1125 676 A·

235 693 334 728 rianis
345 693 524 728 Canticum
539 706 547 726 :
575 695 678 727 Gloria
691 696 783 727 Patri
794 717 805 734 ,
833 695 868 729 ὑ·
879 695 959 729 Filio
974 718 986 735 ‚
1009 694 1044 727 ό*
1061 693 1127 735 spi-

236 743 450 779 rituiSanHo.
476 742 608 788 Nempe
627 755 761 779 omnem
775 741 998 779 Christianam
1007 741 1123 778 Fidem

235 794 302 827 fine
313 793 428 830 auditu
442 803 580 830 noverat
593 817 601 825 .
631 793 682 827 Ex
694 793 898 830 Charismate
909 818 918 829 ,
946 793 1060 828 Simile
1081 794 1128 828 fa·

236 843 373 879 tuiffimi
392 843 563 878 Morionis
586 842 757 886 Charisma
782 843 894 878 laudat
918 844 953 878 in
975 843 1066 879 libris
1087 843 1128 878 de

133 926 139 932 ,
239 903 448 938 peccatorum
459 892 584 927 meritis
604 903 642 927 ac
657 893 899 930 remiffionibus
913 896 1046 930 Sanctus
1059 893 1128 928 Au-

105 924 170 1006 {ss
181 937 227 999 ιζ’
237 943 390 989 gustinus
401 957 413 977 .·
439 943 576 987 ,Quidam
609 948 656 976 ita
664 945 806 979 excordes
817 943 908 988 sunt,
927 953 964 979 ut
973 950 1065 978 etiam
1075 949 1128 977 cir-

164 990 170 996 ”
222 990 304 1028 'rati
314 995 358 1028 ad
367 994 549 1028 movendum
566 990 659 1036 risum
680 993 842 1028 exhibeant
850 996 985 1028 cordatis
1004 995 1127 1027 delitias

232 1043 398 1088 fatuitatis
407 1069 418 1084 ,
447 1053 570 1087 quorum
581 1053 686 1077 nomen
709 1055 749 1078 ex
762 1047 866 1078 Graeco
878 1045 1054 1078 derivatum
1067 1045 1127 1077 Mo·

226 1098 340 1127 -riones
351 1094 463 1136 vulgus
474 1093 625 1135 appellat.
660 1094 779 1128 Talium
798 1102 903 1128 tamen
918 1095 1044 1136 quidam
1059 1094 1128 1136 fuit

243 1141 431 1183 christianus
443 1166 454 1183 ‚
482 1151 517 1177 ut
529 1143 594 1175 ciam
613 1142 680 1187 effet
701 1150 833 1178 omnium
856 1146 1040 1186 injuriarum
1057 1143 1128 1188 sua-

242 1205 311 1227 rum
333 1198 413 1226 mira
429 1191 580 1236 fatuitate
587 1194 813 1235 patientiffimus
831 1217 843 1234 ,
867 1196 1012 1238 injuriam
1025 1204 1128 1229 tamen

241 1242 355 1284 Christi
368 1249 498 1278 nominis
511 1267 522 1283 ,
541 1244 596 1277 vel
603 1240 675 1286 inse
693 1242 753 1288 ipso
764 1246 933 1288 religionis,
965 1256 1024 1287 qua
1037 1245 1129 1278 imbu-

200 1297 203 1299 ”
248 1303 300 1328 tus
312 1302 379 1328 erat
391 1317 402 1332 ,
420 1292 462 1336 fic
468 1293 555 1335 ferre
565 1303 624 1327 non
631 1295 721 1337 poffet
733 1318 744 1334 ,
769 1303 803 1328 ut
814 1292 1052 1337 blasphemantes
1061 1319 1072 1337 ,
1083 1301 1129 1329 vi·

245 1343 350 1377 delicet
371 1344 506 1377 cordatos
517 1366 527 1381 ,
555 1344 582 1376 ἃ-
601 1343 708 1384 quibus
727 1343 792 1377 baec
810 1367 820 1383 ‚
844 1353 881 1376 ut
893 1351 1127 1385 provocaretur,

245 1392 391 1427 audiebat
403 1416 414 1432 ,
441 1389 579 1434 inseHari
600 1391 753 1433 lapidibus
764 1404 823 1426 non
834 1391 996 1435 λείβει-η,
1022 1405 1074 1428 nec
1097 1401 1130 1428 in

244 1453 282 1476 ea
294 1440 383 1484 causa
396 1441 450 1476 vel
459 1443 588 1474 dominis
594 1449 749 1482 parceret.
779 1443 870 1475 Tales
894 1446 960 1486 ergo
977 1444 1131 1485 praedesti-

247 1495 319 1525 nari
330 1492 365 1525 ὁ*
384 1494 487 1523 vocari
501 1490 631 1522 arbitror
642 1512 653 1529 ,
676 1498 712 1523 ut
733 1497 785 1533 qui
798 1491 933 1534 poffunt,
960 1494 1131 1538 intelligant

244 1544 307 1575 Det
324 1544 479 1584 gratiam,
504 1539 539 1572 (9
560 1540 705 1581 spiritum
725 1545 778 1582 qui
794 1540 845 1573 ubi
863 1542 930 1574 vult
947 1539 1070 1584 spirat,
1096 1542 1131 1576 ob

244 1590 296 1625 boc
306 1601 391 1624 omae
401 1594 512 1634 ingenii
518 1599 614 1634 genus
626 1593 659 1622 in
671 1588 748 1631 filiis
764 1589 975 1634 misericordiae
987 1603 1045 1625 non
1050 1601 1131 1635 prae·

245 1646 335 1675 terite
347 1665 359 1680 ,
387 1645 515 1683 itemque
526 1649 609 1673 omne
619 1643 731 1685 ingenii
742 1651 841 1686 genus
861 1646 894 1674 in
900 1641 1046 1685 gehennae
1054 1642 1130 1685 filiis

239 1695 399 1735 praeterire
412 1712 424 1729 ,
450 1698 483 1722 ut
510 1694 560 1732 qui
579 1690 748 1734 gloriatur,
774 1695 807 1734 in
820 1694 947 1733 Domino
965 1693 1129 1736 glorietur.

244 1739 422 1774 Existimat
434 1738 619 1773 istiusmodi
641 1739 840 1779 miserabiles
851 1739 1001 1776 homines
1017 1741 1130 1778 doceri

241 1789 285 1824 ab
296 1788 475 1824 unctione.
504 1789 549 1823 Et
571 1789 618 1823 est
641 1789 786 1825 omnino
796 1789 1009 1826 credendum.
1039 1792 1130 1828 Nam

241 1840 277 1874 δε
289 1839 407 1874 nostris
429 1838 544 1874 diebus
565 1840 721 1873 novimus
732 1841 749 1874 a
760 1841 935 1877 nativitate
956 1841 1129 1878 hominem

241 1890 375 1924 surdum
386 1889 421 1924 ὅ(
432 1898 561 1924 mutum
573 1912 584 1929 ,
601 1889 657 1932 qui
674 1890 787 1924 omnia
800 1887 1059 1928 Christianitatis
1070 1893 1130 1929 Ar-

240 1951 322 1976 cana
333 1964 347 1982 ,
372 1939 474 1974 etiam
497 1938 750 1974 Sacro-Sancta
773 1939 983 1977 Eucharistiae
1006 1946 1132 1987 myste-

239 1991 348 2032 rium,
374 1988 514 2033 optime*
523 1998 659 2024 noverat
683 2013 692 2023 .
720 1989 852 2024 Grande
874 1991 975 2036 igitur
996 1993 1044 2028 est
1066 1994 1131 2030 boe

240 2039 446 2075 Tertulliani
462 2038 719 2082 compendium:
748 2041 843 2075 Fides
864 2047 897 2075 in
918 2044 1020 2086 regula
1038 2044 1132 2088 pofita

242 2088 306 2131 est.

297 2217 431 2267 Habes
455 2216 598 2285 legem,
634 2223 693 2265 Θ·
706 2217 878 2287 salutem
892 2221 934 2269 de
960 2220 1081 2288 obfir-

537 2293 689 2336 vatione
722 2291 812 2358 legis
824 2327 837 2339 .

297 2438 425 2472 Dostor
436 2437 573 2472 affirmat
587 2448 655 2471 non
676 2436 777 2472 solam
799 2438 920 2484 regulae
933 2439 1088 2474 notitiam
1101 2451 1138 2474 ac

245 2483 346 2523 fldem
357 2488 503 2522 sufficere
512 2485 553 2521 ad
580 2487 740 2533 justitiam
753 2487 787 2522 &
798 2490 934 2524 salutem
948 2514 959 2531 ‚
986 2488 1039 2524 sed
1051 2491 1138 2524 insu·

244 2548 302 2582 per
322 2539 441 2583 requiri
467 2537 600 2583 legem,
625 2549 664 2575 ac
688 2539 770 2584 legis
785 2550 840 2584 per
865 2539 952 2574 bona
967 2552 1066 2584 opera
1080 2541 1138 2575 ob-

245 2588 460 2624 servantiam·
489 2588 636 2632 Respicit
659 2589 802 2624 Domini
817 2589 990 2626 Verbum:
1018 2595 1134 2625 Docea-

247 2645 294 2671 tes
310 2648 359 2671 eos
369 2637 494 2682 servare
506 2644 627 2679 omnia,
653 2651 844 2683 quacumque
855 2642 1007 2675 mandavi
1029 2641 1114 2676 vobis
1125 2667 1132 2674 .

249 2686 299 2721 At
312 2687 388 2727 vero
400 2688 569 2723 Dominus
582 2690 751 2724 mandavit
762 2689 859 2734 sobrie
869 2715 880 2731 ,
898 2691 977 2732 juste
990 2715 1001 2731 ,
1027 2702 1062 2725 ac
1080 2693 1135 2734 pie

251 2741 359 2772 vivere
372 2737 596 2783 inbocsaeculo.
623 2739 735 2775 Sobrie
745 2739 780 2775 in
796 2741 1026 2784 semetipsum,
1054 2740 1135 2782 iuste

251 2787 287 2822 in
302 2789 488 2833 proximum
501 2813 513 2829 ,
540 2787 591 2833 pie
602 2790 635 2825 in
647 2790 834 2828 Dominum
847 2791 978 2825 Deum.
1006 2791 1135 2826 Dostor

253 2839 325 2882 agit
342 2838 377 2872 in
398 2839 573 2875 Gnosticos
586 2863 597 2880 ,
623 2839 680 2886 qui
699 2852 760 2877 nos
770 2840 963 2877 Catholicos
985 2842 1047 2876 effe
1059 2841 1139 2886 Psy·

251 2887 368 2923 chicos
387 2890 442 2923 seu
462 2889 643 2931 animales,
669 2891 734 2926 sese
752 2890 938 2937 garriebant
956 2891 1113 2935 spiritales
1126 2916 1137 2933 ,

252 2937 586 2980 incontaminabiles,
612 2948 650 2975 a'c
667 2940 924 2977 immaculabiles
938 2955 949 2976 .·
976 2941 1017 2976 Se
1040 2941 1133 2976 nullo

253 2988 403 3024 facinore
419 3013 430 3031 ,
453 2998 509 3023 aut
527 2989 658 3036 flagitio
674 2992 770 3035 'posse
789 2991 968 3032 maculari,
995 2991 1134 3037 ideoque

256 3037 318 3073 fibi
339 3039 437 3075 licere
456 3041 571 3074 omnia
591 3063 599 3072 .
626 3039 665 3075 In
685 3042 816 3077 eosdem
839 3051 943 3087 agunt
970 3041 1135 3086 sequentia

256 3088 354 3123 verba
365 3101 373 3123 :
401 3092 588 3125 Exercitatio
598 3100 694 3124 autem
707 3096 740 3125 in
750 3092 908 3135 curiofitate
917 3090 1037 3134 consistit
1047 3116 1058 3133 ,
1082 3091 1136 3127 ba-

255 3138 330 3173 bens
337 3141 464 3184 gloriam
482 3138 578 3184 solam
589 3142 627 3174 de
635 3145 756 3183 peritiae
776 3142 874 3184 studio
884 3168 892 3176 .
917 3144 1016 3177 Cedat
1028 3142 1139 3186 curiofi·

257 3196 310 3223 tas
328 3190 425 3234 fidei,
450 3191 537 3224 cedat
553 3192 650 3236 gloria
666 3188 779 3235 saluti.
806 3191 1027 3237 Nequaquam
1047 3192 1140 3229 dam·

260 3250 343 3274 nant
365 3238 565 3275 orthodoxa
591 3240 829 3285 Scripturarum
851 3242 957 3278 studia
980 3267 989 3275 .
1022 3241 1136 3279 Abfit.

259 3289 432 3327 Damnaut
453 3290 520 3325 sola
533 3291 692 3326 Gnostica
712 3291 816 3327 studia
829 3314 841 3332 ,
865 3303 935 3337 quae
959 3292 1139 3330 damnat&

131 3344 206 3382 cap·
221 3350 249 3382 3·
263 3338 393 3376 Sanctus
412 3340 551 3386 Iacobus
562 3342 745 3388 Apostolus
756 3357 767 3377 .·
792 3343 898 3378 Nolite
912 3343 1017 3386 piures
1038 3347 1137 3390 Magi-

1193 171 1296 201 1s
1403 154 1598 199 XIV.
1901 171 1998 217 159

1176 238 1233 279 stri
1248 238 1319 282 fleri
1333 262 1344 279 ,
1363 236 1484 279 ‚fratres
1503 241 1582 270 mei.
1609 234 1847 274 Gnosticorum
1856 240 1977 286 quippe
1996 236 2061 271 stu·

1181 288 1233 322 dia
1246 300 1314 323 non
1329 289 1497 322 veritatem
1507 284 1694 331 diligebant
1705 309 1715 324 ‚
1741 285 1795 319 sed
1814 291 1985 330 captabant
1999 285 2058 329 hu-

1182 350 1313 375 manain
1335 339 1477 383 gloriam
1491 362 1499 370 .
1526 336 1676 384 Qisque
1688 333 1818 369 volebat
1841 338 1946 379 sapere
1967 337 2061 384 supr&

1183 390 1319 425 alterum
1335 401 1342 420 :
1371 389 1482 422 Etiam
1503 386 1595 430 supra
1606 385 1788 430 Apostolos
1802 408 1813 424 ,
1838 385 1908 419 imo
1927 389 2062 433 &supra

1185 439 1353 474 Christum
1375 439 1563 473 Dominum
1573 461 1584 478 ,
1610 447 1649 471 ac
1670 434 1737 479 ejus
1757 433 1888 470 Patrem
1910 436 2063 473 Demiur-

1185 501 1264 536 gum
1274 515 1281 522 .
1308 488 1401 523 Hinc
1411 490 1545 523 Sanetus
1557 485 1697 532 Jacobus
1711 484 1804 520 addit
1816 496 1931 520 eorum
1943 487 2062 530 sapien-

1187 542 1267 574 tiam
1291 550 1398 573 carere
1418 537 1692 577 mansuetudine,
1719 537 1837 570 scatere
1855 536 1928 570 zelo
1940 537 2066 572 &con-

1187 588 1409 629 tentionibus,
1436 589 1499 623 esse
1523 587 1719 622 mendacem
1731 585 1884 621 adversus
1895 587 1997 630 ipsam
2019 589 2067 623 in·

1188 639 1456 674 commutabilem
1469 638 1636 673 veritatem
1647 661 1659 678 ,
1684 638 1748 671 effe
1760 646 1912 671 terrenam
1921 660 1932 677 ‚
1949 644 2067 672 anima·

1189 691 1265 730 lem,
1292 688 1496 724 Diabolicam.
1525 688 1687 723 Scelerata
1706 687 1765 721 ista
1788 687 1942 731 sapientia
1956 689 2072 724 distin·

1189 741 1307 785 guebat
1321 740 1440 784 triplex
1454 739 1631 774 hominum
1642 749 1770 782 genus,
1790 747 1954 773 terrenum
1966 763 1976 780 ,
2002 741 2073 774 ani-

1191 791 1277 825 male
1290 814 1300 830 ‚
1325 790 1466 834 spiritale
1480 815 1487 822 .
1513 789 1594 824 Huc
1617 788 1745 831 respicit
1757 788 1956 832 Apostolus,
1974 791 2007 825 δε
2025 792 2074 826 af·

1191 841 1298 875 firmat
1319 841 1422 884 ipsam
1433 842 1495 875 esse
1516 850 1676 875 terrenam
1689 862 1701 880 ,
1725 839 1920 880 animalem,
1946 842 1981 876 &
2002 852 2073 877 non

1192 891 1370 934 spiritalem
1380 916 1391 933 ‚
1417 891 1471 925 sed
1483 890 1714 925 Diabolicam.
1741 889 1836 927 Hinc
1848 891 1880 926 δι
1893 891 2075 927 Tertullia-

1192 952 1252 975 nus
1266 942 1348 976 dicit
1360 955 1372 975 .·
1395 943 1486 976 Certe
1500 951 1555 975 aut
1564 951 1624 974 non
1633 939 1801 983 obstrepant
1811 965 1823 981 ‚
1847 950 1903 975 aut
1920 940 2075 985 quiesiattt

1191 993 1340 1026 adversus
1354 993 1500 1035 Regulam
1511 1016 1520 1026 .
1548 992 1606 1027 Est
1628 988 1825 1035 paraphrasis
1836 991 1944 1027 Sancti
1956 991 2075 1036 Jacobi

1194 1042 1349 1085 Apostoli
1362 1055 1369 1074 :
1395 1044 1493 1085 ,Qudd
1503 1041 1534 1085 fi
1541 1044 1639 1076 zelum
1648 1053 1789 1075 amarum
1799 1041 1919 1076 habetis
1928 1067 1941 1084 ,
1965 1045 2001 1079 Θ
2009 1052 2075 1076 con·

1190 1098 1337 1125 tentiones
1349 1098 1384 1125 in
1393 1091 1530 1125 cordibus
1544 1091 1650 1131 vestris
1660 1113 1671 1130 ,
1689 1092 1910 1136 nolito-gloriari
1920 1117 1932 1133 ,
1943 1095 1978 1127 ὁ·
1987 1105 2073 1127 mett-

1189 1143 1280 1175 daces
1291 1141 1342 1185 effit
1352 1143 1501 1176 adversus
1511 1147 1677 1175 veritatem
1688 1165 1695 1172 .
1718 1141 1854 1176 Etenim
1865 1143 1938 1177 zelo
1947 1144 1982 1177 δι
1992 1154 2074 1177 con·

1190 1190 1396 1226 tentionibus
1417 1192 1575 1227 infestum
1589 1201 1648 1226 cor
1659 1190 1703 1225 est
1716 1188 1883 1231 humana,
1909 1203 1979 1237 quae
1997 1193 2077 1237 pos-

1192 1242 1230 1276 fit
1244 1242 1366 1285 sperare
1378 1243 1506 1278 veniam
1519 1267 1531 1283 ‚
1559 1240 1754 1283 infirmitn3
1782 1250 1817 1276 at
1839 1241 1917 1277 vero
1938 1243 2076 1280 Gnosti-

1192 1303 1229 1325 ca
1251 1291 1403 1327 adversus
1429 1293 1530 1336 ipsam
1558 1290 1867 1327 incommutabilem
1906 1294 2077 1331 veritatem

1192 1341 1369 1386 gloriatio,
1395 1352 1493 1383 atque
1503 1342 1713 1377 mendacium
1727 1343 1800 1376 sunt
1812 1341 1999 1386 blasphema
2013 1369 2025 1386 ,
2039 1347 2076 1381 δε

1193 1401 1374 1427 contumax
1386 1390 1523 1426 rebellio
1535 1393 1570 1426 in
1583 1391 1740 1435 Spiritum
1752 1392 1908 1427 Sannum
1919 1418 1927 1426 .
1955 1396 2000 1428 Et
2010 1406 2077 1431 cer-

1194 1441 1226 1476 te
1240 1441 1348 1475 nostra
1364 1440 1464 1476 *Fidei
1485 1440 1661 1476 &morum
1672 1441 1780 1485 regula
1801 1442 1847 1476 est
1876 1443 1942 1486 ipse
1962 1445 2077 1480 Deus.

1195 1492 1289 1525 Hinc
1301 1489 1383 1523 nibil
1389 1491 1472 1524 uitri?
1477 1489 1553 1534 scire
1563 1491 1602 1531 est
1605 1490 1686 1533 scire
1699 1497 1798 1525 omnia
1807 1515 1814 1523 .
1847 1493 1891 1526 Et
1911 1491 1979 1527 haec
1999 1494 2078 1529 diri-

1194 1549 1319 1584 guntur
1331 1541 1365 1573 in
1378 1540 1559 1575 Gnosticos
1570 1563 1580 1580 ,
1591 1541 1648 1584 qui
1660 1541 1752 1583 supra
1764 1541 1875 1576 Deum
1886 1541 2078 1579 Creatorem

1194 1589 1318 1633 semper
1332 1587 1519 1635 quaerebant
1532 1590 1654 1633 alium,
1676 1591 1710 1624 ἃ
1722 1592 1826 1627 alium
1838 1592 2033 1638 superiorem
2044 1620 2052 1629 .

1262 1725 1334 1769 ‘Ut
1357 1739 1425 1769 non
1449 1723 1589 1768 inimici
1612 1741 1629 1767 e
1657 1737 1717 1768 ent
1728 1726 1904 1773 ‘iteritatis
1933 1722 2009 1773 hae-

1508 1794 1632 1851 retici,
1672 1795 1766 1841 &c-

1241 1940 1347 1988 Qod
1385 1939 1578 1977 Christiana:
1598 1942 1797 1984 quaestiones
1822 1953 1986 1988 nequeant
2010 1947 2081 1981 sol·—

1195 1992 1308 2026 vendae
1332 1993 1440 2026 referri
1464 1991 1505 2027 ad
1520 1991 1708 2033 hereticos,
1734 1993 1916 2036 generatim
1937 1994 2004 2037 jam
2024 1996 2082 2032 de-

1194 2043 1387 2077 monstravit
1406 2043 1602 2087 Septimius.
1629 2042 1732 2075 Nunc
1757 2042 1870 2083 addit,
1899 2043 1990 2088 quod
2019 2046 2082 2080 fin·

1193 2091 1317 2136 gularis
1336 2093 1468 2136 insuper
1477 2094 1561 2127 ratio
1574 2100 1658 2126 vetet
1681 2092 1774 2126 istam
1797 2092 1995 2130 relationem
2007 2096 2080 2132 fieri

1194 2142 1234 2175 ad
1249 2142 1431 2176 Gnosticos
1445 2166 1452 2173 .
1477 2143 1520 2175 Et
1530 2141 1666 2184 quidem
1687 2142 1772 2175 ratio
1792 2152 1884 2179 tanta
1895 2166 1908 2184 ,
1934 2156 2002 2189 quae
2012 2147 2077 2189 ple-

1197 2190 1237 2224 ne
1249 2191 1420 2232 obtineat,
1449 2191 1524 2226 licet
1546 2191 1611 2232 illi,
1640 2190 1755 2235 utique
1783 2203 1838 2234 per
1858 2193 2079 2238 impoffibile,

1201 2251 1270 2273 non
1297 2242 1405 2275 forent
1425 2238 1634 2276 haereticiaut
1646 2241 1791 2276 veritatis
1810 2242 1957 2279 inimici.
1986 2245 2079 2283 Audi

1201 2289 1361 2323 rationem
1374 2303 1385 2323 .·
1411 2293 1513 2333 ,Quale
1537 2290 1576 2331 est
1591 2290 1723 2333 conferre
1733 2303 1799 2326 tum
1810 2292 1978 2328 hominibus
1988 2319 2000 2335 ‚
2025 2303 2080 2339 qui

1200 2340 1233 2372 ὁ*
1244 2337 1300 2380 ipfi
1308 2338 1443 2382 adbucse
1455 2351 1588 2382 quaerere
1611 2341 1827 2382 profiteantur?
1854 2346 1974 2378 sienim
1984 2346 2081 2381 adhuc

1199 2389 1271 2421 vere
1288 2399 1430 2430 quaerunt
1442 2411 1453 2428 ,
1481 2388 1561 2422 nibil
1578 2390 1679 2424 adhuc
1697 2397 1769 2430 certi
1789 2401 1959 2434 repererunt
1980 2410 1991 2430 :
2029 2400 2078 2431 Ee

1198 2439 1265 2471 ideo
1274 2449 1461 2482 quaecumque
1475 2441 1618 2473 videntur
1630 2447 1754 2475 interim
1768 2451 1870 2477 tenere
1883 2467 1894 2483 ,
1918 2444 2080 2480 dubitatio·

1199 2499 1266 2521 nem
1283 2486 1374 2531 suam
1384 2488 1555 2529 ostendunt,
1584 2494 1729 2534 quamdiu
1739 2503 1899 2536 qua-runt.
1927 2493 1978 2530 At
1997 2495 2077 2532 vero

1198 2539 1248 2572 uti
1262 2538 1369 2574 nudus
1381 2540 1631 2585 nequitoperire
1643 2542 1789 2583 nudum,
1815 2542 1861 2578 ita
1889 2555 1950 2579 nec
1973 2545 2078 2580 incer·

1198 2598 1251 2622 tus
1271 2588 1389 2623 docere
1410 2590 1590 2632 incertum,
1618 2603 1677 2627 nee
1696 2591 1818 2628 dubius
1829 2595 1933 2637 potest
1944 2595 2077 2631 firmare

1198 2637 1359 2680 dubium,
1381 2639 1434 2674 sed
1455 2652 1560 2676 caecus
1580 2643 1656 2676 curn
1668 2643 1859 2679 caecodebet
1880 2644 1915 2678 in
1942 2646 2076 2681 foveam

1197 2688 1346 2725 deviare.
1376 2684 1507 2725 Eodem'
1526 2703 1722 2737 argumento
1744 2694 1848 2729 utitur
1863 2695 1998 2728 Sanctus
2011 2696 2075 2741 Ire-

1199 2750 1304 2774 naeus:
1332 2739 1460 2780 Gnostici
1481 2743 1607 2775 alienati
1627 2744 1649 2775 ἃ
1671 2748 1819 2782 veritate,
1845 2744 1936 2785 digne
1948 2749 1983 2776 in
1994 2748 2077 2778 omn!
2100 2753 2160 2786 Lib.
2189 2765 2216 2794 3.

1199 2790 1374 2824 volutantur
1383 2801 1496 2826 errore.
1524 2791 1678 2824 Fluctuari
1685 2791 1725 2824 ab
1732 2802 1780 2831 eo,
1806 2792 1896 2825 aliter
1915 2801 2007 2835 atque
2017 2795 2071 2828 ali·
2090 2802 2218 2835 captam.

1198 2849 1244 2873 ter
1262 2847 1318 2881 per
1338 2848 1471 2882 tempora
1490 2842 1526 2874 de
1536 2839 1641 2883 iisdem
1656 2838 1846 2884 J‘enuantes,
1872 2843 2073 2886 &nunquam

1192 2888 1491 2933 fiientiamstabilem
1502 2889 1642 2925 babentes
1652 2915 1663 2931 ‚
1687 2889 1830 2937 sophista
1837 2892 2004 2934 ‘verborum
2013 2907 2076 2930 ma-

1193 2945 1245 2983 gis
1254 2940 1306 2983 effe
1318 2941 1450 2975 volentes
1463 2964 1474 2980 ,
1492 2942 1585 2985 qutim
1594 2939 1728 2983 discipuli
1738 2948 1879 2975 veritatis
1887 2967 1894 2975 .
1907 2946 1981 2977 Non
1991 2950 2074 2980 enim

1193 2989 1267 3034 sunt
1270 2989 1400 3032 fundati
1405 2988 1501 3034 supra?
1512 3003 1604 3025 unam
1610 2999 1733 3033 petram
1744 3016 1753 3031 ,
1773 2989 1928 3037 sedsuper
1934 3006 2074 3036 arenam,

1199 3039 1356 3075 habentem
1379 3049 1412 3074 in
1426 3039 1527 3084 seipsa
1542 3041 1661 3084 lapides
1673 3042 1799 3075 multos.
1830 3045 1956 3085 Propter
1970 3044 2022 3078 boc
2039 3047 2075 3079 ὁ*

1200 3094 1307 3126 multos
1319 3094 1396 3125 Deos
1403 3091 1526 3136 fingunt
1540 3116 1548 3126 .
1573 3095 1618 3124 Et
1635 3102 1765 3134 quaerere
1774 3095 1897 3136 quidem
1913 3092 2029 3138 semper
2040 3100 2074 3129 tn

1200 3140 1384 3185 excusatione
1394 3141 1522 3176 babent.
1546 3145 1720 3177 Caecutiunt
1730 3148 1831 3185 enim,
1845 3150 1982 3179 invenire
2002 3147 2074 3180 verb

1201 3203 1354 3235 nunquam
1369 3192 1502 3237 possunt.
1528 3193 1624 3227 Hinc
1649 3203 1755 3237 neque
1773 3192 1891 3228 docere
1910 3219 1918 3226 .
1944 3194 2080 3230 Franci·

1202 3243 1271 3277 scus
1288 3242 1524 3278 Fevardentius
1544 3253 1604 3286 pro
1616 3241 1768 3286 vocibus,
1794 3246 1892 3287 supra?
1906 3255 1998 3278 unam
2014 3253 2076 3289 pe-

1201 3300 1303 3334 tram,
1323 3293 1448 3337 posuit.
1475 3294 1574 3335 Supra
1584 3299 1691 3327 vivam
1705 3302 1824 3336 petram
1843 3319 1851 3327 .
1876 3294 1980 3329 Male.
2011 3294 2078 3329 Lu·

1203 3353 1255 3378 cet
1265 3354 1307 3379 ex
1319 3342 1467 3379 antithesi
1478 3356 1490 3378 .-
1517 3343 1683 3380 nabentem
1698 3349 1732 3379 in
1751 3341 1847 3387 seipsa
1864 3345 1985 3387 lapides
1996 3345 2078 3380 miol-

1957 3403 2002 3428 τοι
2019 3418 2027 3428 .
