2346 3724
375 119 435 161 iz

157 198 218 230 Lib·
255 201 452 235 1·mentatio
485 201 617 237 Sanctus
654 201 883 246 Hieronymus
911 226 918 233 .
955 199 1177 236 Foediffimam

857 117 884 161 S
916 128 983 182 ,με
1034 130 1086 164 ,Η
1154 127 1191 182 o

154 249 254 280 (η’-9·
289 251 431 294 ejusdem
452 253 550 286 etiam
576 252 684 287 Marci
712 253 948 288 Eucharistiam
974 251 1081 294 prodit
1106 252 1178 283 lau-

289 300 384 335 datus
409 302 565 343 lrenaeus,
593 305 627 337 &
640 303 790 350 adjungit
803 302 843 337 de
855 303 1067 346 Carpocrate:
1101 305 1177 334 Car-

153 356 272 395 C³P·35-
284 361 423 394 pocrates
443 353 525 385 dixit
546 358 580 386 in
604 365 772 396 unoquoque
796 362 981 396 peccatorum
1005 376 1015 392 ,
1053 353 1088 385 1&
1109 361 1175 384 tur-

287 407 372 443 pium
393 410 595 444 operationum
617 403 733 445 affislere
756 405 893 449 Angelum
917 427 928 442 ‚
963 403 1017 446 qui
1042 413 1176 445 operan-

1261 127 1577 179 11¹0N

1250 203 1377 234 Futura
1396 204 1475 232 enim
1493 200 1806 242 praenuntiabantur.
1835 201 1940 250 Qod
1964 212 2139 248 argumen-

1246 259 1316 283 tum
1339 252 1488 284 extendit
1517 252 1548 283 in
1572 262 1688 293 quarto
1711 251 1807 294 hujus
1825 252 1898 287 libri
1922 253 2045 295 capite.
2076 254 2139 287 Eo-

1245 301 1320 334 dem
1350 302 1535 345 frequenter
1559 302 1659 334 uritur
1679 301 1811 336 sanstus
1835 304 2042 346 Augustinus
2065 316 2073 335 :
2101 314 2139 337 ac

1246 352 1280 385 in
1303 350 1387 385 libro
1415 350 1458 384 de
1480 353 1608 385 unitate
1640 352 1788 386 Ecclesiae
1825 355 1959 388 Sanctus
1994 354 2139 397 Cypria·-

1246 412 1306 435 nus
1322 425 1332 434 ,
1359 402 1487 436 Eodem
1511 401 1586 436 illos
1605 427 1614 442 ,
1641 402 1698 446 qui
1723 403 1764 437 de
1786 402 1972 438 Gentilium
1997 405 2139 447 persecu*-

288 452 340 493 ti,
365 462 402 485 ut
422 454 457 488 in
482 465 515 487 re
537 453 648 487 divina
670 454 771 500 solet,
800 454 931 489 adderet
958 452 1095 487 solemni
1111 463 1177 496 pre·
1227 451 1391 498 {tionibus
1423 452 1457 486 &
1479 452 1553 486 aliis
1574 452 1718 486 Ecclefiae
1745 463 1801 487 aut
1825 453 1941 488 mundi
1963 455 2138 489 calamita·-

1226 502 1331 536 *tibus
1352 502 1593 543 turbabantur,
1619 504 1741 538 solatur
1761 504 1795 538 iu
1818 503 1903 538 libro
1925 503 1966 539 de
1991 505 2137 539 mortali-

286 516 325 538 ce
346 504 590 549 praepostulatos
612 504 782 538 animos&
797 505 876 537 vires
891 527 898 535 .
923 503 1090 536 Sceleratae
1111 513 1177 545 pre-

287 555 334 589 cis
365 555 538 589 formulam
573 554 743 588 adducunt
774 555 908 588 sanetus
934 553 1138 597 Epiphanius
1164 575 1175 591 ‚

286 615 324 639 ac
347 606 433 640 idern
461 605 595 638 lrenaeus
620 628 630 644 ,
668 604 854 638 detestanda
876 604 1031 648 dogmata
1048 601 1175 637 'merito

150 666 213 696 Lib,
245 678 271 705 3-
287 656 455 699 appellans
480 656 744 697 Portentiloquium
769 664 803 686 ac
815 651 967 696 Insaniam
993 659 1082 685 totius
1092 663 1174 685 mun-

149 716 215 744 cap.
247 720 262 742 4
285 707 318 740 di
345 706 492 739 Helleboro
515 715 573 737 non
596 706 761 738 curandam
782 729 788 735 .
817 704 941 739 Hircos
963 705 997 739 ὅ(
1022 704 1099 736 Sues
1119 714 1173 736 vo—

150 748 212 777 ἰὼ·
244 757 268 777 ²·
284 768 339 789 cat
362 755 595 789 Theodoretus
613 779 622 789 .
660 754 864 798 Praecipuum
904 755 1035 789 insaniae
1059 754 1172 787 funda-

147 796 270 826 mp'55'
285 817 435 841 mentum
459 814 548 843 erat,
573 803 661 849 quod
684 805 773 846 nulla
795 814 890 849 opera
912 827 922 845 ‚
961 803 1014 837 sed
1043 803 1112 851 sola
1139 803 1175 837 in

283 856 396 890 Deum
419 856 499 890 fides
520 855 554 889 δε
573 851 714 890 charitas
737 855 776 890 ad
795 854 952 898 justitiam
979 854 1012 887 ἅ.
1038 854 1171 897 salutem

280 909 525 950 requirerentur
545 930 553 938 .
589 906 756 942 Martinus
792 904 955 939 Lutherus
977 905 1009 939 ὅ(
1033 904 1172 947 Joannes

281 957 444 993 Caivinus
482 956 564 991 tales
586 954 769 990 habuerunt
792 955 969 990 Antistites
1005 965 1044 988 ac
1063 954 1173 998 Magi·

279 1007 363 1047 stros
387 1031 395 1039 .
433 1005 667 1044 Nihilominus
690 1007 741 1049 illi
764 1005 828 1040 sese
857 1004 1061 1045 Gnosticos,
1086 1004 1170 1047 spiri-

281 1053 385 1093 tuales
397 1081 407 1098 ‚
434 1057 592 1100 perfeiios
609 1080 621 1097 ‚
645 1051 687 1092 ab
704 1051 805 1090 omni
821 1046 894 1101 lege
905 1052 1088 1099 exemptos,
1104 1054 1169 1098 ple-

281 1118 323 1141 na
347 1118 400 1152 per
421 1105 591 1141 Christum
633 1105 781 1142 libertate
802 1106 946 1141 donatos
967 1130 978 1147 ‚
1016 1105 1170 1144 omnium

279 1157 510 1192 Altitudinum
549 1156 836 1200 comprehensores
856 1180 867 1196 ,
902 1150 1062 1190 demeres
1096 1155 1169 1198 ipfis
1198 1166 1201 1172 ¹

282 1207 454 1251 Apostolis
476 1232 486 1248 ,
524 1207 610 1241 solos
636 1208 791 1241 veraciter
810 1206 1015 1241 Christianos
1047 1204 1169 1250 ubique

276 1256 467 1301 jactitabant
485 1257 732 1301 superbissime,
758 1258 791 1291 ὅ(
813 1255 995 1291 credulisin
1009 1266 1069 1289 nos
1082 1255 1167 1289 Gen·

252 1311 255 1313 ’
279 1306 395 1342 tilibus
428 1307 528 1343 facile
551 1307 785 1352 persuadebant
807 1332 814 1339 .
855 1306 950 1341 Hinc
971 1316 1087 1340 omnes
1109 1306 1168 1339 fui-

276 1367 349 1392 mus
369 1358 548 1393 existimati
574 1358 674 1398 tales,
700 1358 734 1393 &
760 1368 929 1401 tamquam
953 1356 1093 1400 publicae
1115 1365 1170 1399 ge-

274 1409 363 1453 nerIs
385 1408 523 1441 humani
546 1407 649 1450 pestes
670 1408 711 1442 ad
724 1408 843 1451 ignes,
869 1419 998 1446 cruces,
1027 1405 1168 1451 gladios,

273 1455 394 1490 bestias
431 1454 498 1488 fine
524 1455 810 1491 commiseratione
831 1456 1001 1499 proscripti
1026 1460 1043 1486 .'
1073 1454 1168 1488 Hinc

277 1507 357 1541 item
383 1516 458 1539 nata
483 1506 688 1550 paroemias
713 1507 826 1539 Pluvia
844 1506 978 1545 defecit,
1008 1506 1062 1537 ant
1078 1505 1171 1545 quod·

278 1563 328 1591 vis
349 1557 438 1589 aliud
459 1555 571 1588 malum
598 1554 728 1600 accidit,
755 1551 843 1596 cansa
866 1551 1029 1592 Chrestiani
1052 1577 1059 1584 .
1092 1553 1169 1587 Erat

276 1607 357 1641 dura
380 1605 523 1639 tentatio
536 1629 544 1638 .
573 1604 706 1638 Etenim
727 1605 809 1651 qnod
831 1613 902 1637 ante
918 1599 1038 1636 Domini
1055 1603 1169 1636 adven-

275 1666 344 1690 tum
368 1658 500 1688 Satanas
523 1665 683 1697 numquam
701 1655 813 1696 probra
847 1661 879 1687 in
904 1654 999 1701 Deum
1018 1655 1054 1687 (ν
1075 1663 1169 1687 contu-

278 1708 383 1740 melias
413 1707 519 1750 jacere
535 1705 639 1747 fuisset
662 1699 784 1749 aususJ
818 1705 851 1738 in
891 1704 983 1739 libris
1019 1702 1171 1739 adversus

268 1748 490 1792 'Marcionem
526 1757 608 1790 reete
628 1755 769 1790 advertit
794 1752 880 1804 apud
906 1753 1083 1790 Eusebium
1104 1754 1170 1789 Cae-

277 1807 451 1844 sariensem
475 1807 605 1849 Martyr
615 1805 776 1849 Justinus‚
804 1801 945 1849 ideoque
964 1806 1170 1850 praesentium

279 1868 465 1902 temporum
500 1856 652 1892 conditio
674 1856 833 1902 quosdam
857 1857 950 1899 super
976 1856 1052 1891 istas
1079 1856 1167 1890 haere-

278 1910 328 1943 ses
367 1906 509 1944 faciebat
532 1906 685 1954 admirari
710 1931 718 1942 ,
759 1902 1017 1954 ᾼάωῑηὺεήωτ
1038 1908 1074 1940 in
1099 1907 1170 1951 ipso

281 1959 510 2004 Evangelicaf,
537 1969 606 2001 quae
650 1954 832 1994 Diabolum
852 1957 872 1990 ὲ
892 1956 1026 1992 Christo
1054 1957 1171 1991 Domi-

279 2021 326 2044 no
350 2010 487 2053 ligatum
530 2007 682 2043 afferebat
707 2032 718 2047 ‚
757 2006 996 2050 praedicationis
1031 2007 1170 2040 exordio

279 2068 331 2093 tot
353 2058 387 2091 in
415 2057 576 2090 Divinam
613 2057 819 2102 Majestatem
856 2056 993 2091 ebullire
1028 2056 1170 2100 blasphe-

281 2110 383 2147 miaS‚
409 2108 441 2140 &
463 2105 613 2140 adversus
638 2107 806 2146 veritatem
829 2106 1077 2151 quodammodo
1100 2118 1173 2150 prae-

284 2156 420 2192 valere.
459 2156 552 2202 Qin
576 2156 609 2188 ὃς
633 2155 728 2189 multi
767 2155 1067 2192 scandalizabantur
1103 2157 1172 2192 istis

285 2208 361 2252 ipsis
384 2207 467 2240 moti
491 2205 715 2249 argumentis,
740 2204 758 2238 ὲ
785 2205 904 2247 quibus
926 2206 1060 2247 quidam
1083 2206 1171 2249 apud

228 2275 229 2278 ¹
282 2259 441 2293 Sanctum
466 2255 693 2300 Augusti-num
721 2254 754 2287 in
779 2254 860 2289 libro
886 2255 927 2287 de
954 2255 1172 2289 Divinatione

283 2307 490 2342 Doemonum
503 2303 709 2339 crediderunt
731 2304 831 2346 impia
849 2313 949 2344 atque
963 2303 1085 2341 injusta
1095 2303 1114 2332 ὲ
1124 2304 1173 2350 ju->

280 2358 334 2392 sto
355 2358 389 2392 δε
407 2357 638 2399 omnipotente
664 2355 740 2386 Deo
779 2361 848 2385 non
879 2351 968 2393 poste
1006 2347 1171 2392 permitti.

282 2408 394 2442 Etiam
417 2407 568 2440 Sanctum
601 2401 825 2445 Polycarpum
847 2423 858 2439 ‚
897 2399 1085 2441 Smyrnenfi
1111 2398 1173 2433 Ec·

281 2458 384 2492 clefiae
403 2457 445 2491 ab
462 2456 536 2500 ipsis
559 2451 732 2496 Apostolis
745 2451 934 2484 ordinatum
950 2449 1168 2492 Episcopum,

280 2507 363 2541 dum
390 2506 465 2539 istas
485 2501 849 2544 audiret'blasphetnias
862 2493 886 2540 >
906 2511 998 2533 aures
1018 2498 1172 2533 obturare

285 2556 503 2594 consuetum,
541 2554 575 2587 &
601 2552 782 2596 exclamare
803 2575 815 2592 ,
852 2555 878 2583 Ο
898 2550 969 2583 bone
992 2553 1073 2582 Deus
1093 2572 1103 2588 ‚
1141 2554 1173 2581 in

284 2618 354 2650 quae
380 2604 512 2647 teinpnra
533 2613 578 2636 me
602 2600 757 2644 reservasti
772 2610 806 2634 ut
829 2600 884 2641 ista
900 2605 1008 2642 patiar
1022 2623 1033 2639 ,
1059 2598 1172 2633 scribit

285 2657 321 2690 in
343 2654 480 2698 epistola
504 2653 544 2687 ad
567 2652 760 2692 Flofinum,
790 2661 844 2695 per
854 2650 978 2684 dii-[ium
994 2649 1173 2684 Eusebium

284 2705 425 2749 adducu-
446 2728 458 2745 ,
493 2704 628 2739 Sanetus
650 2704 787 2737 Irenaeus
810 2725 817 2733 .
861 2699 986 2735 Eodem
1009 2701 1112 2734 modo
1134 2699 1174 2732 ad

287 2755 449 2791 Atianam
474 2753 712 2788 Wandalorum
734 2753 770 2786 in
792 2751 907 2786 Africa
931 2750 1111 2785 barbariem
1123 2761 1175 2784 ex-

287 2805 438 2840 clamafl‘e
466 2802 841 2847 Sanctum‘ssugenium
879 2801 1175 2846 Carthaginensem

291 2850 611 2898 Archi-Episcopum
659 2852 770 2888 scribit
805 2853 941 2887 Sanstus
963 2851 1080 2887 Vidior
1102 2850 1178 2894 Epig-

289 2906 406 2948 scopus
431 2904 572 2938 Vitensis
588 2930 598 2938 .
624 2903 707 2938 Istos
728 2903 878 2939 infirmos
899 2901 1056 2936 admonet
1079 2926 1090 2942 ,
1127 2899 1163 2934 in

290 2952 488 2989 considerate
511 2954 744 2989 scandalizatos
763 2952 931 2993 ostendit,
959 2953 994 2987 &
1020 2953 1054 2987 in
1072 2952 1163 2985 Evan

291 3004 373 3049 gelii
410 3003 476 3038 fide
493 3003 603 3038 firmat
637 3002 742 3038 hocce
762 3004 850 3050 quasi
882 3002 1021 3038 exordio
1042 3002 1165 3037 'renul

290 3055 414 3090 lianus.

134 1824 201 1855 Lib.
229 1836 260 1861 4·

137 1875 259 1904 (εμπ.

144 2591 209 2622 Lib.
237 2598 265 2625 ς.

143 2640 210 2670 cap.
223 2639 266 2663 19·

479 3205 576 3262 Sive
610 3206 699 3270 quia
723 3201 818 3270 fimt
839 3240 853 3266 ‚
901 3213 995 3251 <9⁴0

351 3354 508 3391 Affirmat
541 3365 612 3390 non
652 3352 837 3390 mirandum
855 3379 866 3396 ,
894 3352 985 3398 quod
1014 3335 1076 3388 sint
1096 3351 1131 3386 δε
1157 3351 1175 3386 ὲ

291 3405 369 3477 Deo
405 3403 636 3453 permittantur
671 3404 758 3442 adeo
792 3404 978 3442 monstrosae
1013 3403 1140 3441 hareses
1167 3416 1175 3437 :

1241 561 1311 586 tate
1327 576 1335 583 .
1373 552 1580 587 Foediffimos
1601 552 1697 597 porro
1719 553 1896 588 Gnosticos
1939 566 2008 588 non
2030 555 2136 589 solum

1241 604 1423 647 generatim
1445 613 1522 637 cum
1543 603 1614 636 aliis
1637 601 1962 648 Pseudo-Prophetis
1979 606 2014 639 δε
2039 605 2135 638 Anti-

1243 651 1403 693 Christis,
1431 654 1482 687 sed
1502 655 1536 688 ἀ
1560 655 1725 697 speciatim
1747 654 1765 687 a
1791 654 1965 695 Domino,
1993 656 2133 698 Apostoff
2162 666 2220 697 [ih
2254 680 2275 699 1,

1241 703 1280 737 lis
1299 728 1311 746 ‚
1348 715 1385 736 ac
1412 704 1484 747 ipfis
1504 703 1605 738 etiam
1628 704 1801 747 Prophetis
1823 706 1916 740 fuisse
1940 706 2134 749 praenuntia-
2158 716 2272 752 cap-¹9·

1239 765 1291 788 tos
1321 754 1457 795 affirmat
1492 765 1529 788 ac
1563 753 1767 788 demonstrat
1799 754 1930 794 Sanetus
1955 755 2095 790 Irenaeus
2123 780 2131 789 .
2158 746 2219 776 L'b·
2240 758 2268 784 3·

1241 805 1333 838 Hinc
1355 815 1434 848 ergo
1455 801 1630 847 Septimius
1665 803 1774 839 noster
1804 805 1861 838 ait*
1876 806 2038 840 illos'non
2056 806 2130 840 for..
2155 795 2275 825 ⁶²9⁸*

1239 856 1326 890 tuito
1347 865 1401 888 aut
1427 854 1569 896 temere,
1594 854 1647 890 fied
1672 856 1846 902 perhaltam
1870 855 1936 889 Dei
1958 857 2132 899 providen-

1237 907 1318 945 tiam
1339 906 1494 939 emersisse
1516 929 1527 945 ‚
1563 917 1660 949 quam
1694 900 1873 939 admiratur
1902 903 1937 938 in
1973 903 2065 938 libro«
2087 906 2131 939 de

1239 956 1390 990 Eccleliae
1411 955 1596 991 Catholicae
1618 955 1787 995 moribus,
1812 956 1982 989 adversum
1996 955 2130 991 Gnosii·
2152 978 2197 1008 Ca

1236 1017 1351 1043 corum
1372 1005 1459 1054 filios
1489 1003 1697 1041 Man'ichaeos
1730 1007 1849 1049 scripto
1874 1030 1885 1046 ,
1920 1007 2056 1041 Sanetus
2077 1018 2129 1040 et-
2199 985 2285 1016 p'¹⁷⁰

1238 1056 1302 1091 iam
1326 1051 1552 1101 Augustinus:
1580 1059 1643 1089 Cur
1673 1059 1792 1089 Divina
1815 1055 1947 1098 mirificae
1970 1053 2128 1099 dispofitio·

1237 1114 1284 1139 nis
1306 1109 1505 1140 Providentia
1527 1117 1582 1140 vos
1597 1105 1678 1147 finat
1703 1130 1714 1146 ,
1748 1107 1864 1151 longum
1888 1107 1924 1147 est
1948 1105 2102 1151 disputare
2114 1130 2125 1147 ‚

1237 1159 1271 1192 ό·
1296 1167 1353 1189 non
1375 1157 1504 1199 vestrum
1525 1156 1581 1196 ista
1598 1157 1786 1200 intelligere.

1287 1207 1385 1241 Recte
1411 1207 1615 1251 Augustinus
1639 1208 1732 1240 addit
1756 1207 1788 1239 in
1806 1205 1954 1250 populari
1978 1207 2126 1241 sermone

1237 1256 1278 1290 de
1301 1267 1470 1300 tempore:
1509 1258 1607 1301 ,Quid
1624 1256 1740 1301 gestum
1759 1255 1796 1296 est
1820 1263 1854 1289 in
1879 1258 2050 1301 Paradiso,
2074 1257 2126 1290 hoc
2147 1249 2288 1296 snm-⁴0·

1230 1312 1348 1353 geritur
1367 1308 1402 1340 in
1426 1306 1574 1349 Ecclesia.
1603 1306 1776 1351 Antiquus
1802 1307 1938 1350 Serpens
1958 1308 1995 1342 in
2021 1307 2124 1341 tritici
2149 1297 2213 1325 αἶψ’
2237 1299 2264 1325 5·

1237 1356 1345 1396 medio
1373 1357 1498 1390 zizania
1520 1357 1622 1390 serere
1647 1364 1818 1399 nunquam
1839 1356 1935 1390 desiit
1955 1380 1966 1396 ,
1991 1357 2025 1391 δε
2048 1357 2130 1391 infe-

1235 1406 1313 1440 lices
1337 1405 1417 1439 Adae
1446 1406 1587 1449 posteros
1606 1404 1728 1439 affidue
1740 1405 2002 1440 circumscribere
2022 1407 2056 1440 in
2071 1417 2131 1441 no·

1236 1467 1293 1491 vos
1315 1453 1463 1498 quetidie
1485 1465 1605 1488 errores
1628 1479 1639 1494 ,
1677 1465 1719 1488 ex
1743 1453 1863 1497 quibus
1886 1465 1962 1488 nata
1988 1455 2034 1490 est
2055 1466 2128 1489 tan·

1234 1505 1310 1539 dem
1334 1506 1438 1538 totius
1460 1501 1527 1537 fere
1549 1502 1664 1538 mundi
1690 1502 1861 1547 Apostafia
1893 1515 1993 1550 atque
2019 1505 2129 1540 Idolo-

1236 1555 1348 1589 latria.
1383 1553 1453 1588 Hic
1475 1554 1582 1601 fuerat
1605 1554 1720 1597 scopus
1742 1554 1908 1597 Serpentis
1935 1580 1943 1587 .
1982 1556 2025 1590 Et
2047 1554 2126 1591 hinc

1228 1601 1324 1640 'lucet
1345 1604 1454 1645 ratio,
1489 1616 1548 1640 cur
1568 1604 1671 1648 prima
1701 1603 1907 1649 Evangelicae
1927 1605 2128 1648 praedicatio—

1235 1655 1285 1690 nis
1305 1655 1440 1690 exordia
1468 1666 1523 1699 per
1556 1656 1663 1699 usque,
1693 1664 1774 1689 tunc
1793 1654 1852 1689 sub
1873 1654 1940 1690 sole
1962 1654 2128 1692 inauditas

1234 1706 1473 1740 Gnosticorum
1497 1704 1712 1748 blasphemias
1735 1704 1770 1739 sit
1784 1715 1924 1740 conatus
1945 1708 2125 1740 maculare.

1236 1758 1367 1800 Nempe
1387 1766 1458 1793 ante
1479 1759 1599 1789 Domini
1622 1761 1655 1788 in
1677 1766 1767 1788 carne
1789 1756 1957 1789 adventum
1978 1780 1989 1796 ,
2015 1756 2125 1800 inquit
2149 1747 2210 1778 [ἰδ’
2239 1750 2269 1784 4·”

1235 1799 1366 1851 Martyr
1387 1799 1532 1852 justinus
1556 1798 1642 1850 apud
1667 1797 1846 1840 Eusebium
1863 1830 1873 1846 ‚
1899 1806 2125 1850 nondumsuam
2145 1796 2208 1826 αρ’
2224 1799 2268 1824 ¹⁵⁸

1235 1859 1503 1891 condemnationem
1522 1865 1579 1899 pro
1603 1865 1681 1890 certo
1711 1865 1838 1890 noverat
1864 1881 1873 1890 .
1910 1856 2067 1892 Elucidat
2090 1858 2144 1904 in„

1236 1908 1327 1942 libris
1345 1907 1387 1942 de
1409 1908 1475 1942 Dei
1499 1907 1645 1942 Civitate
1666 1906 1803 1941 Sanetus
1817 1907 2043 1951 Augustinus:
2072 1911 2126 1941 Vis
2171 1942 2177 1949 ‚

1237 1954 1312 1992 dens
1349 1958 1492 1991 Diabolus
1528 1958 1643 1998 templa
1667 1959 1841 1990 Doemonum
1868 1954 1963 2000 descri
1986 1981 1998 1998 ,
2035 1959 2070 1991 δ’
2092 1963 2127 1991 in
2149 1942 2267 1973 L¹b'¹⁸'

1238 2019 1342 2041 nomen
1379 2008 1537 2041 liberantls
1560 2007 1734 2046 Mediatoris
1756 2017 1869 2041 currere
1901 2018 1999 2050 genus
2022 2006 2129 2041 huma-
2147 1992 2209 2022 ap*
2222 1993 2267 2018 μ’

1238 2069 1330 2098 num,
1359 2056 1512 2091 haereticos
1536 2063 1632 2090 movit
1654 2081 1664 2097 ,
1698 2062 1749 2099 qui
1769 2055 1826 2099 sub
1850 2056 2019 2097 Chrlfliano
2041 2067 2127 2091 voca-

1237 2108 1306 2143 bulo
1331 2108 1474 2141 doc‘lrinae
1493 2105 1646 2149 resisterent
1664 2106 1860 2147 chrisitanae.
1892 2108 1998 2154 Qod
2018 2105 2125 2152 i'psum

1239 2159 1274 2192 in
1301 2157 1531 2192 Ecclefiasticae
1565 2156 1722 2191 Historia:
1757 2157 1896 2192 exordio
1931 2157 2126 2192 Theodore-

1239 2218 1291 2242 tus
1315 2232 1327 2248 ,
1363 2208 1398 2242 in
1429 2205 1514 2241 libro
1536 2206 1578 2241 de
1601 2206 1749 2251 Regibus
1768 2207 1970 2250 Apostaticis
1991 2207 2126 2242 Lucifer

1238 2256 1445 2291 Calaritanus
1467 2257 1671 2299 Episcopus,
1698 2258 1732 2291 in
1757 2256 1843 2292 libro
1865 2257 1907 2291 de
1926 2258 2053 2292 unitate
2067 2258 2129 2292 Ec-

1236 2306 1334 2335 clefiae
1355 2306 1454 2339 tradit
1474 2307 1608 2345 Sanctus
1622 2305 1828 2349 Cy‘prianus.
1854 2306 1921 2339 Ista
1938 2317 2129 2346 rerummu·

1238 2350 1322 2384 tatio
1345 2349 1516 2383 diabolum
1545 2352 1614 2393 egit
1642 2353 1674 2382 in
1698 2356 1820 2386 rabiem
1839 2377 1851 2391 ,
1875 2354 2015 2397 ideoque
2037 2369 2128 2391 erro—-

1239 2411 1288 2434 res
1313 2399 1507 2439 adinvenit,
1534 2409 1604 2442 quae
1627 2399 1786 2434 Divinam
1807 2401 2014 2444 Majestatem
2038 2404 2128 2446 pejus

1237 2449 1511 2494 quam'infernali
1538 2460 1630 2487 more
1659 2447 1918 2493 blasphemarent
1939 2475 1951 2493 ,
1993 2453 2029 2496 δε
2049 2450 2128 2490 curn

1237 2501 1363 2534 foenore
1403 2509 1587 2543 repararent
1610 2499 1715 2534 laesam
1737 2501 1965 2536 Idololatriam
1986 2527 1995 2535 .
2031 2504 2127 2539 Hine

1236 2551 1335 2585 etiam
1357 2549 1427 2594 post
1451 2549 1621 2588 exstinctas
1645 2550 1836 2587 Gentilium
1868 2552 2127 2597 persecutiones,

1236 2601 1411 2644 datamque
1450 2598 1604 2647 Ecclefiis
1639 2599 1681 2634 ab
1719 2600 1872 2646 Augusto
1899 2601 2127 2640 Constantino

1238 2661 1351 2694 pacem
1372 2649 1508 2684 induxit
1528 2648 1662 2694 triplicis
1682 2650 1878 2686 Divinitatis
1901 2651 2126 2690 fabulatricem

1240 2701 1379 2736 haeresim
1402 2701 1605 2738 Arianoruoe
1625 2725 1632 2733 .
1673 2700 1806 2735 Etenim
1829 2713 1964 2748 omnem
1984 2702 2025 2738 de
2048 2705 2126 2739 Deo

1238 2762 1375 2786 errorem
1398 2751 1461 2784 else
1482 2759 1614 2791 veram,
1640 2751 1674 2786 &
1691 2751 1826 2796 quidem
1838 2762 1971 2788 externa
1990 2753 2131 2799 insigni·

1239 2814 1286 2836 ter
1310 2801 1452 2845 pejorem
1473 2825 1485 2841 ,
1513 2800 1739 2837 Idololatriam
1758 2802 1877 2837 clamat
1895 2803 1961 2847 ipsa
1985 2804 2125 2845 veritas,

1237 2853 1270 2887 δι
1306 2853 1365 2886 suo
1401 2852 1478 2886 loco
1507 2851 1782 2889 demonstrabitur
1802 2878 1811 2885 .
1849 2852 1952 2887 Porro
1973 2854 2127 2890 Gnostici

1238 2915 1354 2937 omnes
1371 2903 1438 2936 sola
1454 2901 1593 2946 duplicis
1623 2898 1817 2938 Divinitatis
1842 2902 1949 2938 fabula
1976 2915 2044 2937 non
2055 2904 2126 2937 sue-

1238 2965 1271 2988 re
1295 2954 1478 2999 contentis
1511 2952 1760 2989 Simoniani&
1786 2953 2032 2996 Carpocratiani
2071 2962 2126 2991 et÷
2185 2983 2187 2985 ,

1238 3005 1302 3038 iam
1339 3001 1524 3047 prophanas
1561 3003 1722 3048 imagines
1754 3004 1911 3048 gentilem
1936 3002 1972 3036 in
1996 3012 2126 3036 morem

1237 3054 1412 3088 adoravere
1431 3077 1441 3087 .
1475 3054 1524 3089 lta
1558 3053 1695 3090 Diaboli
1722 3054 1846 3100 invidia'
1876 3051 2000 3087 studuit
2025 3053 2056 3087 se
2082 3052 2126 3087 de

1239 3104 1349 3138 nostro
1377 3115 1431 3147 per
1457 3103 1677 3149 Evangelium
1704 3101 1975 3141 Salvatore‘Deo
2016 3101 2128 3141 vindi?

1237 3166 1312 3189 care
1330 3179 1338 3187 .
1366 3153 1488 3197 Neque
1507 3152 1573 3188 haec
1600 3153 1718 3189 obsunt
1741 3153 1872 3193 Divinae
1894 3151 2094 3196 Apocalypsi
2110 3174 2125 3192 ,

1239 3206 1386 3240 afferenti
1425 3203 1610 3239 Diabolum
1641 3205 1659 3240 a
1679 3202 1811 3239 Christo
1846 3202 2000 3236 Domino
2037 3202 2129 3246 ligas.

1239 3266 1308 3290 turn
1324 3278 1336 3295 ,
1361 3265 1397 3289 ut
1424 3265 1493 3289 non
1522 3255 1806 3301 seducatGentes
1819 3275 1831 3292 ,
1871 3251 1951 3287 ficut
1982 3248 2124 3288 faciebat

1240 3306 1326 3350 prius
1347 3330 1355 3338 .
1393 3304 1532 3349 Ligatus
1567 3305 1688 3348 quippe
1721 3301 1785 3336 fuit
1822 3301 1908 3337 intra
1941 3303 2120 3346 impiorum

1239 3366 1385 3396 mentes,
1411 3355 1700 3391 vetitusinvadere
1722 3351 1876 3392 Eleum,
1900 3363 1985 3396 quos
2013 3353 2122 3388 Evan·
2184 3356 2189 3360 ”

1236 3406 1316 3451 gelii
1352 3416 1502 3450 tempore
1533 3405 1625 3440 Deus
1647 3402 2124 3488 numerofiffirnosprodtixit„

2016 3482 2025 3488 ,,
2047 3464 2071 3488 n
