2346 3724
750 179 1075 227 Capi

210 254 549 301 conflanterlseetatus
569 260 614 295 est
626 261 761 297 Sanstus
778 261 932 296 Basilius.
961 259 1090 294 Adver-

213 317 265 349 sus
275 313 376 356 ipsum
389 310 760 354 Constantinopolitana
782 311 935 356 Synodus
953 310 1091 344 Nicaeno

214 362 373 406 symbolo
393 360 563 405 adjunxit:
592 362 736 404 Confiteor
758 373 847 395 unum
870 364 970 403 Bapti
985 372 1035 393 ma
1060 365 1092 392 in

211 412 396 452 remiffionem
409 420 607 453 peccatorum.
634 411 777 446 Proinde
788 411 923 445 Basilius
943 409 1092 444 distinxit

199 461 473 505 ›duplexschisma
487 476 494 494 :
522 461 626 495 Aliud
638 472 769 506 propter
781 463 949 504 personam
965 459 1093 503 Episco-

199 513 268 555 ·pi,
291 511 383 546 aliud
405 522 531 556 propter
554 511 700 546 Ecclesiae
723 511 945 555 disciplinam.
973 510 1016 543 Et
1037 509 1091 542 hu-

213 562 355 604 jusmodi
366 562 507 595 omnino
528 562 639 595 datur.
669 561 798 595 Etenim
812 560 852 595 de
863 561 1016 595 clementi
1036 560 1092 592 Ze·

214 611 347 654 phyrini
371 611 542 646 Pontificis
556 624 613 655 pro
626 611 861 655 poenitentibus
881 609 1018 644 M'aechis
1029 610 1093 643 De-

210 671 306 695 creto
318 661 428 696 scribit
440 662 481 696 ad
495 661 723 696 Antonianum
748 661 946 705 Episcopum
963 660 1094 695 Sandius

207 711 403 755 Cyprianus
425 723 432 743 :
461 715 506 744 Et
526 713 645 754 quidem
666 713 750 753 apud
775 711 962 754 Anteceffores
988 709 1094 750 nostros

210 756 340 804 'quidam
353 763 390 795 de
400 761 557 805 Epist-opis
568 761 627 802 istic
636 767 669 794 in
683 764 842 794 Provincia
855 761 948 802 nostra
960 760 1096 793 dandam

80 727 129 762 Ep.
151 734 195 759 52.

216 814 326 845 Pacem
348 823 405 844 non
421 820 627 853 putaverunt,
656 814 689 844 (a
716 817 748 843 in
758 820 849 844 totum
865 815 1049 853 poenitentiae
1059 810 1095 841 lo-

211 865 280 895 'cum
300 870 402 894 contra
426 862 573 894 adulteria
596 859 762 902 clauserunt
774 885 784 900 ‚
811 871 868 893 non
884 870 984 893 tamen
1004 860 1024 890 ἃ
1045 861 1094 890 Co-

215 909 556 954 Episcoporumsuorum
564 911 689 952 Collegio
699 910 888 952 recesserunt,
916 918 968 942 aut
990 907 1096 942 Carbo-

214 960 281 998 licae
303 956 435 1001 Ecclefiae
455 965 604 991 unitatem
624 960 675 992 vel
693 960 816 993 duritiae
829 961 882 993 vel
889 958 1016 1002 censurae
1033 957 1098 1001 suae

215 1009 407 1049 obstinatione
429 1018 594 1052 ruperunt,
620 1018 653 1042 ut
673 1015 746 1051 qula
766 1011 851 1051 apud
866 1011 939 1042 alios
952 1008 1097 1040 adulteris

210 1068 280 1102 pax
300 1058 431 1092 dabatur
442 1084 453 1100 ‚
478 1064 596 1102 quinon
608 1059 704 1091 dabat
720 1083 730 1099 ,
749 1059 792 1092 ‘de
803 1058 926 1100 Ecclefia
945 1057 1099 1101 separare-

214 1118 266 1142 tur
280 1133 287 1140 .
315 1108 472 1152 Episcopi
494 1109 544 1142 isti
569 1108 731 1142 faciebant
751 1108 835 1142 istud
859 1110 983 1151 ipsum,
1010 1108 1098 1151 quod

214 1158 445 1192 Montanistae:
475 1159 516 1191 Et
530 1168 637 1192 tamen
657 1157 690 1191 hi
704 1157 844 1192 haeretici
864 1159 1017 1198 fuerunt,
1046 1158 1097 1190 isti

210 1207 406 1243 Catholici.
432 1209 521 1255 Qia
536 1209 652 1252 nempe
662 1208 800 1253 agebant
811 1208 900 1242 idem
911 1208 977 1242 alio
988 1207 1100 1242 animo

214 1258 251 1292 ὃ(
263 1259 366 1292 sensu.
394 1259 576 1292 Montanus
586 1259 731 1293 Ecclesiae
742 1258 935 1302 potestatem
950 1258 1101 1302 negabat,

216 1308 272 1341 isti
292 1308 443 1351 Episcopi
466 1308 636 1342 dumtaxat
656 1309 832 1342 censebant
847 1310 1024 1343 Decretum
1039 1309 1103 1341 suis

216 1358 350 1402 populis
371 1369 438 1390 non
450 1358 618 1400 expedire.
648 1357 841 1392 Utebantur
862 1357 992 1392 laudata
1009 1357 1102 1390 isthic

215 1417 275 1450 per
286 1407 435 1443 Sanstum
447 1407 651 1449 Cyprianum
673 1407 804 1451 regula:
832 1410 973 1440 Maneme
994 1418 1103 1440 concor-

217 1457 281 1489 dtae
295 1457 411 1488 vinculo
423 1479 433 1494 ,
460 1457 494 1488 ὁ·
507 1453 718 1497 perseverante
725 1455 888 1489 Catholicae
915 1456 1047 1497 Ecclefiae
1060 1461 1092 1488 in

215 1505 344 1538 dividuo
365 1507 568 1545 sacramento,
600 1504 699 1537 at‘lum
712 1503 800 1548 suum
821 1504 953 1548 disponit
990 1507 1104 1538 &dm-

211 1559 263 1599 git
281 1552 401 1597 quisque
423 1553 586 1596 Episcopus
609 1560 753 1588 rationem
778 1553 968 1598 Propofitlsui
981 1559 1106 1587 Domino

214 1605 389 1638 redditurus
402 1629 410 1635 .
438 1604 595 1638 Notanda
606 1605 680 1638 sunt
692 1604 820 1639 laudata
834 1604 928 1639 verba
941 1619 951 1638 :
979 1606 1034 1638 Vel
1054 1606 1106 1636 du-

216 1659 297 1688 rittae
313 1656 365 1687 v'el
384 1652 584 1698 censuraesuae
606 1654 810 1694 obstinatione.
839 1655 990 1689 Censurae
1008 1653 1106 1688 obsti-

217 1705 314 1739 natio
332 1705 377 1738 est
402 1703 540 1738 haeresis:
565 1704 622 1738 Est
646 1705 723 1746 illa,
748 1717 812 1750 qua
836 1706 910 1748 quis
931 1704 1106 1739 Ecclesiam

213 1754 397 1789 damnat&
409 1755 519 1788 censet
529 1754 628 1797 ipsam
641 1756 802 1790 exceffiffe
814 1755 978 1799 potestatis
1001 1755 1060 1788 suae
1071 1755 1110 1788 li·

214 1804 333 1838 mites.
360 1803 403 1838 Et
418 1804 451 1837 in
466 1802 531 1838 hoc
545 1802 729 1839 barathrum
743 1807 818 1850 lapsi
831 1807 961 1840 fuerunt
972 1805 1108 1839 Monta-

214 1865 284 1888 nus
294 1865 332 1888 ac
342 1853 585 1888 Tertullianus.
616 1854 753 1889 Duritiae
762 1855 938 1891 obstinatio
949 1855 994 1888 est
1007 1879 1018 1895 ‚
1044 1865 1107 1899 qua

216 1904 292 1947 quis
301 1903 391 1938 istius
402 1903 571 1937 clementis
586 1905 718 1939 Decreti
747 1905 940 1949 potestatem
959 1905 1108 1950 agnoscit

216 1953 256 1988 in
278 1953 419 1988 Ecclesia
434 1978 446 1994 ,
470 1953 535 1997 sed·
549 1954 725 1988 utilitatem
740 1956 903 1991 inficiatur
924 1954 1007 1989 adeo
1018 1955 1109 1998 petti-

216 2004 365 2044 naciter,
392 2012 428 2037 ut
441 2004 544 2047 ipsum
559 2003 771 2046 probantibus
783 2005 1027 2039 communicare
1050 2016 1108 2038 no-

213 2053 281 2093 lit,
310 2053 448 2096 ideoque
461 2054 563 2097 erigat
578 2066 699 2087 novum
715 2055 828 2089 Altare
839 2081 846 2088 .
874 2057 930 2089 An
943 2054 1107 2097 Zephyri—

219 2104 258 2136 ni
285 2103 463 2136 Decretum
499 2104 646 2137 habuerit
678 2104 857 2139 istiusmodi
891 2106 1110 2143 adversarios,

219 2152 362 2196 ignoro.
391 2152 424 2187 Si
450 2153 617 2192 habuerit,
644 2155 775 2188 fuerunt
799 2155 1014 2194 schismatici,
1039 2166 1109 2188 non

215 2201 361 2236 'haeretici
382 2228 386 2233 .
419 2203 460 2236 Et
490 2205 569 2237 tales
588 2205 784 2238 adversarios
810 2203 922 2238 habuit
949 2205 1111 2238 Romanae

220 2252 369 2286 Ecclesiae
392 2253 589 2291 Decretum,
616 2255 706 2294 quod
731 2255 879 2295 lapsosin
907 2252 1108 2285 Ariminensi

221 2302 361 2349 Synodo
377 2302 553 2344 Episcopos
563 2300 691 2336 admisit
708 2303 748 2335 ad
771 2304 926 2346 gradum.
957 2302 1108 2335 Adversa-

221 2353 346 2385 riorum
369 2351 487 2384 author
506 2352 539 2383 ὅ(
563 2351 631 2383 dux
655 2352 717 2384 fuit
737 2352 871 2384 Lucifer
904 2350 1110 2383 Calaritanus

219 2399 622 2442 Episcopus,18ardorum
646 2399 884 2442 Metropolim,
910 2409 1007 2442 quem
1031 2411 1109 2432 con-

219 2450 282 2483 stat
292 2457 359 2481 non
373 2449 463 2481 fuisse
480 2447 663 2482 haereticum
678 2474 688 2489 ,
711 2450 764 2483 sed
777 2449 946 2483 dumtaxat
962 2448 1110 2482 schisma-

218 2499 341 2533 ticum.
369 2498 569 2540 Huiusmodi
592 2498 728 2534 schisma
752 2501 894 2534 sanctus·
910 2499 1042 2533 Basilius
1064 2500 1111 2532 di-

218 2548 334 2581 stinxit
356 2548 374 2580 a
396 2547 663 2593 Parasynagoga.
694 2550 735 2583 Et
757 2550 859 2583 reste.
885 2551 969 2583 Sunt
997 2560 1106 2583 tamen

220 2599 340 2640 species
360 2597 500 2640 ejusdem
525 2599 668 2643 generis,
694 2611 730 2633 ac
742 2601 841 2634 ferme
852 2598 995 2643 ejusdem
1017 2610 1111 2633 natu-

221 2660 279 2681 τε.

274 2698 317 2731 Et
329 2696 408 2732 hinc
419 2699 530 2742 paffim
542 2699 682 2733 dicimus
694 2698 829 2736 schisma
849 2702 911 2735 esse
922 2700 1022 2734 altare
1035 2710 1108 2733 con·

221 2757 270 2781 tra
281 2748 398 2782 altare.
426 2751 507 2783 Hoc
528 2750 572 2783 est
596 2760 883 2793 genuscommune
897 2749 1058 2784 schismati
1078 2750 1110 2783 ὅ(

222 2799 491 2843 parasynagogae.
522 2800 569 2833 Ita
582 2800 734 2834 adversus
753 2801 939 2835 Felicissimi
964 2800 1109 2833 Diaconi

222 2847 362 2881 schisma
386 2850 530 2891 loquitur
541 2851 673 2883 Sanctus
685 2850 871 2894 Cyprianus
886 2852 917 2884 in
932 2849 1050 2884 lit'teris
1070 2848 1110 2882 ad

223 2899 315 2931 suam
339 2897 466 2941 plebem
480 2911 490 2931 :
518 2901 608 2932 Aliud
616 2901 712 2933 altare
722 2901 872 2941 constitui,
900 2909 954 2933 aut
974 2901 1110 2932 sacerdo-

223 2954 302 2981 tium
315 2958 427 2980 novum
433 2948 500 2989 fieri
512 2960 567 2981 non
576 2950 674 2996 potest.
703 2950 849 2994 ,Quisquis
861 2952 932 2984 alibi
945 2949 1087 2993 collegerit
1100 2974 1110 2989 ,

221 2996 339 3041 spargit
353 3022 359 3028 .
389 2999 559 3030 Adulterum
573 2999 610 3036 est
625 3023 636 3038 ,
661 3006 784 3042 impium
794 3002 829 3041 est
842 3025 852 3041 ,
872 3000 1048 3044 sacrilegum
1060 3000 1110 3040 est,

226 3049 426 3090 quodcumque
450 3047 577 3080 humano
590 3048 881 3090 furora-instituitur,
910 3060 943 3083 ut
968 3049 1111 3092 dlspofitlo

226 3100 344 3131 Divina
357 3099 483 3131 violetur
495 3122 502 3129 .
530 3098 653 3132 Divina
666 3099 753 3132 enim
764 3101 931 3145 dispositio
957 3100 1088 3133 mandat
1100 3124 1111 3140 ‚

227 3157 266 3181 ut
276 3148 373 3182 simus
387 3159 470 3181 unus
481 3149 571 3182 Grex
581 3148 613 3181 ὃ(
628 3156 712 3182 unus
721 3149 848 3184 Pastor:
877 3151 1024 3194 Populus
1038 3149 1110 3193 Epi—

226 3199 328 3241 scopo
347 3197 524 3232 adunatus-
551 3198 660 3231 Etiam
684 3198 717 3231 in
731 3200 867 3242 epistola
889 3202 930 3235 ad
953 3201 1109 3244 Rogatia-

227 3259 309 3282 num
334 3248 523 3282 Novensem
548 3249 746 3292 Episcopum
770 3250 956 3293 Cyprianus
984 3250 1109 3284 scribit:

95 3308 147 3350 a·
165 3314 210 3347 65·
228 3299 273 3331 §lc
297 3299 334 3332 de
354 3297 479 3339 Ecclefia
491 3300 652 3336 receditur,
674 3298 713 3340 fic
723 3301 818 3332 altare
832 3300 1021 3342 prophanum
1029 3300 1110 3341 foris

231 3349 378 3381 collocatur
390 3372 400 3388 ,
421 3348 460 3390 sic
480 3357 580 3381 contra
598 3356 704 3390 pacem
725 3349 834 3388 Christ}
853 3375 863 3392 ‚
891 3352 925 3384 (9·
946 3351 1110 3385 ordinatio-

332 3397 435 3438 Christ.
453 3402 530 3441 Lupi
538 3403 637 3441 Opera
647 3403 680 3432 T.
697 3402 756 3433 1X.

88 2927 140 2962 Ep.
158 2936 204 2961 40.

1140 192 1165 221 τ
1234 191 1252 221 1
1325 189 1344 219 s
1461 173 1516 219 V.
1902 176 1966 232 ες,

1151 272 1218 295 nem
1230 286 1241 301 ,
1265 266 1353 301 atque
1371 262 1516 291 unitatem
1528 261 1584 291 Dei
1595 256 1770 291 rebellatur.
1798 261 1842 295 Et
1854 261 1895 295 in·
1913 256 2030 296 litte'ri'g

1151 311 1190 345 ad
1203 310 1356 345 Samstum
1367 308 1569 352 Stephanum
1582 306 1779 343 Pontificem
1788 313 1803 340 ’.·
1831 315 2038 345 Νουαηαηιω

1151 358 1293 402 Episcopo
1319 361 1453 393 Cornelio
1481 357 1674 401 prophanum
1693 359 1791 391 attare
1816 364 1925 401 erigere
1947 386 1957 400 ‚
1994 363 2030 395 (5

1150 410 1320 443 adulteram
1332 409 1519 443 cathedram
1534 410 1665 442 collocare
1678 433 1688 449 ,
1716 410 1750 441 &
1768 406 1912 450 sacrilega
1931 418 2031 443 contra

1152 471 1254 493 verum
1264 462 1447 493 sacerdotem
1465 457 1613 502 sacrificia
1636 458 1739 499 offerre
1749 462 1902 491 tentavit.
1931 457 1975 490 Et
1997 459 2032 491 in

1154 510 1215 543 alia
1236 509 1276 543 ad
1300 510 1442 543 eundem
1466 508 1663 543 Pontificem
1675 508 1832 551 epistola:
1859 511 1974 539 Contra
1993 507 2038 539 al-

1154 569 1218 593 tare
1229 570 1317 593 unum
1326 568 1417 601 atque
1429 562 1577 592 Divlnum
1588 557 1820 602 sacrific-lason:
1833 555 1920 599 falsa
1937 558 1970 590 Θ
1988 555 2038 605 sa-¹

1154 609 1369 654 crilegaoffbrre
1379 614 1477 641 conati
1494 607 1585 652 fiant.
1612 610 1694 656 Qae
1706 606 1825 651 phrasis
1845 607 1944 641 etiam
1955 607 2039 641 San⁴

1155 663 1207 694 sto
1230 663 1378 703 Optato,
1404 671 1442 692 ac
1464 659 1538 692 aliis
1559 658 1733 692 Latinis&
1747 658 1868 691 Graecis
1890 658 2039 691 Ecclefiae

1156 708 1557 744 Patribusestfamiliaris.
1586 706 1730 742 Proinde
1741 708 1782 742 ad
1795 708 1928 751 plenum
1948 704 2041 741 schis-

1157 772 1209 793 ma
1234 771 1300 793 non
1315 760 1426 803 quevis
1438 769 1551 792 contra
1576 758 1773 802 Episcopum
1785 757 1966 797 discordia,
1994 768 2041 790 re-

1157 810 1279 849 bellio,
1306 821 1360 844 aut
1373 808 1619 843 communionis
1631 809 1785 842 discretio
1808 808 1941 841 sufficit.
1971 808 2041 840 Eri-

1157 861 1191 905 gi
1204 859 1300 894 debet
1322 860 1444 893 novum
1463 859 1582 899 altare,
1608 858 1642 891 ὃ(
1666 859 1859 903 congregari
1876 857 2046 901 parasyna⁴

1157 921 1266 955 goga,
1291 909 1414 944 &hinc
1423 907 1575 944 adversus
1597 909 1808 947 Diaconum,
1833 908 1889 952 qui
1912 907 2044 950 Episco-

1159 972 1200 1003 po
1223 962 1280 994 suo
1303 960 1496 1005 Rogatiano
1506 963 1685 992 contumax
1696 958 1940 992 communicare
1952 957 2045 991 nole-

1158 1009 1213 1044 bat
1231 1010 1448 1051 ,Clericalern
1460 1009 1685 1044 obedientiam
1708 1008 1844 1042 nervose
1867 1015 2045 1052 exaggerat

1158 1061 1288 1094 San-stus
1311 1061 1516 1103 Cyprianus,
1544 1059 1576 1092 &
1597 1059 1765 1103 adjungit:
1794 1061 1840 1091 sic
1863 1059 1900 1091 de
1920 1053 2046 1098 Ecclesia

1158 1112 1304 1143 receditur
1314 1135 1325 1150 ‚
1345 1110 1386 1152 fic
1397 1112 1493 1144 altare
1502 1112 1655 1152 proprium
1662 1107 1741 1149 forts
1750 1110 1904 1141 collocatur
1914 1133 1921 1140 .
1951 1108 2049 1141 Affir-

1159 1170 1226 1194 mat
1237 1159 1331 1194 istam
1342 1160 1554 1194 rebellionem
1567 1156 1707 1193 necdum
1721 1159 1782 1191 effe
1806 1155 1960 1196 schisma,
1992 1155 2049 1190 sed

1159 1210 1331 1245 dumtaxat
1351 1210 1532 1245 schismatis
1554 1208 1725 1244 exordium
1738 1233 1745 1238 .
1774 1207 1885 1240 Etiam
1896 1205 2050 1240 Feliciffi-

1161 1272 1249 1294 mum
1281 1261 1471 1296 Diaconum
1495 1285 1506 1301 ,
1534 1261 1568 1295 &
1602 1259 1658 1303 ipsi
1681 1256 1878 1293 adhaerentes
1905 1256 2052 1300 quinque

1162 1309 1368 1354 Presbyteros
1394 1337 1405 1353 ,
1443 1309 1517 1345 licet
1551 1311 1608 1354 ipfi
1647 1307 1888 1344 contumaciter
1922 1307 2053 1340 recalci-

1163 1362 1275 1395 trarint
1301 1385 1313 1401 ‚
1353 1361 1387 1395 δε
1413 1361 1658 1395 communicare
1697 1360 1916 1393 aversarentur
1946 1377 1959 1396 ,
1982 1365 2054 1389 non

1163 1410 1269 1444 statim
1308 1410 1393 1444 dixit
1419 1410 1639 1444 schismaticos
1665 1434 1675 1450 ,
1711 1407 1762 1441 sed
1799 1407 1971 1441 dumtaxat
2007 1405 2055 1439 fa-

1162 1461 1280 1494 stiosos
1299 1468 1394 1503 atque
1415 1460 1550 1495 rebelles
1574 1485 1582 1492 .
1600 1457 1838 1493 'schismaticos
1864 1456 1970 1490 dicere
1993 1454 2054 1497 pri·

1164 1508 1254 1542 mum
1264 1510 1386 1552 coepit,
1407 1511 1581 1552 'postquam
1594 1509 1628 1542 in
1641 1509 1828 1550 nescioquo
1851 1517 1951 1550 prope
1976 1505 2055 1540 Car-

1163 1558 1334 1602 thaginem
1358 1568 1474 1592 monte
1507 1567 1677 1592 erexerunt
1711 1558 1898 1591 sceleratum
1929 1556 2054 1595 altare,

1164 1608 1368 1653 collegerunt
1379 1607 1581 1652 prophanam
1597 1608 1875 1652 parasynagogam
1887 1629 1898 1646 ,
1921 1606 1955 1639 &
1966 1605 1984 1638 ὲ
1995 1605 2055 1638 suae

1166 1658 1318 1692 factionis
1328 1658 1455 1702 gremio
1464 1659 1682 1692 Fortunatum
1691 1657 1920 1701 Presbyterum
1929 1655 2055 1689 transfi-

1165 1718 1322 1753 gurarunt
1335 1708 1368 1740 in
1383 1708 1534 1752 Episcopi
1548 1707 1672 1742 idolum
1686 1734 1692 1740 .
1707 1708 1785 1741 Dici
1797 1716 1876 1741 tunc
1887 1714 2055 1749 coeperunt

1168 1757 1304 1793 schisma
1316 1757 1494 1793 Montense
1505 1784 1512 1791 .
1525 1759 1636 1805 Qare
1652 1758 1844 1792 Montenses
1856 1758 1907 1790 seu
1921 1755 2056 1798 Rupita-

1169 1808 1203 1842 ni
1216 1809 1290 1842 sunt
1302 1807 1528 1852 duplices:Alii
1542 1819 1643 1852 prope
1654 1809 1799 1842 Romam
1809 1804 2056 1848 Donatiste,alii

1168 1869 1268 1902 prope
1281 1857 1518 1903 Carthaginem
1531 1857 1843 1902 Anti-Cyprianistae
1855 1883 1862 1889 .
1891 1856 1940 1889 Hi
1965 1856 2059 1889 dum-

1168 1919 1257 1943 taxat
1278 1906 1498 1948 schismatici,
1526 1908 1576 1942 isti
1601 1908 1877 1950 fueruntiusuper
1898 1906 2058 1939 haeretici.

1171 1960 1262 1992 Hinc
1289 1959 1369 1991 item
1394 1959 1555 2002 intelliges
1590 1958 1743 1992 Sanctum
1773 1960 1935 2000 Optatum
1957 1979 1968 1994 ,
2003 1953 2061 1997 qui

1171 2008 1289 2042 Africae
1309 2008 1415 2042 illatas
1446 2020 1500 2052 per
1512 2008 1761 2043 Donatistarum
1773 2006 1909 2039 schisma
1930 2005 2062 2037 calami-

1170 2069 1251 2093 tates
1283 2068 1547 2092 commemorans
1574 2059 1685 2091 scribit
1708 2070 1715 2087 :
1743 2059 1796 2087 Ea
1815 2061 1959 2096 imputate
1979 2055 2062 2091 illis,

1169 2115 1226 2152 qui
1241 2110 1382 2151 populum
1403 2112 1459 2142 Dei
1484 2106 1651 2147 diviserunt
1674 2130 1685 2145 ,
1710 2105 1743 2138 6·
1766 2104 1910 2145 Bafillcas
1924 2103 2063 2144 fecerunt

1170 2168 1226 2190 non
1239 2159 1428 2200 necqsart'as.
1459 2156 1501 2188 Et
1514 2156 1617 2188 infra:
1645 2159 1682 2187 In
1693 2154 1797 2195 afr-lca
1818 2155 1883 2187 ciam
1899 2151 2062 2195 sufficerent

1170 2208 1282 2247 templa
1295 2211 1353 2237 Dei
1365 2216 1430 2247 qaae
1438 2205 1567 2246 fuerant
1580 2228 1591 2244 ‚
1615 2205 1678 2238 alta
1683 2204 1787 2245 facere
1798 2206 1956 2238 voluerunt
1974 2207 2061 2236 Prin·

1169 2261 1248 2296 cipes
1261 2255 1369 2295 vestrl.
1398 2256 1447 2288 Hi
1472 2255 1613 2288 scelerati
1639 2255 1805 2298 Principes
1817 2253 1971 2288 omnibus
1992 2253 2061 2287 ubi-

1159 2315 1234 2347 ,que
1245 2304 1683 2346 Episcopis&Clericisnon
1706 2313 1881 2348 potuerunt
1902 2305 2061 2347 poeniten-

1172 2354 1264 2386 tiales
1286 2363 1400 2386 manus
1424 2353 1613 2396 imponere,
1635 2352 1688 2396 seu
1713 2362 1802 2395 caput
1826 2356 1863 2387 de
1881 2360 2060 2396 poenitentia

1170 2402 1322 2445 quassare,
1350 2403 1491 2444 ideoque
1506 2414 1566 2437 nec
1579 2404 1666 2446 ipsos
1677 2403 1814 2445 dejicere
1827 2429 1837 2445 ‚
1867 2415 1927 2437 nec
1946 2415 2060 2438 eorum

1172 2452 1278 2496 plebes
1289 2463 1422 2495 capere,
1451 2464 1510 2487 nec
1525 2453 1676 2487 Basilicas
1687 2454 1857 2487 invadere:
1886 2453 1996 2487 Plures
2008 2455 2063 2487 de·

1172 2504 1390 2536 monstrarunt
1403 2503 1433 2536 se
1443 2503 1504 2537 esse
1518 2503 1696 2546 Episcopos
1710 2528 1720 2542 ,
1745 2504 1922 2538 &Christo
1946 2503 2062 2536 Domi-

1173 2565 1218 2586 no
1230 2552 1418 2586 constantes
1429 2552 1648 2586 adhaeserunt.
1676 2553 1768 2586 Hinc
1790 2554 1997 2592 Donatistae,
2023 2563 2062 2586 ut

1171 2603 1270 2637 etiam
1300 2602 1396 2636 isthic
1419 2601 1575 2637 haberent
1599 2606 1811 2648 Synagogam
1844 2616 1882 2638 ac
1909 2604 2060 2647 Episcopi

1172 2652 1302 2686 Idolum
1331 2678 1341 2693 ‚
1366 2665 1469 2687 novas
1491 2654 1731 2687 aedificaverunt
1753 2654 1901 2688 Basilicas
1922 2679 1929 2686 .
1957 2652 2060 2700 Qod

1173 2702 1290 2746 nempe
1310 2703 1377 2737 fine
1398 2704 1532 2737 Basilica
1557 2705 1589 2737 &
1611 2704 1703 2737 altari
1728 2701 1862 2737 schisma
1877 2715 1945 2736 non
1965 2703 2060 2745 poffit

1171 2754 1233 2787 esse
1255 2753 1455 2796 completum
1473 2778 1479 2784 .
1509 2754 1587 2786 Non
1602 2753 1702 2796 igitur
1715 2754 1841 2796 quasvis
1863 2762 1964 2784 novas
1978 2752 2060 2784 Basi-

1172 2804 1273 2843 licas,
1303 2804 1356 2836 sed
1381 2802 1464 2837 istud
1478 2802 1665 2836 sceleratum
1688 2803 1815 2836 facinus
1825 2800 1960 2835 damnat
1975 2801 2059 2834 San-

1172 2855 1239 2886 stus
1250 2854 1409 2896 Optatus.
1436 2851 1621 2886 Istiusmodi
1637 2851 1785 2884 Basilicas
1798 2851 1933 2884 novellat
1957 2851 2061 2894 Impe-

1172 2903 1284 2936 ratoris
1310 2901 1482 2944 Iustiniani
1508 2903 1592 2946 leges
1613 2901 1777 2944 appellant
1790 2901 1921 2935 illicitas
1933 2902 2061 2943 spelun-

1171 2964 1223 2987 cas
1244 2977 1251 2984 .
1280 2952 1324 2985 Et
1346 2951 1516 2985 adversum
1541 2953 1620 2995 ipsas
1638 2960 1676 2984 ac
1712 2961 1822 2985 earum
1848 2951 2058 2986 exstructores

1171 3003 1280 3036 Mater
1293 3000 1435 3035 Ecclesia
1448 3001 1529 3034 olim
1544 3001 1685 3034 decrevit
1698 3025 1708 3041 ,
1735 3010 1771 3035 ut
1781 3001 1982 3037 aedificandae'
2000 3013 2057 3035 no·

1172 3064 1216 3086 vae
1239 3053 1380 3086 Bafilicae
1406 3051 1584 3094 Episcopus
1600 3052 1710 3084 locum
1721 3051 1864 3098 defiguet
1884 3053 1917 3085 ὅ(
1930 3051 2058 3084 benedi-

1172 3113 1242 3144 cat,
1267 3113 1367 3145 ,atque
1392 3102 1424 3134 in
1453 3102 1522 3144 ipso
1545 3101 1626 3144 figat
1648 3097 1920 3146 fig'num'crucis.
1951 3101 2057 3135 Aliter

1171 3153 1321 3187 aedificari
1346 3162 1411 3185 non
1435 3150 1594 3194 permittit
1609 3176 1616 3182 .
1644 3150 1772 3195 Nempe
1795 3164 1837 3186 ne
1857 3152 2056 3186 aedificentur

1173 3204 1454 3246 Parasynagogae.
1484 3200 1526 3234 Et
1549 3198 1635 3235 hisce
1659 3202 1888 3245 antiquissimis
1910 3201 2057 3234 Canoni-

1172 3253 1232 3287 bus
1244 3253 1442 3296 Iustinianus
1455 3250 1603 3292 adjunxit
1614 3252 1839 3286 austeritatem
1852 3252 1932 3295 legis
1945 3274 1953 3283 .

1221 3304 1377 3338 Attamen
1399 3301 1528 3335 secessio
1559 3301 1593 3335 δε
1618 3312 1742 3337 novum
1765 3302 1863 3335 altare
1885 3325 1895 3343 ,
1935 3311 1971 3334 ut
1992 3301 2055 3333 sint

1172 3353 1308 3388 schisma
1321 3362 1376 3387 aut
1387 3350 1634 3395 Parasynagoga
1647 3352 1851 3433 ‚Hrequitunt
1863 3352 2055 3432 pluresdcon·

1579 3409 1582 3413 .
1743 3412 1761 3448 3
1984 3411 2005 3432 ι,

2051 336 2102 373 ΕΡ.
2112 337 2158 369 67.

2056 530 2104 566 Ep.
2121 536 2167 563 70.

2077 2059 2107 2087 L.
2126 2068 2153 2094 3.

2078 2812 2134 2842 [ἐκ
2144 2816 2162 2841 6
2165 2823 2188 2846 7.
