<?xml version="1.0" encoding="UTF-8"?>
<!DOCTYPE html PUBLIC "-//W3C//DTD XHTML 1.0 Transitional//EN"
    "http://www.w3.org/TR/xhtml1/DTD/xhtml1-transitional.dtd">
<html xmlns="http://www.w3.org/1999/xhtml" xml:lang="en" lang="en">
 <head>
  <title>
</title>
<meta http-equiv="Content-Type" content="text/html;charset=utf-8" />
  <meta name='ocr-system' content='tesseract 3.04.00' />
  <meta name='ocr-capabilities' content='ocr_page ocr_carea ocr_par ocr_line ocrx_word'/>
</head>
<body>
  <div class='ocr_page' id='page_1' title='image "./operaomniastudio09lupuuoft/operaomniastudio09lupuuoft_0337.png"; bbox 0 0 2346 3724; ppageno 0'>
   <div class='ocr_carea' id='block_1_1' title="bbox 737 164 1153 210">
    <p class='ocr_par' dir='ltr' id='par_1_1' title="bbox 737 164 1153 210">
     <span class='ocr_line' id='line_1_1' title="bbox 737 164 1153 210; baseline -0.01 0"><span class='ocrx_word' id='word_1_1' title='bbox 737 164 1153 210; x_wconf 55' lang='lat' dir='ltr'>Capra</span> 
     </span>
    </p>
   </div>
   <div class='ocr_carea' id='block_1_2' title="bbox 235 239 1148 3327">
    <p class='ocr_par' dir='ltr' id='par_1_2' title="bbox 238 239 1126 832">
     <span class='ocr_line' id='line_1_2' title="bbox 239 239 1119 290; baseline -0.007 -7"><span class='ocrx_word' id='word_1_2' title='bbox 239 247 374 284; x_wconf 62' lang='lat' dir='ltr'>Praxeae</span> <span class='ocrx_word' id='word_1_3' title='bbox 398 270 410 289; x_wconf 85' lang='grc'><strong><em>,</em></strong></span> <span class='ocrx_word' id='word_1_4' title='bbox 434 244 469 279; x_wconf 75' lang='grc' dir='ltr'>δι</span> <span class='ocrx_word' id='word_1_5' title='bbox 493 239 626 279; x_wconf 82' lang='lat' dir='ltr'>Sabellii</span> <span class='ocrx_word' id='word_1_6' title='bbox 649 243 817 290; x_wconf 85' lang='lat' dir='ltr'>Baptisma</span> <span class='ocrx_word' id='word_1_7' title='bbox 840 243 991 279; x_wconf 79' lang='lat' dir='ltr'>exsufflat</span> <span class='ocrx_word' id='word_1_8' title='bbox 1015 267 1024 275; x_wconf 90' lang='lat'><strong>.</strong></span> <span class='ocrx_word' id='word_1_9' title='bbox 1059 243 1119 277; x_wconf 76' lang='lat' dir='ltr'>Di—</span> 
     </span>
     <span class='ocr_line' id='line_1_3' title="bbox 239 293 1120 342; baseline -0.008 -9"><span class='ocrx_word' id='word_1_10' title='bbox 239 298 379 342; x_wconf 74' lang='lat' dir='ltr'>stinguit</span> <span class='ocrx_word' id='word_1_11' title='bbox 411 296 498 329; x_wconf 84' lang='lat' dir='ltr'>inter</span> <span class='ocrx_word' id='word_1_12' title='bbox 529 294 751 330; x_wconf 84' lang='lat' dir='ltr'>schismaticos</span> <span class='ocrx_word' id='word_1_13' title='bbox 786 306 823 329; x_wconf 86' lang='lat' dir='ltr'>ac</span> <span class='ocrx_word' id='word_1_14' title='bbox 860 293 1028 328; x_wconf 77' lang='lat' dir='ltr'>haereticos</span> <span class='ocrx_word' id='word_1_15' title='bbox 1051 317 1062 332; x_wconf 94' lang='lat'>,</span> <span class='ocrx_word' id='word_1_16' title='bbox 1086 293 1120 327; x_wconf 88' lang='lat'>&amp;</span> 
     </span>
     <span class='ocr_line' id='line_1_4' title="bbox 241 344 1123 392; baseline -0.009 -9"><span class='ocrx_word' id='word_1_17' title='bbox 241 347 328 392; x_wconf 75' lang='lat' dir='ltr'>apud</span> <span class='ocrx_word' id='word_1_18' title='bbox 339 345 400 380; x_wconf 81' lang='lat' dir='ltr'>hos</span> <span class='ocrx_word' id='word_1_19' title='bbox 409 345 589 391; x_wconf 77' lang='lat' dir='ltr'>generatim</span> <span class='ocrx_word' id='word_1_20' title='bbox 599 347 752 380; x_wconf 71' lang='lat' dir='ltr'>asseverat</span> <span class='ocrx_word' id='word_1_21' title='bbox 765 345 856 381; x_wconf 78' lang='lat' dir='ltr'>nulia</span> <span class='ocrx_word' id='word_1_22' title='bbox 863 346 926 378; x_wconf 84' lang='lat' dir='ltr'>effe</span> <span class='ocrx_word' id='word_1_23' title='bbox 941 344 1123 377; x_wconf 73' lang='lat' dir='ltr'>sacramen-</span> 
     </span>
     <span class='ocr_line' id='line_1_5' title="bbox 238 393 1122 443; baseline -0.007 -11"><span class='ocrx_word' id='word_1_24' title='bbox 238 407 276 433; x_wconf 66' lang='lat' dir='ltr'>ta</span> <span class='ocrx_word' id='word_1_25' title='bbox 285 422 293 430; x_wconf 90' lang='lat'><strong>.</strong></span> <span class='ocrx_word' id='word_1_26' title='bbox 323 397 426 443; x_wconf 84' lang='lat' dir='ltr'>Qod</span> <span class='ocrx_word' id='word_1_27' title='bbox 437 395 541 438; x_wconf 81' lang='lat' dir='ltr'>ipsum</span> <span class='ocrx_word' id='word_1_28' title='bbox 554 395 668 430; x_wconf 84' lang='lat' dir='ltr'>docuit</span> <span class='ocrx_word' id='word_1_29' title='bbox 679 396 715 429; x_wconf 88' lang='lat' dir='ltr'>in</span> <span class='ocrx_word' id='word_1_30' title='bbox 727 394 813 429; x_wconf 89' lang='lat' dir='ltr'>libro</span> <span class='ocrx_word' id='word_1_31' title='bbox 824 404 940 438; x_wconf 88' lang='lat' dir='ltr'>quarto</span> <span class='ocrx_word' id='word_1_32' title='bbox 950 393 984 427; x_wconf 75' lang='grc' dir='ltr'>δε</span> <span class='ocrx_word' id='word_1_33' title='bbox 995 393 1122 437; x_wconf 86' lang='lat' dir='ltr'>quinto.</span> 
     </span>
     <span class='ocr_line' id='line_1_6' title="bbox 242 443 1124 488; baseline -0.006 -7"><span class='ocrx_word' id='word_1_34' title='bbox 242 447 289 482; x_wconf 79' lang='lat' dir='ltr'>Et</span> <span class='ocrx_word' id='word_1_35' title='bbox 299 445 378 480; x_wconf 83' lang='lat' dir='ltr'>hinc</span> <span class='ocrx_word' id='word_1_36' title='bbox 389 444 523 480; x_wconf 84' lang='lat' dir='ltr'>Gabriel</span> <span class='ocrx_word' id='word_1_37' title='bbox 536 444 756 488; x_wconf 78' lang='lat' dir='ltr'>Albaspinaeus</span> <span class='ocrx_word' id='word_1_38' title='bbox 765 470 777 486; x_wconf 86' lang='lat'><em>,</em></span> <span class='ocrx_word' id='word_1_39' title='bbox 799 443 997 477; x_wconf 69' lang='lat' dir='ltr'>doaiffimus</span> <span class='ocrx_word' id='word_1_40' title='bbox 1020 443 1124 479; x_wconf 76' lang='lat' dir='ltr'>Auro-</span> 
     </span>
     <span class='ocr_line' id='line_1_7' title="bbox 238 491 1125 539; baseline -0.007 -8"><span class='ocrx_word' id='word_1_41' title='bbox 238 495 392 531; x_wconf 81' lang='lat' dir='ltr'>lianenfis</span> <span class='ocrx_word' id='word_1_42' title='bbox 418 495 563 529; x_wconf 78' lang='lat' dir='ltr'>Ecciefiae</span> <span class='ocrx_word' id='word_1_43' title='bbox 584 496 759 538; x_wconf 81' lang='lat' dir='ltr'><strong>Episcopus</strong></span> <span class='ocrx_word' id='word_1_44' title='bbox 776 494 839 539; x_wconf 82' lang='lat' dir='ltr'>¹dat</span> <span class='ocrx_word' id='word_1_45' title='bbox 856 494 912 537; x_wconf 84' lang='lat' dir='ltr'>ipsi</span> <span class='ocrx_word' id='word_1_46' title='bbox 935 491 1000 527; x_wconf 82' lang='lat' dir='ltr'>hoc</span> <span class='ocrx_word' id='word_1_47' title='bbox 1022 492 1125 528; x_wconf 82' lang='lat' dir='ltr'>Scho-</span> 
     </span>
     <span class='ocr_line' id='line_1_8' title="bbox 242 543 1123 590; baseline -0.007 -9"><span class='ocrx_word' id='word_1_48' title='bbox 242 543 329 581; x_wconf 73' lang='lat' dir='ltr'>lion:</span> <span class='ocrx_word' id='word_1_49' title='bbox 358 550 423 590; x_wconf 82' lang='lat' dir='ltr'>Ego</span> <span class='ocrx_word' id='word_1_50' title='bbox 430 557 467 579; x_wconf 73' lang='lat' dir='ltr'>ex</span> <span class='ocrx_word' id='word_1_51' title='bbox 481 544 533 578; x_wconf 80' lang='lat' dir='ltr'>hoc</span> <span class='ocrx_word' id='word_1_52' title='bbox 544 547 579 580; x_wconf 67' lang='grc' dir='ltr'>ὀ·</span> <span class='ocrx_word' id='word_1_53' title='bbox 591 547 661 579; x_wconf 76' lang='lat' dir='ltr'>aliis</span> <span class='ocrx_word' id='word_1_54' title='bbox 670 547 773 578; x_wconf 70' lang='lat' dir='ltr'>inultis</span> <span class='ocrx_word' id='word_1_55' title='bbox 785 545 852 578; x_wconf 80' lang='lat' dir='ltr'>locis</span> <span class='ocrx_word' id='word_1_56' title='bbox 864 553 1010 586; x_wconf 81' lang='lat' dir='ltr'>quantum</span> <span class='ocrx_word' id='word_1_57' title='bbox 1032 545 1123 584; x_wconf 80' lang='lat' dir='ltr'>conji-</span> 
     </span>
     <span class='ocr_line' id='line_1_9' title="bbox 242 594 1124 638; baseline -0.006 -8"><span class='ocrx_word' id='word_1_58' title='bbox 242 602 304 638; x_wconf 80' lang='lat' dir='ltr'>cio,</span> <span class='ocrx_word' id='word_1_59' title='bbox 329 601 461 638; x_wconf 74' lang='lat' dir='ltr'>optatur</span> <span class='ocrx_word' id='word_1_60' title='bbox 473 607 532 629; x_wconf 85' lang='lat' dir='ltr'>non</span> <span class='ocrx_word' id='word_1_61' title='bbox 542 595 730 636; x_wconf 75' lang='lat' dir='ltr'>existimabat</span> <span class='ocrx_word' id='word_1_62' title='bbox 741 594 893 628; x_wconf 80' lang='lat' dir='ltr'>haereeicos</span> <span class='ocrx_word' id='word_1_63' title='bbox 902 594 978 637; x_wconf 80' lang='lat' dir='ltr'>poffe</span> <span class='ocrx_word' id='word_1_64' title='bbox 989 594 1124 636; x_wconf 80' lang='lat' dir='ltr'>baptiza—</span> 
     </span>
     <span class='ocr_line' id='line_1_10' title="bbox 240 641 1126 690; baseline -0.007 -9"><span class='ocrx_word' id='word_1_65' title='bbox 240 658 275 681; x_wconf 73' lang='lat' dir='ltr'>re</span> <span class='ocrx_word' id='word_1_66' title='bbox 287 671 295 678; x_wconf 92' lang='lat'>.</span> <span class='ocrx_word' id='word_1_67' title='bbox 322 647 478 690; x_wconf 76' lang='lat' dir='ltr'>‚Quidquid</span> <span class='ocrx_word' id='word_1_68' title='bbox 487 645 546 686; x_wconf 82' lang='lat' dir='ltr'>fir,</span> <span class='ocrx_word' id='word_1_69' title='bbox 572 657 712 689; x_wconf 83' lang='lat' dir='ltr'>magnum</span> <span class='ocrx_word' id='word_1_70' title='bbox 735 651 814 678; x_wconf 81' lang='lat' dir='ltr'>inter</span> <span class='ocrx_word' id='word_1_71' title='bbox 826 644 978 679; x_wconf 70' lang='lat' dir='ltr'>isa-reticos</span> <span class='ocrx_word' id='word_1_72' title='bbox 995 645 1029 677; x_wconf 64' lang='grc' dir='ltr'>(ς</span> <span class='ocrx_word' id='word_1_73' title='bbox 1037 641 1126 686; x_wconf 81' lang='lat' dir='ltr'>schis-</span> 
     </span>
     <span class='ocr_line' id='line_1_11' title="bbox 242 693 1125 742; baseline -0.002 -13"><span class='ocrx_word' id='word_1_74' title='bbox 242 702 363 730; x_wconf 75' lang='lat' dir='ltr'>maritos</span> <span class='ocrx_word' id='word_1_75' title='bbox 370 702 457 738; x_wconf 85' lang='lat' dir='ltr'>ponit</span> <span class='ocrx_word' id='word_1_76' title='bbox 466 694 623 738; x_wconf 68' lang='lat' dir='ltr'>difitrimen</span> <span class='ocrx_word' id='word_1_77' title='bbox 637 719 645 727; x_wconf 88' lang='lat'><strong>.</strong></span> <span class='ocrx_word' id='word_1_78' title='bbox 671 695 791 742; x_wconf 77' lang='lat' dir='ltr'>Quoad</span> <span class='ocrx_word' id='word_1_79' title='bbox 807 693 972 733; x_wconf 68' lang='lat' dir='ltr'>haereticos</span> <span class='ocrx_word' id='word_1_80' title='bbox 998 694 1125 728; x_wconf 89' lang='lat' dir='ltr'>videtur</span> 
     </span>
     <span class='ocr_line' id='line_1_12' title="bbox 241 745 1126 793; baseline -0.003 -13"><span class='ocrx_word' id='word_1_81' title='bbox 241 745 433 782; x_wconf 60' lang='lat' dir='ltr'>Sanctorum</span> <span class='ocrx_word' id='word_1_82' title='bbox 455 745 615 793; x_wconf 83' lang='lat' dir='ltr'>Cypriani</span> <span class='ocrx_word' id='word_1_83' title='bbox 637 757 676 782; x_wconf 85' lang='lat' dir='ltr'>ac</span> <span class='ocrx_word' id='word_1_84' title='bbox 697 745 885 784; x_wconf 86' lang='lat' dir='ltr'>Firmiliani</span> <span class='ocrx_word' id='word_1_85' title='bbox 895 755 1037 783; x_wconf 82' lang='lat' dir='ltr'>errorem</span> <span class='ocrx_word' id='word_1_86' title='bbox 1055 753 1126 792; x_wconf 80' lang='lat' dir='ltr'>pro·</span> 
     </span>
     <span class='ocr_line' id='line_1_13' title="bbox 242 795 348 832; baseline -0.009 -1"><span class='ocrx_word' id='word_1_87' title='bbox 242 795 348 832; x_wconf 78' lang='lat' dir='ltr'>basse.</span> 
     </span>
    </p>

    <p class='ocr_par' dir='ltr' id='par_1_3' title="bbox 235 845 1148 1940">
     <span class='ocr_line' id='line_1_14' title="bbox 291 845 1126 892; baseline -0.002 -11"><span class='ocrx_word' id='word_1_88' title='bbox 291 847 383 883; x_wconf 86' lang='lat' dir='ltr'>Idem</span> <span class='ocrx_word' id='word_1_89' title='bbox 395 848 516 882; x_wconf 82' lang='lat' dir='ltr'>docent</span> <span class='ocrx_word' id='word_1_90' title='bbox 526 847 673 892; x_wconf 82' lang='lat' dir='ltr'>vulgares</span> <span class='ocrx_word' id='word_1_91' title='bbox 695 845 931 891; x_wconf 78' lang='lat' dir='ltr'>Apostolorum</span> <span class='ocrx_word' id='word_1_92' title='bbox 949 846 1104 881; x_wconf 83' lang='lat' dir='ltr'>Canoues</span> <span class='ocrx_word' id='word_1_93' title='bbox 1116 867 1126 884; x_wconf 89' lang='lat'>,</span> 
     </span>
     <span class='ocr_line' id='line_1_15' title="bbox 240 893 1126 941; baseline -0.003 -8"><span class='ocrx_word' id='word_1_94' title='bbox 240 897 370 933; x_wconf 68' lang='lat' dir='ltr'>Auctor</span> <span class='ocrx_word' id='word_1_95' title='bbox 391 897 659 941; x_wconf 86' lang='lat' dir='ltr'>Apostolicarum</span> <span class='ocrx_word' id='word_1_96' title='bbox 679 897 968 932; x_wconf 83' lang='lat' dir='ltr'>Constitutionum</span> <span class='ocrx_word' id='word_1_97' title='bbox 985 922 997 937; x_wconf 88' lang='lat'><em>,</em></span> <span class='ocrx_word' id='word_1_98' title='bbox 1022 896 1057 930; x_wconf 83' lang='lat'>&amp;</span> <span class='ocrx_word' id='word_1_99' title='bbox 1091 893 1126 926; x_wconf 78' lang='lat' dir='ltr'>in</span> 
     </span>
     <span class='ocr_line' id='line_1_16' title="bbox 241 944 1128 991; baseline -0.006 -9"><span class='ocrx_word' id='word_1_100' title='bbox 241 948 424 982; x_wconf 86' lang='lat' dir='ltr'>Canonicis</span> <span class='ocrx_word' id='word_1_101' title='bbox 453 946 495 982; x_wconf 91' lang='lat' dir='ltr'>ad</span> <span class='ocrx_word' id='word_1_102' title='bbox 521 949 675 982; x_wconf 67' lang='lat' dir='ltr'>Sanctum</span> <span class='ocrx_word' id='word_1_103' title='bbox 708 946 986 991; x_wconf 79' lang='lat' dir='ltr'><strong>Amphilochium</strong></span> <span class='ocrx_word' id='word_1_104' title='bbox 1011 944 1128 979; x_wconf 82' lang='lat' dir='ltr'>litteris</span> 
     </span>
     <span class='ocr_line' id='line_1_17' title="bbox 240 997 1128 1043; baseline -0.006 -11"><span class='ocrx_word' id='word_1_105' title='bbox 240 997 389 1043; x_wconf 84' lang='lat' dir='ltr'>Magnus</span> <span class='ocrx_word' id='word_1_106' title='bbox 403 997 556 1036; x_wconf 79' lang='lat' dir='ltr'>Basilius,</span> <span class='ocrx_word' id='word_1_107' title='bbox 580 998 673 1041; x_wconf 82' lang='lat' dir='ltr'>cujus</span> <span class='ocrx_word' id='word_1_108' title='bbox 682 999 808 1031; x_wconf 62' lang='lat' dir='ltr'>sensum</span> <span class='ocrx_word' id='word_1_109' title='bbox 828 1005 1009 1038; x_wconf 88' lang='lat' dir='ltr'>utcumque</span> <span class='ocrx_word' id='word_1_110' title='bbox 1028 1004 1128 1036; x_wconf 82' lang='lat' dir='ltr'>expo-</span> 
     </span>
     <span class='ocr_line' id='line_1_18' title="bbox 238 1044 1129 1090; baseline -0.003 -9"><span class='ocrx_word' id='word_1_111' title='bbox 238 1048 291 1082; x_wconf 83' lang='lat' dir='ltr'>sui</span> <span class='ocrx_word' id='word_1_112' title='bbox 302 1051 337 1082; x_wconf 88' lang='lat' dir='ltr'>in</span> <span class='ocrx_word' id='word_1_113' title='bbox 351 1047 477 1082; x_wconf 80' lang='lat' dir='ltr'>scholio</span> <span class='ocrx_word' id='word_1_114' title='bbox 487 1048 615 1090; x_wconf 79' lang='lat' dir='ltr'>septimi</span> <span class='ocrx_word' id='word_1_115' title='bbox 629 1046 778 1082; x_wconf 61' lang='lat' dir='ltr'>Canonic-</span> <span class='ocrx_word' id='word_1_116' title='bbox 790 1044 1129 1088; x_wconf 78' lang='lat' dir='ltr'>Constantinopolita-</span> 
     </span>
     <span class='ocr_line' id='line_1_19' title="bbox 237 1093 1125 1139; baseline -0.005 -8"><span class='ocrx_word' id='word_1_117' title='bbox 237 1098 296 1131; x_wconf 70' lang='grc' dir='ltr'>υἱ.</span> <span class='ocrx_word' id='word_1_118' title='bbox 322 1096 583 1139; x_wconf 72' lang='lat' dir='ltr'>pepuzianorum</span> <span class='ocrx_word' id='word_1_119' title='bbox 602 1097 657 1130; x_wconf 85' lang='lat' dir='ltr'>seu</span> <span class='ocrx_word' id='word_1_120' title='bbox 680 1094 984 1136; x_wconf 81' lang='lat' dir='ltr'>Montanistarum,</span> <span class='ocrx_word' id='word_1_121' title='bbox 1011 1093 1125 1128; x_wconf 89' lang='lat' dir='ltr'>nonin</span> 
     </span>
     <span class='ocr_line' id='line_1_20' title="bbox 236 1144 1127 1188; baseline -0.004 -7"><span class='ocrx_word' id='word_1_122' title='bbox 236 1147 340 1181; x_wconf 71' lang='lat' dir='ltr'>trium</span> <span class='ocrx_word' id='word_1_123' title='bbox 359 1146 560 1180; x_wconf 70' lang='lat' dir='ltr'>Divinarum</span> <span class='ocrx_word' id='word_1_124' title='bbox 582 1146 788 1188; x_wconf 84' lang='lat' dir='ltr'>personarum</span> <span class='ocrx_word' id='word_1_125' title='bbox 811 1170 821 1186; x_wconf 95' lang='lat'><strong>,</strong></span> <span class='ocrx_word' id='word_1_126' title='bbox 848 1145 903 1179; x_wconf 87' lang='lat' dir='ltr'>sed</span> <span class='ocrx_word' id='word_1_127' title='bbox 934 1145 974 1179; x_wconf 86' lang='lat' dir='ltr'>in</span> <span class='ocrx_word' id='word_1_128' title='bbox 997 1144 1127 1184; x_wconf 86' lang='lat' dir='ltr'>Patris,</span> 
     </span>
     <span class='ocr_line' id='line_1_21' title="bbox 238 1194 1148 1237; baseline -0.001 -8"><span class='ocrx_word' id='word_1_129' title='bbox 238 1196 302 1229; x_wconf 79' lang='lat' dir='ltr'>filii</span> <span class='ocrx_word' id='word_1_130' title='bbox 314 1221 325 1237; x_wconf 94' lang='lat'>,</span> <span class='ocrx_word' id='word_1_131' title='bbox 350 1195 528 1234; x_wconf 87' lang='lat' dir='ltr'>Montani,</span> <span class='ocrx_word' id='word_1_132' title='bbox 552 1196 586 1229; x_wconf 74' lang='grc' dir='ltr'>ἀ</span> <span class='ocrx_word' id='word_1_133' title='bbox 598 1195 752 1229; x_wconf 59' lang='lat' dir='ltr'>Priscillae</span> <span class='ocrx_word' id='word_1_134' title='bbox 764 1194 898 1229; x_wconf 85' lang='lat' dir='ltr'>nomine</span> <span class='ocrx_word' id='word_1_135' title='bbox 909 1195 1128 1234; x_wconf 83' lang='lat' dir='ltr'>abluentium,</span> <span class='ocrx_word' id='word_1_136' title='bbox 1140 1216 1148 1224; x_wconf 86' lang='lat'>·</span> 
     </span>
     <span class='ocr_line' id='line_1_22' title="bbox 241 1243 1127 1289; baseline -0.002 -10"><span class='ocrx_word' id='word_1_137' title='bbox 241 1245 410 1288; x_wconf 86' lang='lat' dir='ltr'>Baptisma</span> <span class='ocrx_word' id='word_1_138' title='bbox 422 1243 503 1279; x_wconf 64' lang='lat' dir='ltr'>reste</span> <span class='ocrx_word' id='word_1_139' title='bbox 522 1243 615 1279; x_wconf 81' lang='lat' dir='ltr'>addit</span> <span class='ocrx_word' id='word_1_140' title='bbox 634 1245 653 1280; x_wconf 71' lang='grc' dir='ltr'>ὲ</span> <span class='ocrx_word' id='word_1_141' title='bbox 675 1245 807 1279; x_wconf 87' lang='lat' dir='ltr'>nemine</span> <span class='ocrx_word' id='word_1_142' title='bbox 824 1244 1043 1289; x_wconf 83' lang='lat' dir='ltr'>probandum.</span> <span class='ocrx_word' id='word_1_143' title='bbox 1071 1243 1127 1278; x_wconf 81' lang='lat' dir='ltr'>An</span> 
     </span>
     <span class='ocr_line' id='line_1_23' title="bbox 238 1295 1128 1339; baseline -0.003 -8"><span class='ocrx_word' id='word_1_144' title='bbox 238 1306 352 1331; x_wconf 83' lang='lat' dir='ltr'>tamen</span> <span class='ocrx_word' id='word_1_145' title='bbox 372 1296 525 1331; x_wconf 72' lang='lat' dir='ltr'>Sannum</span> <span class='ocrx_word' id='word_1_146' title='bbox 545 1295 747 1339; x_wconf 83' lang='lat' dir='ltr'>Dionysium</span> <span class='ocrx_word' id='word_1_147' title='bbox 761 1295 1046 1336; x_wconf 80' lang='lat' dir='ltr'>Alexandrinum,</span> <span class='ocrx_word' id='word_1_148' title='bbox 1071 1295 1128 1336; x_wconf 87' lang='lat' dir='ltr'>qui</span> 
     </span>
     <span class='ocr_line' id='line_1_24' title="bbox 239 1345 1126 1391; baseline -0.002 -11"><span class='ocrx_word' id='word_1_149' title='bbox 239 1346 328 1381; x_wconf 80' lang='lat' dir='ltr'>istud</span> <span class='ocrx_word' id='word_1_150' title='bbox 352 1345 539 1389; x_wconf 86' lang='lat' dir='ltr'>prrobavit,</span> <span class='ocrx_word' id='word_1_151' title='bbox 564 1346 647 1380; x_wconf 62' lang='lat' dir='ltr'>redte</span> <span class='ocrx_word' id='word_1_152' title='bbox 669 1347 799 1390; x_wconf 81' lang='lat' dir='ltr'>culpet,</span> <span class='ocrx_word' id='word_1_153' title='bbox 826 1347 964 1391; x_wconf 86' lang='lat' dir='ltr'>ignoro.</span> <span class='ocrx_word' id='word_1_154' title='bbox 993 1346 1126 1380; x_wconf 84' lang='lat' dir='ltr'>Etenim</span> 
     </span>
     <span class='ocr_line' id='line_1_25' title="bbox 237 1394 1128 1440; baseline -0.003 -9"><span class='ocrx_word' id='word_1_155' title='bbox 237 1395 397 1439; x_wconf 85' lang='lat' dir='ltr'>Dionysii</span> <span class='ocrx_word' id='word_1_156' title='bbox 414 1396 580 1431; x_wconf 74' lang='lat' dir='ltr'>Successor</span> <span class='ocrx_word' id='word_1_157' title='bbox 599 1395 746 1440; x_wconf 79' lang='lat' dir='ltr'>Magnus</span> <span class='ocrx_word' id='word_1_158' title='bbox 769 1395 964 1431; x_wconf 71' lang='lat' dir='ltr'>Athanasius</span> <span class='ocrx_word' id='word_1_159' title='bbox 987 1396 1023 1429; x_wconf 86' lang='lat' dir='ltr'>in</span> <span class='ocrx_word' id='word_1_160' title='bbox 1034 1394 1128 1430; x_wconf 84' lang='lat' dir='ltr'>tertia</span> 
     </span>
     <span class='ocr_line' id='line_1_26' title="bbox 235 1445 1131 1489; baseline -0.001 -9"><span class='ocrx_word' id='word_1_161' title='bbox 235 1446 412 1480; x_wconf 75' lang='lat' dir='ltr'>adversum</span> <span class='ocrx_word' id='word_1_162' title='bbox 426 1446 570 1480; x_wconf 83' lang='lat' dir='ltr'>Arianos</span> <span class='ocrx_word' id='word_1_163' title='bbox 583 1446 732 1481; x_wconf 73' lang='lat' dir='ltr'>oratione</span> <span class='ocrx_word' id='word_1_164' title='bbox 742 1446 848 1489; x_wconf 69' lang='lat' dir='ltr'>palam</span> <span class='ocrx_word' id='word_1_165' title='bbox 859 1457 896 1481; x_wconf 85' lang='lat' dir='ltr'>ac</span> <span class='ocrx_word' id='word_1_166' title='bbox 908 1445 1025 1481; x_wconf 77' lang='lat' dir='ltr'>diserte</span> <span class='ocrx_word' id='word_1_167' title='bbox 1048 1446 1131 1481; x_wconf 87' lang='lat' dir='ltr'>affit-</span> 
     </span>
     <span class='ocr_line' id='line_1_27' title="bbox 238 1494 1129 1540; baseline -0.001 -9"><span class='ocrx_word' id='word_1_168' title='bbox 238 1505 310 1531; x_wconf 82' lang='lat' dir='ltr'>mat</span> <span class='ocrx_word' id='word_1_169' title='bbox 330 1494 574 1540; x_wconf 85' lang='lat' dir='ltr'>Cata-Phryges</span> <span class='ocrx_word' id='word_1_170' title='bbox 593 1495 627 1529; x_wconf 92' lang='lat' dir='ltr'>in</span> <span class='ocrx_word' id='word_1_171' title='bbox 649 1496 751 1530; x_wconf 85' lang='lat' dir='ltr'>trium</span> <span class='ocrx_word' id='word_1_172' title='bbox 763 1497 960 1532; x_wconf 81' lang='lat' dir='ltr'>Divinarum</span> <span class='ocrx_word' id='word_1_173' title='bbox 981 1498 1129 1540; x_wconf 81' lang='lat' dir='ltr'>per-sona·</span> 
     </span>
     <span class='ocr_line' id='line_1_28' title="bbox 237 1545 1130 1590; baseline 0 -10"><span class='ocrx_word' id='word_1_174' title='bbox 237 1556 314 1583; x_wconf 74' lang='lat' dir='ltr'>rum</span> <span class='ocrx_word' id='word_1_175' title='bbox 338 1546 474 1589; x_wconf 83' lang='lat' dir='ltr'>nomine</span> <span class='ocrx_word' id='word_1_176' title='bbox 495 1545 686 1588; x_wconf 76' lang='lat' dir='ltr'>baptizasse.</span> <span class='ocrx_word' id='word_1_177' title='bbox 712 1546 801 1581; x_wconf 84' lang='lat' dir='ltr'>Istud</span> <span class='ocrx_word' id='word_1_178' title='bbox 822 1548 926 1590; x_wconf 87' lang='lat' dir='ltr'>ipsum</span> <span class='ocrx_word' id='word_1_179' title='bbox 941 1548 1077 1580; x_wconf 86' lang='lat' dir='ltr'>affirmat</span> <span class='ocrx_word' id='word_1_180' title='bbox 1090 1546 1130 1580; x_wconf 92' lang='lat' dir='ltr'>de</span> 
     </span>
     <span class='ocr_line' id='line_1_29' title="bbox 240 1595 1130 1637; baseline -0.001 -7"><span class='ocrx_word' id='word_1_181' title='bbox 240 1596 378 1631; x_wconf 74' lang='lat' dir='ltr'>Arianis</span> <span class='ocrx_word' id='word_1_182' title='bbox 402 1621 413 1637; x_wconf 92' lang='lat'><strong>,</strong></span> <span class='ocrx_word' id='word_1_183' title='bbox 437 1596 606 1633; x_wconf 79' lang='lat' dir='ltr'>Paulianis</span> <span class='ocrx_word' id='word_1_184' title='bbox 625 1619 637 1637; x_wconf 91' lang='lat'>‚</span> <span class='ocrx_word' id='word_1_185' title='bbox 661 1607 700 1630; x_wconf 81' lang='lat' dir='ltr'>ac</span> <span class='ocrx_word' id='word_1_186' title='bbox 723 1595 918 1631; x_wconf 86' lang='lat' dir='ltr'>Manichaeis</span> <span class='ocrx_word' id='word_1_187' title='bbox 938 1621 946 1629; x_wconf 96' lang='lat'>.</span> <span class='ocrx_word' id='word_1_188' title='bbox 981 1595 1130 1631; x_wconf 85' lang='lat' dir='ltr'>Discedit</span> 
     </span>
     <span class='ocr_line' id='line_1_30' title="bbox 237 1645 1130 1688; baseline 0 -8"><span class='ocrx_word' id='word_1_189' title='bbox 237 1655 352 1680; x_wconf 83' lang='lat' dir='ltr'>tamen</span> <span class='ocrx_word' id='word_1_190' title='bbox 369 1645 391 1679; x_wconf 69' lang='grc' dir='ltr'>ὲ</span> <span class='ocrx_word' id='word_1_191' title='bbox 414 1646 571 1688; x_wconf 75' lang='lat' dir='ltr'>Dionys-ii</span> <span class='ocrx_word' id='word_1_192' title='bbox 582 1647 760 1681; x_wconf 80' lang='lat' dir='ltr'>sententia:</span> <span class='ocrx_word' id='word_1_193' title='bbox 788 1648 953 1681; x_wconf 83' lang='lat' dir='ltr'>Omnium</span> <span class='ocrx_word' id='word_1_194' title='bbox 971 1646 1105 1681; x_wconf 78' lang='lat' dir='ltr'>istorum</span> <span class='ocrx_word' id='word_1_195' title='bbox 1120 1671 1130 1687; x_wconf 87' lang='lat'>‚</span> 
     </span>
     <span class='ocr_line' id='line_1_31' title="bbox 239 1695 1128 1740; baseline 0.002 -12"><span class='ocrx_word' id='word_1_196' title='bbox 239 1696 332 1737; x_wconf 85' lang='lat' dir='ltr'>quod</span> <span class='ocrx_word' id='word_1_197' title='bbox 359 1695 659 1740; x_wconf 79' lang='lat' dir='ltr'>Evangeiicorum,</span> <span class='ocrx_word' id='word_1_198' title='bbox 685 1697 805 1740; x_wconf 90' lang='lat' dir='ltr'>quibus</span> <span class='ocrx_word' id='word_1_199' title='bbox 827 1708 964 1732; x_wconf 87' lang='lat' dir='ltr'>utuntur</span> <span class='ocrx_word' id='word_1_200' title='bbox 982 1722 992 1738; x_wconf 91' lang='lat'>,</span> <span class='ocrx_word' id='word_1_201' title='bbox 1020 1696 1128 1731; x_wconf 63' lang='lat' dir='ltr'>verbo</span> 
     </span>
     <span class='ocr_line' id='line_1_32' title="bbox 237 1744 1131 1790; baseline 0 -11"><span class='ocrx_word' id='word_1_202' title='bbox 237 1756 314 1779; x_wconf 83' lang='lat' dir='ltr'>xum</span> <span class='ocrx_word' id='word_1_203' title='bbox 337 1744 574 1790; x_wconf 81' lang='lat' dir='ltr'>Evangelicum</span> <span class='ocrx_word' id='word_1_204' title='bbox 597 1747 725 1783; x_wconf 75' lang='lat' dir='ltr'>sensum</span> <span class='ocrx_word' id='word_1_205' title='bbox 750 1759 818 1782; x_wconf 83' lang='lat' dir='ltr'>non</span> <span class='ocrx_word' id='word_1_206' title='bbox 846 1758 1000 1788; x_wconf 79' lang='lat' dir='ltr'>teneant,</span> <span class='ocrx_word' id='word_1_207' title='bbox 1025 1757 1131 1790; x_wconf 82' lang='lat' dir='ltr'>repro-</span> 
     </span>
     <span class='ocr_line' id='line_1_33' title="bbox 239 1794 1131 1842; baseline -0.002 -11"><span class='ocrx_word' id='word_1_208' title='bbox 239 1794 322 1831; x_wconf 79' lang='lat' dir='ltr'>bans</span> <span class='ocrx_word' id='word_1_209' title='bbox 333 1794 520 1838; x_wconf 78' lang='lat' dir='ltr'>Baptisma.</span> <span class='ocrx_word' id='word_1_210' title='bbox 547 1796 891 1842; x_wconf 81' lang='lat' dir='ltr'>Montanistaeigitur‚</span> <span class='ocrx_word' id='word_1_211' title='bbox 919 1798 1054 1832; x_wconf 79' lang='lat' dir='ltr'>solemni</span> <span class='ocrx_word' id='word_1_212' title='bbox 1072 1796 1131 1829; x_wconf 71' lang='lat' dir='ltr'>11ae-</span> 
     </span>
     <span class='ocr_line' id='line_1_34' title="bbox 239 1845 1131 1885; baseline 0 -6"><span class='ocrx_word' id='word_1_213' title='bbox 239 1845 418 1881; x_wconf 80' lang='lat' dir='ltr'>reticorum</span> <span class='ocrx_word' id='word_1_214' title='bbox 430 1857 542 1885; x_wconf 86' lang='lat' dir='ltr'>more,</span> <span class='ocrx_word' id='word_1_215' title='bbox 565 1845 850 1880; x_wconf 71' lang='lat' dir='ltr'>distractifuerunt</span> <span class='ocrx_word' id='word_1_216' title='bbox 877 1848 912 1880; x_wconf 86' lang='lat' dir='ltr'>in</span> <span class='ocrx_word' id='word_1_217' title='bbox 934 1846 1074 1881; x_wconf 73' lang='lat' dir='ltr'>diversas</span> <span class='ocrx_word' id='word_1_218' title='bbox 1086 1856 1131 1879; x_wconf 88' lang='lat' dir='ltr'>at·</span> 
     </span>
     <span class='ocr_line' id='line_1_35' title="bbox 237 1893 1132 1940; baseline -0.001 -11"><span class='ocrx_word' id='word_1_219' title='bbox 237 1906 306 1940; x_wconf 73' lang='lat' dir='ltr'>que</span> <span class='ocrx_word' id='word_1_220' title='bbox 315 1893 462 1938; x_wconf 73' lang='lat' dir='ltr'>adversas</span> <span class='ocrx_word' id='word_1_221' title='bbox 475 1895 605 1935; x_wconf 65' lang='lat' dir='ltr'>classes,</span> <span class='ocrx_word' id='word_1_222' title='bbox 633 1895 824 1939; x_wconf 79' lang='lat' dir='ltr'>Dogmata,</span> <span class='ocrx_word' id='word_1_223' title='bbox 849 1907 889 1930; x_wconf 84' lang='lat' dir='ltr'>ac</span> <span class='ocrx_word' id='word_1_224' title='bbox 912 1896 1132 1940; x_wconf 81' lang='lat' dir='ltr'>Baptismata.</span> 
     </span>
    </p>

    <p class='ocr_par' dir='ltr' id='par_1_4' title="bbox 235 1944 1133 3327">
     <span class='ocr_line' id='line_1_36' title="bbox 291 1944 1132 1989; baseline -0.002 -9"><span class='ocrx_word' id='word_1_225' title='bbox 291 1945 383 1980; x_wconf 80' lang='lat' dir='ltr'>Nam</span> <span class='ocrx_word' id='word_1_226' title='bbox 404 1944 601 1989; x_wconf 82' lang='lat' dir='ltr'>Septimium</span> <span class='ocrx_word' id='word_1_227' title='bbox 627 1944 793 1983; x_wconf 84' lang='lat' dir='ltr'>nostrum,</span> <span class='ocrx_word' id='word_1_228' title='bbox 818 1946 917 1978; x_wconf 87' lang='lat' dir='ltr'>etiam</span> <span class='ocrx_word' id='word_1_229' title='bbox 928 1947 998 1988; x_wconf 82' lang='lat' dir='ltr'>post</span> <span class='ocrx_word' id='word_1_230' title='bbox 1017 1946 1132 1979; x_wconf 86' lang='lat' dir='ltr'>admis-</span> 
     </span>
     <span class='ocr_line' id='line_1_37' title="bbox 237 1991 1133 2040; baseline -0.004 -10"><span class='ocrx_word' id='word_1_231' title='bbox 237 1995 308 2030; x_wconf 79' lang='lat' dir='ltr'>sam</span> <span class='ocrx_word' id='word_1_232' title='bbox 318 1994 479 2029; x_wconf 81' lang='lat' dir='ltr'>Montani</span> <span class='ocrx_word' id='word_1_233' title='bbox 491 1994 614 2026; x_wconf 63' lang='lat' dir='ltr'>Setiam</span> <span class='ocrx_word' id='word_1_234' title='bbox 626 2016 637 2031; x_wconf 91' lang='lat'>,</span> <span class='ocrx_word' id='word_1_235' title='bbox 664 1991 738 2034; x_wconf 85' lang='lat' dir='ltr'>quis</span> <span class='ocrx_word' id='word_1_236' title='bbox 749 1991 876 2026; x_wconf 83' lang='lat' dir='ltr'>dubitet</span> <span class='ocrx_word' id='word_1_237' title='bbox 892 1993 1043 2040; x_wconf 84' lang='lat' dir='ltr'>legitimo</span> <span class='ocrx_word' id='word_1_238' title='bbox 1053 1995 1133 2026; x_wconf 69' lang='lat' dir='ltr'>sem-</span> 
     </span>
     <span class='ocr_line' id='line_1_38' title="bbox 236 2041 1133 2088; baseline -0.001 -12"><span class='ocrx_word' id='word_1_239' title='bbox 236 2055 296 2088; x_wconf 62' lang='lat' dir='ltr'>per</span> <span class='ocrx_word' id='word_1_240' title='bbox 319 2042 420 2076; x_wconf 83' lang='lat' dir='ltr'>verbo</span> <span class='ocrx_word' id='word_1_241' title='bbox 442 2041 638 2085; x_wconf 71' lang='lat' dir='ltr'>baptizasse?</span> <span class='ocrx_word' id='word_1_242' title='bbox 667 2041 789 2075; x_wconf 79' lang='lat' dir='ltr'>Eadem</span> <span class='ocrx_word' id='word_1_243' title='bbox 801 2041 848 2075; x_wconf 86' lang='lat' dir='ltr'>est</span> <span class='ocrx_word' id='word_1_244' title='bbox 861 2043 946 2077; x_wconf 89' lang='lat' dir='ltr'>ratio</span> <span class='ocrx_word' id='word_1_245' title='bbox 968 2041 1133 2076; x_wconf 78' lang='lat' dir='ltr'>Paulian&#39;i-</span> 
     </span>
     <span class='ocr_line' id='line_1_39' title="bbox 237 2090 1132 2136; baseline 0 -9"><span class='ocrx_word' id='word_1_246' title='bbox 237 2093 378 2127; x_wconf 78' lang='lat' dir='ltr'>starum.</span> <span class='ocrx_word' id='word_1_247' title='bbox 404 2090 587 2136; x_wconf 84' lang='lat' dir='ltr'>Illegitimo</span> <span class='ocrx_word' id='word_1_248' title='bbox 598 2091 719 2134; x_wconf 90' lang='lat' dir='ltr'>quippe</span> <span class='ocrx_word' id='word_1_249' title='bbox 737 2092 833 2126; x_wconf 92' lang='lat' dir='ltr'>verbo</span> <span class='ocrx_word' id='word_1_250' title='bbox 845 2091 931 2136; x_wconf 87' lang='lat' dir='ltr'>ipsos</span> <span class='ocrx_word' id='word_1_251' title='bbox 953 2092 1046 2127; x_wconf 82' lang='lat' dir='ltr'>fuisse</span> <span class='ocrx_word' id='word_1_252' title='bbox 1058 2094 1132 2127; x_wconf 89' lang='lat' dir='ltr'>usos</span> 
     </span>
     <span class='ocr_line' id='line_1_40' title="bbox 237 2140 1132 2187; baseline 0 -11"><span class='ocrx_word' id='word_1_253' title='bbox 237 2142 373 2176; x_wconf 85' lang='lat' dir='ltr'>testatur</span> <span class='ocrx_word' id='word_1_254' title='bbox 385 2142 421 2175; x_wconf 79' lang='lat' dir='ltr'>ia</span> <span class='ocrx_word' id='word_1_255' title='bbox 435 2141 521 2175; x_wconf 83' lang='lat' dir='ltr'>libro</span> <span class='ocrx_word' id='word_1_256' title='bbox 534 2141 575 2174; x_wconf 91' lang='lat' dir='ltr'>de</span> <span class='ocrx_word' id='word_1_257' title='bbox 583 2140 750 2175; x_wconf 84' lang='lat' dir='ltr'>haerefibus</span> <span class='ocrx_word' id='word_1_258' title='bbox 760 2143 894 2178; x_wconf 65' lang='lat' dir='ltr'>Sandlus</span> <span class='ocrx_word' id='word_1_259' title='bbox 908 2143 1111 2187; x_wconf 80' lang='lat' dir='ltr'>Augustinus</span> <span class='ocrx_word' id='word_1_260' title='bbox 1122 2168 1132 2184; x_wconf 94' lang='lat'>‚</span> 
     </span>
     <span class='ocr_line' id='line_1_41' title="bbox 236 2190 1130 2228; baseline -0.002 0"><span class='ocrx_word' id='word_1_261' title='bbox 236 2193 276 2228; x_wconf 69' lang='grc' dir='ltr'>ὃς</span> <span class='ocrx_word' id='word_1_262' title='bbox 288 2194 322 2225; x_wconf 88' lang='lat' dir='ltr'>in</span> <span class='ocrx_word' id='word_1_263' title='bbox 335 2191 452 2225; x_wconf 90' lang='lat' dir='ltr'>litteris</span> <span class='ocrx_word' id='word_1_264' title='bbox 461 2192 502 2225; x_wconf 86' lang='lat' dir='ltr'>ad</span> <span class='ocrx_word' id='word_1_265' title='bbox 516 2192 644 2226; x_wconf 86' lang='lat' dir='ltr'>Rufum</span> <span class='ocrx_word' id='word_1_266' title='bbox 660 2190 990 2228; x_wconf 71' lang='lat' dir='ltr'>Thessalonicensem</span> <span class='ocrx_word' id='word_1_267' title='bbox 1015 2192 1130 2227; x_wconf 87' lang='lat' dir='ltr'>Archi—</span> 
     </span>
     <span class='ocr_line' id='line_1_42' title="bbox 236 2242 1124 2287; baseline 0.002 -13"><span class='ocrx_word' id='word_1_268' title='bbox 236 2242 440 2286; x_wconf 82' lang='lat' dir='ltr'>Episcopum</span> <span class='ocrx_word' id='word_1_269' title='bbox 453 2242 587 2277; x_wconf 58' lang='lat' dir='ltr'>Saucius</span> <span class='ocrx_word' id='word_1_270' title='bbox 598 2242 755 2276; x_wconf 82' lang='lat' dir='ltr'>Pontifex</span> <span class='ocrx_word' id='word_1_271' title='bbox 767 2243 982 2279; x_wconf 81' lang='lat' dir='ltr'>Innocentius</span> <span class='ocrx_word' id='word_1_272' title='bbox 994 2245 1124 2287; x_wconf 83' lang='lat' dir='ltr'>primus.</span> 
     </span>
     <span class='ocr_line' id='line_1_43' title="bbox 238 2292 1129 2339; baseline 0.002 -13"><span class='ocrx_word' id='word_1_273' title='bbox 238 2292 388 2337; x_wconf 72' lang='lat' dir='ltr'>Qujdam</span> <span class='ocrx_word' id='word_1_274' title='bbox 408 2292 576 2327; x_wconf 74' lang='lat' dir='ltr'>manifeste</span> <span class='ocrx_word' id='word_1_275' title='bbox 599 2293 752 2333; x_wconf 88' lang='lat' dir='ltr'>nullum,</span> <span class='ocrx_word' id='word_1_276' title='bbox 779 2294 914 2337; x_wconf 83' lang='lat' dir='ltr'>quidam</span> <span class='ocrx_word' id='word_1_277' title='bbox 937 2295 1129 2339; x_wconf 86' lang='lat' dir='ltr'>ambiguum</span> 
     </span>
     <span class='ocr_line' id='line_1_44' title="bbox 237 2339 1130 2390; baseline 0.001 -13"><span class='ocrx_word' id='word_1_278' title='bbox 237 2339 405 2377; x_wconf 70' lang='lat' dir='ltr'>habebant</span> <span class='ocrx_word' id='word_1_279' title='bbox 421 2344 685 2380; x_wconf 78' lang='lat' dir='ltr'>Sacramentum:</span> <span class='ocrx_word' id='word_1_280' title='bbox 715 2344 808 2379; x_wconf 87' lang='lat' dir='ltr'>Hinc</span> <span class='ocrx_word' id='word_1_281' title='bbox 819 2345 924 2389; x_wconf 83' lang='lat' dir='ltr'>ipsum</span> <span class='ocrx_word' id='word_1_282' title='bbox 948 2346 1130 2390; x_wconf 84' lang='lat' dir='ltr'>generatim</span> 
     </span>
     <span class='ocr_line' id='line_1_45' title="bbox 236 2392 1130 2436; baseline 0 -9"><span class='ocrx_word' id='word_1_283' title='bbox 236 2392 408 2427; x_wconf 77' lang='lat' dir='ltr'>damnavit</span> <span class='ocrx_word' id='word_1_284' title='bbox 431 2394 567 2428; x_wconf 80' lang='lat' dir='ltr'>Nicaena</span> <span class='ocrx_word' id='word_1_285' title='bbox 578 2393 751 2436; x_wconf 80' lang='lat' dir='ltr'>Synodus.</span> <span class='ocrx_word' id='word_1_286' title='bbox 778 2394 835 2428; x_wconf 88' lang='lat' dir='ltr'>An</span> <span class='ocrx_word' id='word_1_287' title='bbox 858 2398 1011 2429; x_wconf 84' lang='lat' dir='ltr'>omnium</span> <span class='ocrx_word' id='word_1_288' title='bbox 1024 2395 1130 2428; x_wconf 86' lang='lat' dir='ltr'>omni-</span> 
     </span>
     <span class='ocr_line' id='line_1_46' title="bbox 238 2442 1126 2489; baseline 0 -12"><span class='ocrx_word' id='word_1_289' title='bbox 238 2444 286 2477; x_wconf 75' lang='lat' dir='ltr'>no</span> <span class='ocrx_word' id='word_1_290' title='bbox 308 2442 557 2484; x_wconf 63' lang='lat' dir='ltr'>lizi-eticorum,</span> <span class='ocrx_word' id='word_1_291' title='bbox 586 2455 628 2477; x_wconf 85' lang='lat' dir='ltr'>an</span> <span class='ocrx_word' id='word_1_292' title='bbox 653 2443 860 2479; x_wconf 79' lang='lat' dir='ltr'>solummodo</span> <span class='ocrx_word' id='word_1_293' title='bbox 887 2446 1042 2484; x_wconf 85' lang='lat' dir='ltr'>illorum,</span> <span class='ocrx_word' id='word_1_294' title='bbox 1067 2445 1126 2489; x_wconf 81' lang='lat' dir='ltr'>qui</span> 
     </span>
     <span class='ocr_line' id='line_1_47' title="bbox 235 2493 1128 2538; baseline 0.001 -11"><span class='ocrx_word' id='word_1_295' title='bbox 235 2493 324 2527; x_wconf 79' lang='lat' dir='ltr'>circa</span> <span class='ocrx_word' id='word_1_296' title='bbox 351 2494 575 2528; x_wconf 72' lang='lat' dir='ltr'>sanstiffimam</span> <span class='ocrx_word' id='word_1_297' title='bbox 592 2493 800 2528; x_wconf 86' lang='lat' dir='ltr'>Trinitatem</span> <span class='ocrx_word' id='word_1_298' title='bbox 820 2506 926 2529; x_wconf 84' lang='lat' dir='ltr'>errant</span> <span class='ocrx_word' id='word_1_299' title='bbox 946 2520 959 2536; x_wconf 88' lang='grc'>,,</span> <span class='ocrx_word' id='word_1_300' title='bbox 988 2495 1128 2538; x_wconf 85' lang='lat' dir='ltr'>ideoque</span> 
     </span>
     <span class='ocr_line' id='line_1_48' title="bbox 238 2542 1129 2590; baseline 0.002 -14"><span class='ocrx_word' id='word_1_301' title='bbox 238 2543 443 2586; x_wconf 77' lang='lat' dir='ltr'>Evangelica</span> <span class='ocrx_word' id='word_1_302' title='bbox 464 2542 558 2577; x_wconf 82' lang='lat' dir='ltr'>verba</span> <span class='ocrx_word' id='word_1_303' title='bbox 572 2543 642 2577; x_wconf 84' lang='lat' dir='ltr'>solo</span> <span class='ocrx_word' id='word_1_304' title='bbox 666 2544 889 2590; x_wconf 84' lang='lat' dir='ltr'>ore&amp;lingua</span> <span class='ocrx_word' id='word_1_305' title='bbox 905 2569 915 2585; x_wconf 90' lang='lat'>‚</span> <span class='ocrx_word' id='word_1_306' title='bbox 943 2556 1010 2578; x_wconf 87' lang='lat' dir='ltr'>non</span> <span class='ocrx_word' id='word_1_307' title='bbox 1031 2545 1129 2579; x_wconf 84' lang='lat' dir='ltr'>corde</span> 
     </span>
     <span class='ocr_line' id='line_1_49' title="bbox 237 2592 1129 2639; baseline 0.003 -13"><span class='ocrx_word' id='word_1_308' title='bbox 237 2592 465 2626; x_wconf 83' lang='lat' dir='ltr'>&amp;veritatein</span> <span class='ocrx_word' id='word_1_309' title='bbox 479 2594 855 2635; x_wconf 80' lang='lat' dir='ltr'>Sacramentorecitant,</span> <span class='ocrx_word' id='word_1_310' title='bbox 884 2595 1051 2639; x_wconf 85' lang='lat' dir='ltr'>Baptisma</span> <span class='ocrx_word' id='word_1_311' title='bbox 1074 2595 1129 2629; x_wconf 85' lang='lat' dir='ltr'>du-</span> 
     </span>
     <span class='ocr_line' id='line_1_50' title="bbox 239 2641 1128 2689; baseline 0.003 -13"><span class='ocrx_word' id='word_1_312' title='bbox 239 2643 324 2676; x_wconf 83' lang='lat' dir='ltr'>xerit</span> <span class='ocrx_word' id='word_1_313' title='bbox 335 2641 521 2678; x_wconf 65' lang='lat' dir='ltr'>cassandum</span> <span class='ocrx_word' id='word_1_314' title='bbox 535 2644 667 2677; x_wconf 55' lang='lat' dir='ltr'>Sanctus</span> <span class='ocrx_word' id='word_1_315' title='bbox 681 2644 880 2679; x_wconf 78' lang='lat' dir='ltr'>Athanasius</span> <span class='ocrx_word' id='word_1_316' title='bbox 892 2669 903 2685; x_wconf 90' lang='lat'>,</span> <span class='ocrx_word' id='word_1_317' title='bbox 931 2645 1026 2689; x_wconf 78' lang='lat' dir='ltr'>poffic</span> <span class='ocrx_word' id='word_1_318' title='bbox 1048 2657 1128 2688; x_wconf 73' lang='lat' dir='ltr'>quae-</span> 
     </span>
     <span class='ocr_line' id='line_1_51' title="bbox 238 2691 1129 2735; baseline 0.003 -11"><span class='ocrx_word' id='word_1_319' title='bbox 238 2692 267 2725; x_wconf 81' lang='lat' dir='ltr'>ri</span> <span class='ocrx_word' id='word_1_320' title='bbox 288 2691 322 2725; x_wconf 75' lang='grc' dir='ltr'>δε</span> <span class='ocrx_word' id='word_1_321' title='bbox 347 2693 480 2735; x_wconf 80' lang='lat' dir='ltr'>agitari.</span> <span class='ocrx_word' id='word_1_322' title='bbox 509 2692 649 2726; x_wconf 89' lang='lat' dir='ltr'>Videtur</span> <span class='ocrx_word' id='word_1_323' title='bbox 662 2694 748 2727; x_wconf 87' lang='lat' dir='ltr'>idem</span> <span class='ocrx_word' id='word_1_324' title='bbox 771 2697 896 2729; x_wconf 70' lang='lat' dir='ltr'>sensisse</span> <span class='ocrx_word' id='word_1_325' title='bbox 918 2697 959 2729; x_wconf 91' lang='lat' dir='ltr'>de</span> <span class='ocrx_word' id='word_1_326' title='bbox 980 2696 1104 2729; x_wconf 66' lang='lat' dir='ltr'>cunctis</span> <span class='ocrx_word' id='word_1_327' title='bbox 1123 2720 1129 2727; x_wconf 92' lang='lat'>.</span> 
     </span>
     <span class='ocr_line' id='line_1_52' title="bbox 240 2740 1128 2788; baseline 0.002 -12"><span class='ocrx_word' id='word_1_328' title='bbox 240 2740 410 2782; x_wconf 80' lang='lat' dir='ltr'>Exprimit</span> <span class='ocrx_word' id='word_1_329' title='bbox 432 2741 521 2775; x_wconf 86' lang='lat' dir='ltr'>enim</span> <span class='ocrx_word' id='word_1_330' title='bbox 555 2742 777 2778; x_wconf 80' lang='lat' dir='ltr'>Montanistas</span> <span class='ocrx_word' id='word_1_331' title='bbox 798 2768 809 2784; x_wconf 88' lang='lat'>‚</span> <span class='ocrx_word' id='word_1_332' title='bbox 836 2756 920 2788; x_wconf 86' lang='lat' dir='ltr'>quos</span> <span class='ocrx_word' id='word_1_333' title='bbox 939 2746 980 2777; x_wconf 90' lang='lat' dir='ltr'>de</span> <span class='ocrx_word' id='word_1_334' title='bbox 1004 2745 1128 2779; x_wconf 79' lang='lat' dir='ltr'>Divina</span> 
     </span>
     <span class='ocr_line' id='line_1_53' title="bbox 239 2790 1129 2845; baseline 0.006 -21"><span class='ocrx_word' id='word_1_335' title='bbox 239 2790 419 2825; x_wconf 75' lang='lat' dir='ltr'>substantia</span> <span class='ocrx_word' id='word_1_336' title='bbox 443 2792 570 2825; x_wconf 83' lang='lat' dir='ltr'>constat</span> <span class='ocrx_word' id='word_1_337' title='bbox 596 2795 716 2826; x_wconf 68' lang='lat' dir='ltr'>testum</span> <span class='ocrx_word' id='word_1_338' title='bbox 739 2793 927 2828; x_wconf 80' lang='lat' dir='ltr'>credidisse.</span> <span class='ocrx_word' id='word_1_339' title='bbox 956 2794 1129 2845; x_wconf 77' lang='lat' dir='ltr'>Qidquid</span> 
     </span>
     <span class='ocr_line' id='line_1_54' title="bbox 239 2841 1130 2888; baseline 0.003 -13"><span class='ocrx_word' id='word_1_340' title='bbox 239 2841 301 2882; x_wconf 82' lang='lat' dir='ltr'>sit,</span> <span class='ocrx_word' id='word_1_341' title='bbox 328 2843 358 2875; x_wconf 91' lang='lat' dir='ltr'>S.</span> <span class='ocrx_word' id='word_1_342' title='bbox 372 2841 489 2883; x_wconf 80' lang='lat' dir='ltr'>optati</span> <span class='ocrx_word' id='word_1_343' title='bbox 514 2843 548 2875; x_wconf 85' lang='lat'>&amp;</span> <span class='ocrx_word' id='word_1_344' title='bbox 569 2841 688 2888; x_wconf 83' lang='lat' dir='ltr'>Magni</span> <span class='ocrx_word' id='word_1_345' title='bbox 705 2843 814 2878; x_wconf 76' lang='lat' dir='ltr'>Basilii</span> <span class='ocrx_word' id='word_1_346' title='bbox 838 2844 1031 2878; x_wconf 84' lang='lat' dir='ltr'>sententiam</span> <span class='ocrx_word' id='word_1_347' title='bbox 1045 2844 1130 2879; x_wconf 75' lang='lat' dir='ltr'>vide-</span> 
     </span>
     <span class='ocr_line' id='line_1_55' title="bbox 245 2891 1130 2938; baseline 0.003 -13"><span class='ocrx_word' id='word_1_348' title='bbox 245 2902 298 2925; x_wconf 87' lang='lat' dir='ltr'>tur</span> <span class='ocrx_word' id='word_1_349' title='bbox 315 2891 409 2934; x_wconf 76' lang='lat' dir='ltr'>plene</span> <span class='ocrx_word' id='word_1_350' title='bbox 422 2893 593 2925; x_wconf 78' lang='lat' dir='ltr'>secutus-in</span> <span class='ocrx_word' id='word_1_351' title='bbox 607 2892 829 2928; x_wconf 89' lang='lat' dir='ltr'>Catecheseon</span> <span class='ocrx_word' id='word_1_352' title='bbox 845 2895 1033 2938; x_wconf 63' lang='lat' dir='ltr'>praefatione</span> <span class='ocrx_word' id='word_1_353' title='bbox 1055 2895 1130 2929; x_wconf 83' lang='lat' dir='ltr'>San·</span> 
     </span>
     <span class='ocr_line' id='line_1_56' title="bbox 238 2941 1131 2988; baseline 0.003 -13"><span class='ocrx_word' id='word_1_354' title='bbox 238 2944 306 2975; x_wconf 68' lang='lat' dir='ltr'>ssus</span> <span class='ocrx_word' id='word_1_355' title='bbox 329 2941 480 2984; x_wconf 85' lang='lat' dir='ltr'>Cyrillus</span> <span class='ocrx_word' id='word_1_356' title='bbox 494 2942 735 2985; x_wconf 79' lang='lat' dir='ltr'>Hierosolymae</span> <span class='ocrx_word' id='word_1_357' title='bbox 749 2945 930 2988; x_wconf 85' lang='lat' dir='ltr'>Episcopus</span> <span class='ocrx_word' id='word_1_358' title='bbox 944 2957 951 2975; x_wconf 94' lang='lat'>:</span> <span class='ocrx_word' id='word_1_359' title='bbox 978 2947 1060 2978; x_wconf 80' lang='lat' dir='ltr'>Unus</span> <span class='ocrx_word' id='word_1_360' title='bbox 1074 2948 1131 2978; x_wconf 80' lang='lat' dir='ltr'>Do-</span> 
     </span>
     <span class='ocr_line' id='line_1_57' title="bbox 243 2991 1127 3037; baseline 0.005 -13"><span class='ocrx_word' id='word_1_361' title='bbox 243 2997 344 3025; x_wconf 81' lang='lat' dir='ltr'>minus</span> <span class='ocrx_word' id='word_1_362' title='bbox 357 3016 368 3031; x_wconf 91' lang='lat'>‚</span> <span class='ocrx_word' id='word_1_363' title='bbox 394 3004 455 3024; x_wconf 83' lang='lat' dir='ltr'>una</span> <span class='ocrx_word' id='word_1_364' title='bbox 463 2991 540 3032; x_wconf 81' lang='lat' dir='ltr'>fides</span> <span class='ocrx_word' id='word_1_365' title='bbox 552 3015 563 3031; x_wconf 93' lang='lat'>,</span> <span class='ocrx_word' id='word_1_366' title='bbox 587 3003 679 3025; x_wconf 74' lang='lat' dir='ltr'>unum</span> <span class='ocrx_word' id='word_1_367' title='bbox 692 2993 869 3037; x_wconf 83' lang='lat' dir='ltr'>Baptisma.</span> <span class='ocrx_word' id='word_1_368' title='bbox 900 2999 987 3027; x_wconf 86' lang='lat' dir='ltr'>Nam</span> <span class='ocrx_word' id='word_1_369' title='bbox 995 2993 1050 3037; x_wconf 78' lang='lat' dir='ltr'>fiili</span> <span class='ocrx_word' id='word_1_370' title='bbox 1068 2994 1127 3028; x_wconf 82' lang='lat' dir='ltr'>bae-</span> 
     </span>
     <span class='ocr_line' id='line_1_58' title="bbox 244 3042 1129 3086; baseline 0.003 -11"><span class='ocrx_word' id='word_1_371' title='bbox 244 3047 331 3075; x_wconf 71' lang='lat' dir='ltr'>retici</span> <span class='ocrx_word' id='word_1_372' title='bbox 343 3042 589 3084; x_wconf 70' lang='lat' dir='ltr'>rebaptizantur.</span> <span class='ocrx_word' id='word_1_373' title='bbox 616 3044 768 3084; x_wconf 78' lang='lat' dir='ltr'>siquidem</span> <span class='ocrx_word' id='word_1_374' title='bbox 778 3050 865 3086; x_wconf 77' lang='lat' dir='ltr'>prius</span> <span class='ocrx_word' id='word_1_375' title='bbox 887 3047 968 3078; x_wconf 81' lang='lat' dir='ltr'>illud</span> <span class='ocrx_word' id='word_1_376' title='bbox 987 3056 1044 3077; x_wconf 75' lang='lat' dir='ltr'>non</span> <span class='ocrx_word' id='word_1_377' title='bbox 1065 3055 1129 3078; x_wconf 82' lang='lat' dir='ltr'>erat</span> 
     </span>
     <span class='ocr_line' id='line_1_59' title="bbox 243 3090 1130 3141; baseline 0.006 -17"><span class='ocrx_word' id='word_1_378' title='bbox 243 3090 405 3141; x_wconf 68' lang='lat' dir='ltr'>,Baptisma</span> <span class='ocrx_word' id='word_1_379' title='bbox 417 3117 424 3124; x_wconf 90' lang='lat'>.</span> <span class='ocrx_word' id='word_1_380' title='bbox 437 3118 440 3121; x_wconf 67' lang='grc'><strong><em>,</em></strong></span> <span class='ocrx_word' id='word_1_381' title='bbox 454 3093 554 3126; x_wconf 88' lang='lat' dir='ltr'>Hanc</span> <span class='ocrx_word' id='word_1_382' title='bbox 575 3093 664 3126; x_wconf 88' lang='lat' dir='ltr'>enim</span> <span class='ocrx_word' id='word_1_383' title='bbox 685 3094 879 3128; x_wconf 88' lang='lat' dir='ltr'>sententiam</span> <span class='ocrx_word' id='word_1_384' title='bbox 903 3096 1003 3138; x_wconf 90' lang='lat' dir='ltr'>usque</span> <span class='ocrx_word' id='word_1_385' title='bbox 1018 3095 1060 3128; x_wconf 88' lang='lat' dir='ltr'>ad</span> <span class='ocrx_word' id='word_1_386' title='bbox 1072 3096 1130 3138; x_wconf 85' lang='lat' dir='ltr'>pri·</span> 
     </span>
     <span class='ocr_line' id='line_1_60' title="bbox 245 3141 1129 3188; baseline 0.005 -13"><span class='ocrx_word' id='word_1_387' title='bbox 245 3151 333 3175; x_wconf 82' lang='lat' dir='ltr'>mam</span> <span class='ocrx_word' id='word_1_388' title='bbox 353 3167 364 3182; x_wconf 94' lang='lat'>,</span> <span class='ocrx_word' id='word_1_389' title='bbox 401 3142 418 3176; x_wconf 74' lang='lat' dir='ltr'>a</span> <span class='ocrx_word' id='word_1_390' title='bbox 446 3154 510 3185; x_wconf 87' lang='lat' dir='ltr'>qua</span> <span class='ocrx_word' id='word_1_391' title='bbox 537 3141 678 3185; x_wconf 74' lang='lat' dir='ltr'>primum</span> <span class='ocrx_word' id='word_1_392' title='bbox 711 3142 810 3186; x_wconf 71' lang='lat' dir='ltr'>plene</span> <span class='ocrx_word' id='word_1_393' title='bbox 830 3144 945 3179; x_wconf 81' lang='lat' dir='ltr'>-decisa</span> <span class='ocrx_word' id='word_1_394' title='bbox 973 3169 985 3185; x_wconf 91' lang='lat'>,</span> <span class='ocrx_word' id='word_1_395' title='bbox 1021 3146 1129 3188; x_wconf 72' lang='lat' dir='ltr'>Syno-</span> 
     </span>
     <span class='ocr_line' id='line_1_61' title="bbox 246 3189 1131 3236; baseline 0.007 -13"><span class='ocrx_word' id='word_1_396' title='bbox 246 3189 324 3225; x_wconf 74' lang='lat' dir='ltr'>dum</span> <span class='ocrx_word' id='word_1_397' title='bbox 360 3191 769 3236; x_wconf 78' lang='lat' dir='ltr'>Constantinopolitanam</span> <span class='ocrx_word' id='word_1_398' title='bbox 801 3195 946 3228; x_wconf 75' lang='lat' dir='ltr'>mansisse</span> <span class='ocrx_word' id='word_1_399' title='bbox 993 3206 1032 3228; x_wconf 86' lang='lat' dir='ltr'>ac</span> <span class='ocrx_word' id='word_1_400' title='bbox 1066 3206 1131 3229; x_wconf 74' lang='lat' dir='ltr'>am-</span> 
     </span>
     <span class='ocr_line' id='line_1_62' title="bbox 247 3238 1130 3288; baseline 0.009 -17"><span class='ocrx_word' id='word_1_401' title='bbox 247 3238 368 3276; x_wconf 66' lang='lat' dir='ltr'>bulasse</span> <span class='ocrx_word' id='word_1_402' title='bbox 394 3242 596 3285; x_wconf 82' lang='lat' dir='ltr'>probabilem</span> <span class='ocrx_word' id='word_1_403' title='bbox 628 3267 639 3283; x_wconf 93' lang='lat'><strong>,</strong></span> <span class='ocrx_word' id='word_1_404' title='bbox 674 3241 802 3280; x_wconf 70' lang='lat' dir='ltr'>abunde</span> <span class='ocrx_word' id='word_1_405' title='bbox 837 3244 870 3277; x_wconf 92' lang='lat' dir='ltr'>in</span> <span class='ocrx_word' id='word_1_406' title='bbox 897 3244 1038 3286; x_wconf 84' lang='lat' dir='ltr'>ejusdem</span> <span class='ocrx_word' id='word_1_407' title='bbox 1074 3246 1130 3288; x_wconf 86' lang='lat' dir='ltr'>Sy-</span> 
     </span>
     <span class='ocr_line' id='line_1_63' title="bbox 245 3288 885 3327; baseline 0.005 -5"><span class='ocrx_word' id='word_1_408' title='bbox 245 3288 327 3323; x_wconf 80' lang='lat' dir='ltr'>nodi</span> <span class='ocrx_word' id='word_1_409' title='bbox 355 3291 485 3326; x_wconf 76' lang='lat' dir='ltr'>scholiis</span> <span class='ocrx_word' id='word_1_410' title='bbox 519 3293 565 3326; x_wconf 87' lang='lat' dir='ltr'>est</span> <span class='ocrx_word' id='word_1_411' title='bbox 592 3293 849 3327; x_wconf 83' lang='lat' dir='ltr'>demonstratum</span> <span class='ocrx_word' id='word_1_412' title='bbox 879 3318 885 3325; x_wconf 91' lang='lat'><strong>.</strong></span> 
     </span>
    </p>
   </div>
   <div class='ocr_carea' id='block_1_3' title="bbox 242 3339 314 3376">
    <p class='ocr_par' dir='ltr' id='par_1_5' title="bbox 242 3339 314 3376">
     <span class='ocr_line' id='line_1_64' title="bbox 242 3339 314 3376; baseline 0 -5"><span class='ocrx_word' id='word_1_413' title='bbox 242 3339 314 3376; x_wconf 60' lang='lat' dir='ltr'>&amp;us</span> 
     </span>
    </p>
   </div>
   <div class='ocr_carea' id='block_1_4' title="bbox 344 3293 1129 3437">
    <p class='ocr_par' dir='ltr' id='par_1_6' title="bbox 344 3293 1129 3437">
     <span class='ocr_line' id='line_1_65' title="bbox 923 3293 1127 3331; baseline 0.015 -5"><span class='ocrx_word' id='word_1_414' title='bbox 923 3293 1027 3330; x_wconf 72' lang='lat' dir='ltr'>Porro</span> <span class='ocrx_word' id='word_1_415' title='bbox 1055 3297 1127 3331; x_wconf 84' lang='lat' dir='ltr'>San-</span> 
     </span>
     <span class='ocr_line' id='line_1_66' title="bbox 363 3339 1129 3386; baseline 0.012 -13"><span class='ocrx_word' id='word_1_416' title='bbox 363 3339 505 3380; x_wconf 75' lang='lat' dir='ltr'>Cyrinus</span> <span class='ocrx_word' id='word_1_417' title='bbox 543 3367 553 3382; x_wconf 95' lang='lat'>,</span> <span class='ocrx_word' id='word_1_418' title='bbox 599 3343 654 3386; x_wconf 86' lang='lat' dir='ltr'>qui</span> <span class='ocrx_word' id='word_1_419' title='bbox 693 3342 767 3377; x_wconf 83' lang='lat' dir='ltr'>istas</span> <span class='ocrx_word' id='word_1_420' title='bbox 807 3341 1000 3380; x_wconf 80' lang='lat' dir='ltr'>Catecheses</span> <span class='ocrx_word' id='word_1_421' title='bbox 1044 3357 1129 3383; x_wconf 87' lang='lat' dir='ltr'>con-</span> 
     </span>
     <span class='ocr_line' id='line_1_67' title="bbox 344 3387 826 3437; baseline 0.017 -17"><span class='ocrx_word' id='word_1_422' title='bbox 344 3387 448 3430; x_wconf 66' lang='lat' dir='ltr'>chriti.</span> <span class='ocrx_word' id='word_1_423' title='bbox 461 3394 539 3437; x_wconf 80' lang='lat' dir='ltr'>Lupi</span> <span class='ocrx_word' id='word_1_424' title='bbox 552 3398 651 3437; x_wconf 82' lang='lat' dir='ltr'>opera</span> <span class='ocrx_word' id='word_1_425' title='bbox 672 3396 751 3428; x_wconf 78' lang='lat' dir='ltr'>Tom.</span> <span class='ocrx_word' id='word_1_426' title='bbox 766 3396 826 3428; x_wconf 79' lang='lat' dir='ltr'>IX.</span> 
     </span>
    </p>
   </div>
   <div class='ocr_carea' id='block_1_5' title="bbox 1222 160 1995 226">
    <p class='ocr_par' dir='ltr' id='par_1_7' title="bbox 1222 160 1995 226">
     <span class='ocr_line' id='line_1_68' title="bbox 1222 160 1995 226; baseline 0.003 -21"><span class='ocrx_word' id='word_1_427' title='bbox 1222 174 1242 205; x_wconf 85' lang='lat'>1</span> <span class='ocrx_word' id='word_1_428' title='bbox 1311 173 1332 204; x_wconf 78' lang='lat' dir='ltr'>s</span> <span class='ocrx_word' id='word_1_429' title='bbox 1433 160 1573 209; x_wconf 77' lang='lat' dir='ltr'><strong>XLI.</strong></span> <span class='ocrx_word' id='word_1_430' title='bbox 1902 180 1995 226; x_wconf 84' lang='lat'>335</span> 
     </span>
    </p>
   </div>
   <div class='ocr_carea' id='block_1_6' title="bbox 1183 239 2075 688">
    <p class='ocr_par' dir='ltr' id='par_1_8' title="bbox 1183 239 2075 688">
     <span class='ocr_line' id='line_1_69' title="bbox 1183 239 2063 292; baseline 0.009 -16"><span class='ocrx_word' id='word_1_431' title='bbox 1183 239 1439 285; x_wconf 81' lang='lat' dir='ltr'>scripsitjuvenis</span> <span class='ocrx_word' id='word_1_432' title='bbox 1449 265 1460 282; x_wconf 88' lang='lat'><strong>,</strong></span> <span class='ocrx_word' id='word_1_433' title='bbox 1470 239 1549 275; x_wconf 86' lang='lat' dir='ltr'>huic</span> <span class='ocrx_word' id='word_1_434' title='bbox 1559 241 1696 284; x_wconf 90' lang='lat' dir='ltr'>Synodo</span> <span class='ocrx_word' id='word_1_435' title='bbox 1706 245 1802 280; x_wconf 79' lang='lat' dir='ltr'>senex</span> <span class='ocrx_word' id='word_1_436' title='bbox 1816 246 1996 292; x_wconf 80' lang='lat' dir='ltr'>Episcopus</span> <span class='ocrx_word' id='word_1_437' title='bbox 2007 247 2063 284; x_wconf 83' lang='lat' dir='ltr'>ad-</span> 
     </span>
     <span class='ocr_line' id='line_1_70' title="bbox 1183 291 2067 336; baseline 0.009 -10"><span class='ocrx_word' id='word_1_438' title='bbox 1183 292 1248 326; x_wconf 89' lang='lat' dir='ltr'>fuit</span> <span class='ocrx_word' id='word_1_439' title='bbox 1258 314 1269 331; x_wconf 90' lang='lat'><em>‚</em></span> <span class='ocrx_word' id='word_1_440' title='bbox 1282 301 1379 335; x_wconf 83' lang='lat' dir='ltr'>atque</span> <span class='ocrx_word' id='word_1_441' title='bbox 1391 292 1437 325; x_wconf 86' lang='lat' dir='ltr'>ita</span> <span class='ocrx_word' id='word_1_442' title='bbox 1448 291 1611 336; x_wconf 84' lang='lat' dir='ltr'>propriam</span> <span class='ocrx_word' id='word_1_443' title='bbox 1624 294 1815 328; x_wconf 84' lang='lat' dir='ltr'>sententiam</span> <span class='ocrx_word' id='word_1_444' title='bbox 1826 296 1871 330; x_wconf 86' lang='lat' dir='ltr'>ibi</span> <span class='ocrx_word' id='word_1_445' title='bbox 1884 299 2067 334; x_wconf 84' lang='lat' dir='ltr'>recantavit</span> 
     </span>
     <span class='ocr_line' id='line_1_71' title="bbox 1184 340 2066 390; baseline 0.008 -14"><span class='ocrx_word' id='word_1_446' title='bbox 1184 352 1282 386; x_wconf 88' lang='lat' dir='ltr'>atque</span> <span class='ocrx_word' id='word_1_447' title='bbox 1295 340 1466 376; x_wconf 86' lang='lat' dir='ltr'>damnavit</span> <span class='ocrx_word' id='word_1_448' title='bbox 1477 366 1484 373; x_wconf 93' lang='lat'>.</span> <span class='ocrx_word' id='word_1_449' title='bbox 1514 343 1609 376; x_wconf 88' lang='lat' dir='ltr'>Hinc</span> <span class='ocrx_word' id='word_1_450' title='bbox 1620 342 1700 377; x_wconf 90' lang='lat' dir='ltr'>item</span> <span class='ocrx_word' id='word_1_451' title='bbox 1715 343 1854 386; x_wconf 79' lang='lat' dir='ltr'>Jacobus</span> <span class='ocrx_word' id='word_1_452' title='bbox 1876 346 2041 383; x_wconf 83' lang='lat' dir='ltr'>Parnelius</span> <span class='ocrx_word' id='word_1_453' title='bbox 2051 372 2066 390; x_wconf 82' lang='lat'><em>‚</em></span> 
     </span>
     <span class='ocr_line' id='line_1_72' title="bbox 1185 390 2068 437; baseline 0 -10"><span class='ocrx_word' id='word_1_454' title='bbox 1185 390 1334 435; x_wconf 82' lang='lat' dir='ltr'>Septimii</span> <span class='ocrx_word' id='word_1_455' title='bbox 1347 391 1613 427; x_wconf 77' lang='lat' dir='ltr'>nostriGroecum</span> <span class='ocrx_word' id='word_1_456' title='bbox 1638 392 1681 427; x_wconf 90' lang='lat' dir='ltr'>de</span> <span class='ocrx_word' id='word_1_457' title='bbox 1702 393 1869 437; x_wconf 82' lang='lat' dir='ltr'>Baptismo</span> <span class='ocrx_word' id='word_1_458' title='bbox 1890 395 2008 431; x_wconf 87' lang='lat' dir='ltr'>librum</span> <span class='ocrx_word' id='word_1_459' title='bbox 2019 398 2068 433; x_wconf 85' lang='lat' dir='ltr'>di.</span> 
     </span>
     <span class='ocr_line' id='line_1_73' title="bbox 1184 441 2070 486; baseline 0.006 -10"><span class='ocrx_word' id='word_1_460' title='bbox 1184 453 1261 476; x_wconf 80' lang='lat' dir='ltr'>cens</span> <span class='ocrx_word' id='word_1_461' title='bbox 1281 443 1480 485; x_wconf 71' lang='lat' dir='ltr'>suppressum</span> <span class='ocrx_word' id='word_1_462' title='bbox 1501 441 1522 476; x_wconf 70' lang='grc' dir='ltr'>ὲ</span> <span class='ocrx_word' id='word_1_463' title='bbox 1545 443 1684 486; x_wconf 80' lang='lat' dir='ltr'>synodo</span> <span class='ocrx_word' id='word_1_464' title='bbox 1696 444 1831 478; x_wconf 78' lang='lat' dir='ltr'>Nicaena</span> <span class='ocrx_word' id='word_1_465' title='bbox 1844 466 1856 483; x_wconf 81' lang='lat'>,</span> <span class='ocrx_word' id='word_1_466' title='bbox 1880 443 1945 477; x_wconf 87' lang='lat' dir='ltr'>fine</span> <span class='ocrx_word' id='word_1_467' title='bbox 1957 447 2070 481; x_wconf 84' lang='lat' dir='ltr'>sunda·</span> 
     </span>
     <span class='ocr_line' id='line_1_74' title="bbox 1184 492 2071 537; baseline 0.005 -11"><span class='ocrx_word' id='word_1_468' title='bbox 1184 501 1298 527; x_wconf 81' lang='lat' dir='ltr'>mento</span> <span class='ocrx_word' id='word_1_469' title='bbox 1320 492 1450 526; x_wconf 75' lang='lat' dir='ltr'>divinat</span> <span class='ocrx_word' id='word_1_470' title='bbox 1469 514 1479 525; x_wconf 84' lang='lat'>.-</span> <span class='ocrx_word' id='word_1_471' title='bbox 1504 492 1584 527; x_wconf 90' lang='lat' dir='ltr'>Hoc</span> <span class='ocrx_word' id='word_1_472' title='bbox 1604 505 1714 528; x_wconf 83' lang='lat' dir='ltr'>autem</span> <span class='ocrx_word' id='word_1_473' title='bbox 1736 495 1772 528; x_wconf 90' lang='lat' dir='ltr'>in</span> <span class='ocrx_word' id='word_1_474' title='bbox 1799 493 1876 528; x_wconf 86' lang='lat' dir='ltr'>loco</span> <span class='ocrx_word' id='word_1_475' title='bbox 1896 494 2071 537; x_wconf 79' lang='lat' dir='ltr'>Septimius</span> 
     </span>
     <span class='ocr_line' id='line_1_75' title="bbox 1185 541 2072 588; baseline 0 -11"><span class='ocrx_word' id='word_1_476' title='bbox 1185 543 1255 588; x_wconf 80' lang='lat' dir='ltr'>agit</span> <span class='ocrx_word' id='word_1_477' title='bbox 1277 543 1448 585; x_wconf 79' lang='lat' dir='ltr'>praeserrim</span> <span class='ocrx_word' id='word_1_478' title='bbox 1472 541 1641 577; x_wconf 64' lang='lat' dir='ltr'>adversum</span> <span class='ocrx_word' id='word_1_479' title='bbox 1662 544 1749 578; x_wconf 90' lang='lat' dir='ltr'>solos</span> <span class='ocrx_word' id='word_1_480' title='bbox 1760 543 1960 577; x_wconf 80' lang='lat' dir='ltr'>Gnosticos:</span> <span class='ocrx_word' id='word_1_481' title='bbox 1986 544 2072 586; x_wconf 89' lang='lat' dir='ltr'>Ipso·</span> 
     </span>
     <span class='ocr_line' id='line_1_76' title="bbox 1186 592 2075 636; baseline 0.002 -10"><span class='ocrx_word' id='word_1_482' title='bbox 1186 604 1257 627; x_wconf 85' lang='lat' dir='ltr'>rum</span> <span class='ocrx_word' id='word_1_483' title='bbox 1269 593 1476 632; x_wconf 80' lang='lat' dir='ltr'>Sacramenta</span> <span class='ocrx_word' id='word_1_484' title='bbox 1485 592 1568 632; x_wconf 58' lang='lat' dir='ltr'>reste</span> <span class='ocrx_word' id='word_1_485' title='bbox 1580 594 1717 636; x_wconf 82' lang='lat' dir='ltr'>affirmat</span> <span class='ocrx_word' id='word_1_486' title='bbox 1727 596 1790 630; x_wconf 75' lang='lat' dir='ltr'>effe</span> <span class='ocrx_word' id='word_1_487' title='bbox 1801 605 1870 629; x_wconf 86' lang='lat' dir='ltr'>non</span> <span class='ocrx_word' id='word_1_488' title='bbox 1883 604 1972 630; x_wconf 86' lang='lat' dir='ltr'>veras</span> <span class='ocrx_word' id='word_1_489' title='bbox 1990 604 2075 628; x_wconf 86' lang='lat' dir='ltr'>mat·</span> 
     </span>
     <span class='ocr_line' id='line_1_77' title="bbox 1187 652 1328 688; baseline 0.014 -10"><span class='ocrx_word' id='word_1_490' title='bbox 1187 652 1307 688; x_wconf 73' lang='lat' dir='ltr'>gantas</span> <span class='ocrx_word' id='word_1_491' title='bbox 1317 668 1328 680; x_wconf 78' lang='grc'><strong><em>,</em></strong></span> 
     </span>
    </p>
   </div>
   <div class='ocr_carea' id='block_1_7' title="bbox 1188 772 2073 847">
    <p class='ocr_par' dir='ltr' id='par_1_9' title="bbox 1188 772 2073 847">
     <span class='ocr_line' id='line_1_78' title="bbox 1188 772 2073 847; baseline 0.003 -26"><span class='ocrx_word' id='word_1_492' title='bbox 1188 772 1478 847; x_wconf 77' lang='lat' dir='ltr'>Simplicitatem</span> <span class='ocrx_word' id='word_1_493' title='bbox 1512 773 1647 823; x_wconf 75' lang='lat' dir='ltr'>volum</span> <span class='ocrx_word' id='word_1_494' title='bbox 1686 774 1748 841; x_wconf 78' lang='lat' dir='ltr'>effi</span> <span class='ocrx_word' id='word_1_495' title='bbox 1788 776 2073 845; x_wconf 74' lang='lat' dir='ltr'>prostrationem</span> 
     </span>
    </p>
   </div>
   <div class='ocr_carea' id='block_1_8' title="bbox 1452 841 1807 918">
    <p class='ocr_par' dir='ltr' id='par_1_10' title="bbox 1452 841 1807 918">
     <span class='ocr_line' id='line_1_79' title="bbox 1452 841 1807 918; baseline 0.006 -22"><span class='ocrx_word' id='word_1_496' title='bbox 1452 841 1655 918; x_wconf 57' lang='lat' dir='ltr'>dg‘sczplinae</span> <span class='ocrx_word' id='word_1_497' title='bbox 1663 883 1678 910; x_wconf 85' lang='lat'>‚</span> <span class='ocrx_word' id='word_1_498' title='bbox 1715 852 1807 899; x_wconf 64' lang='lat' dir='ltr'>&amp;a</span> 
     </span>
    </p>
   </div>
   <div class='ocr_carea' id='block_1_9' title="bbox 1188 994 2089 1789">
    <p class='ocr_par' dir='ltr' id='par_1_11' title="bbox 1188 994 2089 1789">
     <span class='ocr_line' id='line_1_80' title="bbox 1240 994 2079 1041; baseline 0 -12"><span class='ocrx_word' id='word_1_499' title='bbox 1240 994 1370 1037; x_wconf 85' lang='lat' dir='ltr'>Voces,</span> <span class='ocrx_word' id='word_1_500' title='bbox 1400 995 1559 1037; x_wconf 76' lang='lat' dir='ltr'>Profiratio</span> <span class='ocrx_word' id='word_1_501' title='bbox 1579 996 1745 1041; x_wconf 81' lang='lat' dir='ltr'>disciplinae</span> <span class='ocrx_word' id='word_1_502' title='bbox 1759 1023 1770 1039; x_wconf 93' lang='lat'>,</span> <span class='ocrx_word' id='word_1_503' title='bbox 1797 998 1934 1033; x_wconf 86' lang='lat' dir='ltr'>edicunt</span> <span class='ocrx_word' id='word_1_504' title='bbox 1957 994 2079 1040; x_wconf 82' lang='lat' dir='ltr'>myste-</span> 
     </span>
     <span class='ocr_line' id='line_1_81' title="bbox 1191 1045 2078 1084; baseline -0.001 -5"><span class='ocrx_word' id='word_1_505' title='bbox 1191 1045 1312 1080; x_wconf 85' lang='lat' dir='ltr'>riorum</span> <span class='ocrx_word' id='word_1_506' title='bbox 1336 1046 1522 1081; x_wconf 82' lang='lat' dir='ltr'>nostrorum</span> <span class='ocrx_word' id='word_1_507' title='bbox 1543 1058 1654 1082; x_wconf 82' lang='lat' dir='ltr'>coram</span> <span class='ocrx_word' id='word_1_508' title='bbox 1667 1047 1923 1084; x_wconf 84' lang='lat' dir='ltr'>Catechumenis</span> <span class='ocrx_word' id='word_1_509' title='bbox 1936 1046 2078 1082; x_wconf 73' lang='lat' dir='ltr'>autaliis</span> 
     </span>
     <span class='ocr_line' id='line_1_82' title="bbox 1190 1095 2081 1143; baseline 0 -14"><span class='ocrx_word' id='word_1_510' title='bbox 1190 1095 1350 1130; x_wconf 79' lang='lat' dir='ltr'>extraneis</span> <span class='ocrx_word' id='word_1_511' title='bbox 1372 1096 1638 1132; x_wconf 81' lang='lat' dir='ltr'>enuntiationem</span> <span class='ocrx_word' id='word_1_512' title='bbox 1661 1100 1752 1133; x_wconf 77' lang='lat' dir='ltr'>fuisse</span> <span class='ocrx_word' id='word_1_513' title='bbox 1777 1099 1865 1143; x_wconf 86' lang='lat' dir='ltr'>apud</span> <span class='ocrx_word' id='word_1_514' title='bbox 1887 1097 1999 1131; x_wconf 81' lang='lat' dir='ltr'>Patres</span> <span class='ocrx_word' id='word_1_515' title='bbox 2018 1106 2081 1129; x_wconf 83' lang='lat' dir='ltr'>no·</span> 
     </span>
     <span class='ocr_line' id='line_1_83' title="bbox 1190 1146 2081 1192; baseline -0.001 -12"><span class='ocrx_word' id='word_1_516' title='bbox 1190 1147 1270 1180; x_wconf 71' lang='lat' dir='ltr'>siros</span> <span class='ocrx_word' id='word_1_517' title='bbox 1291 1146 1454 1179; x_wconf 84' lang='lat' dir='ltr'>summum</span> <span class='ocrx_word' id='word_1_518' title='bbox 1475 1146 1602 1182; x_wconf 85' lang='lat' dir='ltr'>crimen</span> <span class='ocrx_word' id='word_1_519' title='bbox 1615 1170 1623 1179; x_wconf 94' lang='lat'><strong><em>.</em></strong></span> <span class='ocrx_word' id='word_1_520' title='bbox 1653 1147 1776 1183; x_wconf 86' lang='lat' dir='ltr'>Eorum</span> <span class='ocrx_word' id='word_1_521' title='bbox 1802 1146 1898 1192; x_wconf 76' lang='lat' dir='ltr'>porro</span> <span class='ocrx_word' id='word_1_522' title='bbox 1911 1147 2081 1181; x_wconf 82' lang='lat' dir='ltr'>Secretum</span> 
     </span>
     <span class='ocr_line' id='line_1_84' title="bbox 1191 1191 2082 1240; baseline -0.001 -12"><span class='ocrx_word' id='word_1_523' title='bbox 1191 1207 1261 1229; x_wconf 87' lang='lat' dir='ltr'>non</span> <span class='ocrx_word' id='word_1_524' title='bbox 1282 1195 1345 1229; x_wconf 83' lang='lat' dir='ltr'>soli</span> <span class='ocrx_word' id='word_1_525' title='bbox 1365 1195 1574 1230; x_wconf 75' lang='lat' dir='ltr'>Marcionitae</span> <span class='ocrx_word' id='word_1_526' title='bbox 1604 1196 1777 1240; x_wconf 80' lang='lat' dir='ltr'>culpamur</span> <span class='ocrx_word' id='word_1_527' title='bbox 1800 1197 1960 1232; x_wconf 88' lang='lat' dir='ltr'>lenocinii</span> <span class='ocrx_word' id='word_1_528' title='bbox 1985 1220 1997 1236; x_wconf 86' lang='lat'><strong>,</strong></span> <span class='ocrx_word' id='word_1_529' title='bbox 2023 1191 2082 1228; x_wconf 76' lang='lat' dir='ltr'>sed</span> 
     </span>
     <span class='ocr_line' id='line_1_85' title="bbox 1189 1244 2084 1289; baseline -0.002 -10"><span class='ocrx_word' id='word_1_530' title='bbox 1189 1245 1288 1280; x_wconf 85' lang='lat' dir='ltr'>etiam</span> <span class='ocrx_word' id='word_1_531' title='bbox 1299 1244 1462 1289; x_wconf 83' lang='lat' dir='ltr'>gentiles.</span> <span class='ocrx_word' id='word_1_532' title='bbox 1484 1256 1529 1279; x_wconf 75' lang='lat' dir='ltr'>ex</span> <span class='ocrx_word' id='word_1_533' title='bbox 1539 1257 1681 1289; x_wconf 83' lang='lat' dir='ltr'>quorum</span> <span class='ocrx_word' id='word_1_534' title='bbox 1706 1247 1842 1282; x_wconf 88' lang='lat' dir='ltr'>nomine</span> <span class='ocrx_word' id='word_1_535' title='bbox 1870 1244 1955 1289; x_wconf 85' lang='lat' dir='ltr'>apud</span> <span class='ocrx_word' id='word_1_536' title='bbox 1967 1245 2084 1278; x_wconf 89' lang='lat' dir='ltr'>Minu-</span> 
     </span>
     <span class='ocr_line' id='line_1_86' title="bbox 1188 1295 2080 1340; baseline -0.004 -9"><span class='ocrx_word' id='word_1_537' title='bbox 1188 1295 1274 1331; x_wconf 78' lang='lat' dir='ltr'>tium</span> <span class='ocrx_word' id='word_1_538' title='bbox 1296 1295 1442 1331; x_wconf 85' lang='lat' dir='ltr'>Felicem</span> <span class='ocrx_word' id='word_1_539' title='bbox 1465 1295 1615 1330; x_wconf 83' lang='lat' dir='ltr'>Caecilius</span> <span class='ocrx_word' id='word_1_540' title='bbox 1636 1296 1707 1340; x_wconf 88' lang='lat' dir='ltr'>post</span> <span class='ocrx_word' id='word_1_541' title='bbox 1729 1298 1839 1340; x_wconf 84' lang='lat' dir='ltr'>epulas</span> <span class='ocrx_word' id='word_1_542' title='bbox 1859 1295 2080 1340; x_wconf 77' lang='lat' dir='ltr'>Thyestaeas,</span> 
     </span>
     <span class='ocr_line' id='line_1_87' title="bbox 1192 1345 2079 1390; baseline -0.003 -10"><span class='ocrx_word' id='word_1_543' title='bbox 1192 1345 1409 1390; x_wconf 74' lang='lat' dir='ltr'>promiscuum</span> <span class='ocrx_word' id='word_1_544' title='bbox 1432 1345 1592 1379; x_wconf 73' lang='lat' dir='ltr'>incestum</span> <span class='ocrx_word' id='word_1_545' title='bbox 1610 1370 1622 1387; x_wconf 84' lang='lat'>‚</span> <span class='ocrx_word' id='word_1_546' title='bbox 1658 1346 1785 1390; x_wconf 84' lang='lat' dir='ltr'>aliaque</span> <span class='ocrx_word' id='word_1_547' title='bbox 1816 1346 1912 1383; x_wconf 85' lang='lat' dir='ltr'>nobis</span> <span class='ocrx_word' id='word_1_548' title='bbox 1935 1346 2079 1388; x_wconf 71' lang='lat' dir='ltr'>impacta</span> 
     </span>
     <span class='ocr_line' id='line_1_88' title="bbox 1191 1394 2081 1440; baseline -0.004 -10"><span class='ocrx_word' id='word_1_549' title='bbox 1191 1395 1329 1431; x_wconf 87' lang='lat' dir='ltr'>crimina</span> <span class='ocrx_word' id='word_1_550' title='bbox 1340 1394 1431 1428; x_wconf 84' lang='lat' dir='ltr'>dicit:</span> <span class='ocrx_word' id='word_1_551' title='bbox 1445 1396 1544 1431; x_wconf 83' lang='lat' dir='ltr'>Multa</span> <span class='ocrx_word' id='word_1_552' title='bbox 1550 1403 1697 1437; x_wconf 82' lang='lat' dir='ltr'>praetereo</span> <span class='ocrx_word' id='word_1_553' title='bbox 1707 1396 1844 1440; x_wconf 66' lang='lat' dir='ltr'>consulto.</span> <span class='ocrx_word' id='word_1_554' title='bbox 1873 1400 1960 1429; x_wconf 87' lang='lat' dir='ltr'>Nam</span> <span class='ocrx_word' id='word_1_555' title='bbox 1972 1397 2005 1429; x_wconf 64' lang='grc' dir='ltr'>ὁ*</span> <span class='ocrx_word' id='word_1_556' title='bbox 2017 1394 2081 1427; x_wconf 75' lang='lat' dir='ltr'>baec</span> 
     </span>
     <span class='ocr_line' id='line_1_89' title="bbox 1192 1442 2084 1489; baseline -0.002 -10"><span class='ocrx_word' id='word_1_557' title='bbox 1192 1451 1281 1482; x_wconf 82' lang='lat' dir='ltr'>nimis</span> <span class='ocrx_word' id='word_1_558' title='bbox 1292 1442 1487 1489; x_wconf 69' lang='lat' dir='ltr'>multasunt,</span> <span class='ocrx_word' id='word_1_559' title='bbox 1513 1456 1583 1488; x_wconf 82' lang='lat' dir='ltr'>quae</span> <span class='ocrx_word' id='word_1_560' title='bbox 1594 1453 1647 1479; x_wconf 80' lang='lat' dir='ltr'>auc</span> <span class='ocrx_word' id='word_1_561' title='bbox 1658 1452 1779 1488; x_wconf 81' lang='lat' dir='ltr'>omnia,</span> <span class='ocrx_word' id='word_1_562' title='bbox 1807 1457 1861 1481; x_wconf 87' lang='lat' dir='ltr'>aut</span> <span class='ocrx_word' id='word_1_563' title='bbox 1872 1453 1998 1483; x_wconf 70' lang='lat' dir='ltr'>omnium</span> <span class='ocrx_word' id='word_1_564' title='bbox 2018 1445 2084 1487; x_wconf 45' lang='lat' dir='ltr'>ple-¹</span> 
     </span>
     <span class='ocr_line' id='line_1_90' title="bbox 1191 1494 2082 1541; baseline -0.006 -11"><span class='ocrx_word' id='word_1_565' title='bbox 1191 1508 1284 1539; x_wconf 69' lang='lat' dir='ltr'>taque</span> <span class='ocrx_word' id='word_1_566' title='bbox 1296 1507 1371 1530; x_wconf 84' lang='lat' dir='ltr'>vera</span> <span class='ocrx_word' id='word_1_567' title='bbox 1383 1496 1515 1528; x_wconf 81' lang='lat' dir='ltr'>declarat</span> <span class='ocrx_word' id='word_1_568' title='bbox 1525 1494 1609 1536; x_wconf 82' lang='lat' dir='ltr'>ipfius</span> <span class='ocrx_word' id='word_1_569' title='bbox 1617 1505 1728 1538; x_wconf 84' lang='lat' dir='ltr'>pravae</span> <span class='ocrx_word' id='word_1_570' title='bbox 1739 1498 1886 1541; x_wconf 75' lang='lat' dir='ltr'>religionis</span> <span class='ocrx_word' id='word_1_571' title='bbox 1898 1495 2059 1539; x_wconf 75' lang='lat' dir='ltr'>obscuritas</span> <span class='ocrx_word' id='word_1_572' title='bbox 2070 1518 2082 1526; x_wconf 84' lang='lat'>.</span> 
     </span>
     <span class='ocr_line' id='line_1_91' title="bbox 1194 1543 2086 1589; baseline -0.002 -10"><span class='ocrx_word' id='word_1_573' title='bbox 1194 1551 1257 1579; x_wconf 84' lang='lat' dir='ltr'>Cur</span> <span class='ocrx_word' id='word_1_574' title='bbox 1281 1551 1390 1579; x_wconf 82' lang='lat' dir='ltr'>etenim</span> <span class='ocrx_word' id='word_1_575' title='bbox 1414 1546 1555 1579; x_wconf 80' lang='lat' dir='ltr'>occultare</span> <span class='ocrx_word' id='word_1_576' title='bbox 1578 1545 1818 1589; x_wconf 71' lang='lat' dir='ltr'>&amp;abfiondere,</span> <span class='ocrx_word' id='word_1_577' title='bbox 1840 1546 1992 1589; x_wconf 79' lang='lat' dir='ltr'>quidquid</span> <span class='ocrx_word' id='word_1_578' title='bbox 2007 1543 2086 1577; x_wconf 73' lang='lat' dir='ltr'>iilud</span> 
     </span>
     <span class='ocr_line' id='line_1_92' title="bbox 1192 1594 2088 1639; baseline -0.002 -9"><span class='ocrx_word' id='word_1_579' title='bbox 1192 1598 1289 1630; x_wconf 77' lang='lat' dir='ltr'>colum</span> <span class='ocrx_word' id='word_1_580' title='bbox 1313 1621 1323 1636; x_wconf 93' lang='lat'><em>,</em></span> <span class='ocrx_word' id='word_1_581' title='bbox 1351 1604 1526 1639; x_wconf 73' lang='lat' dir='ltr'>magnopere</span> <span class='ocrx_word' id='word_1_582' title='bbox 1555 1601 1691 1629; x_wconf 79' lang='lat' dir='ltr'>nituntur</span> <span class='ocrx_word' id='word_1_583' title='bbox 1714 1621 1725 1636; x_wconf 92' lang='lat'><em>‚</em></span> <span class='ocrx_word' id='word_1_584' title='bbox 1748 1609 1816 1631; x_wconf 88' lang='lat' dir='ltr'>cum</span> <span class='ocrx_word' id='word_1_585' title='bbox 1836 1597 1953 1637; x_wconf 81' lang='lat' dir='ltr'>honesta</span> <span class='ocrx_word' id='word_1_586' title='bbox 1968 1594 2088 1639; x_wconf 71' lang='lat' dir='ltr'>semper</span> 
     </span>
     <span class='ocr_line' id='line_1_93' title="bbox 1189 1643 2089 1689; baseline -0.003 -9"><span class='ocrx_word' id='word_1_587' title='bbox 1189 1646 1304 1689; x_wconf 74' lang='lat' dir='ltr'>publico</span> <span class='ocrx_word' id='word_1_588' title='bbox 1309 1647 1465 1688; x_wconf 80' lang='lat' dir='ltr'>gaudeant</span> <span class='ocrx_word' id='word_1_589' title='bbox 1483 1670 1493 1686; x_wconf 93' lang='lat'><strong>,</strong></span> <span class='ocrx_word' id='word_1_590' title='bbox 1514 1644 1625 1688; x_wconf 80' lang='lat' dir='ltr'>scelera</span> <span class='ocrx_word' id='word_1_591' title='bbox 1630 1645 1747 1689; x_wconf 73' lang='lat' dir='ltr'>fico-eta</span> <span class='ocrx_word' id='word_1_592' title='bbox 1754 1647 1815 1689; x_wconf 85' lang='lat' dir='ltr'>fint</span> <span class='ocrx_word' id='word_1_593' title='bbox 1824 1649 1839 1681; x_wconf 65' lang='grc' dir='ltr'>Ρ</span> <span class='ocrx_word' id='word_1_594' title='bbox 1862 1650 1977 1684; x_wconf 89' lang='lat' dir='ltr'>Omne</span> <span class='ocrx_word' id='word_1_595' title='bbox 1990 1643 2089 1684; x_wconf 68' lang='lat' dir='ltr'>illud,</span> 
     </span>
     <span class='ocr_line' id='line_1_94' title="bbox 1193 1695 2088 1740; baseline -0.002 -10"><span class='ocrx_word' id='word_1_596' title='bbox 1193 1696 1234 1731; x_wconf 89' lang='lat' dir='ltr'>de</span> <span class='ocrx_word' id='word_1_597' title='bbox 1255 1707 1322 1740; x_wconf 86' lang='lat' dir='ltr'>quo</span> <span class='ocrx_word' id='word_1_598' title='bbox 1345 1706 1514 1738; x_wconf 85' lang='lat' dir='ltr'>nunquam</span> <span class='ocrx_word' id='word_1_599' title='bbox 1539 1695 1643 1739; x_wconf 73' lang='lat' dir='ltr'>palam</span> <span class='ocrx_word' id='word_1_600' title='bbox 1666 1697 1757 1740; x_wconf 86' lang='lat' dir='ltr'>loqui</span> <span class='ocrx_word' id='word_1_601' title='bbox 1794 1698 1890 1732; x_wconf 86' lang='lat' dir='ltr'>liceat</span> <span class='ocrx_word' id='word_1_602' title='bbox 1910 1723 1922 1739; x_wconf 93' lang='lat'>‚</span> <span class='ocrx_word' id='word_1_603' title='bbox 1948 1696 2088 1731; x_wconf 79' lang='lat' dir='ltr'>affirmat</span> 
     </span>
     <span class='ocr_line' id='line_1_95' title="bbox 1194 1742 2089 1789; baseline -0.004 -8"><span class='ocrx_word' id='word_1_604' title='bbox 1194 1749 1318 1789; x_wconf 88' lang='lat' dir='ltr'>semper</span> <span class='ocrx_word' id='word_1_605' title='bbox 1334 1747 1396 1780; x_wconf 76' lang='lat' dir='ltr'>effe</span> <span class='ocrx_word' id='word_1_606' title='bbox 1410 1744 1613 1789; x_wconf 82' lang='lat' dir='ltr'>puniendum</span> <span class='ocrx_word' id='word_1_607' title='bbox 1625 1757 1679 1780; x_wconf 83' lang='lat' dir='ltr'>aut</span> <span class='ocrx_word' id='word_1_608' title='bbox 1692 1747 1883 1789; x_wconf 84' lang='lat' dir='ltr'>pudendum</span> <span class='ocrx_word' id='word_1_609' title='bbox 1896 1771 1904 1779; x_wconf 87' lang='lat'><strong>.</strong></span> <span class='ocrx_word' id='word_1_610' title='bbox 1933 1748 1976 1780; x_wconf 86' lang='lat' dir='ltr'>Et</span> <span class='ocrx_word' id='word_1_611' title='bbox 1998 1742 2089 1787; x_wconf 74' lang='lat' dir='ltr'>apud</span> 
     </span>
    </p>
   </div>
   <div class='ocr_carea' id='block_1_10' title="bbox 1195 1793 2268 1842">
    <p class='ocr_par' dir='ltr' id='par_1_12' title="bbox 1195 1793 2268 1842">
     <span class='ocr_line' id='line_1_96' title="bbox 1195 1793 2268 1842; baseline -0.007 -11"><span class='ocrx_word' id='word_1_612' title='bbox 1195 1798 1377 1840; x_wconf 80' lang='lat' dir='ltr'>origenem</span> <span class='ocrx_word' id='word_1_613' title='bbox 1390 1795 1526 1839; x_wconf 79' lang='lat' dir='ltr'>gentilis</span> <span class='ocrx_word' id='word_1_614' title='bbox 1540 1795 1654 1828; x_wconf 83' lang='lat' dir='ltr'>Celsus</span> <span class='ocrx_word' id='word_1_615' title='bbox 1665 1795 1846 1830; x_wconf 67' lang='lat' dir='ltr'>doctrinam</span> <span class='ocrx_word' id='word_1_616' title='bbox 1863 1793 2089 1829; x_wconf 80' lang='lat' dir='ltr'>Christianam</span> <span class='ocrx_word' id='word_1_617' title='bbox 2106 1808 2165 1840; x_wconf 61' lang='lat' dir='ltr'>Lib,</span> <span class='ocrx_word' id='word_1_618' title='bbox 2174 1818 2201 1842; x_wconf 83' lang='lat'>1-</span> <span class='ocrx_word' id='word_1_619' title='bbox 2264 1806 2268 1809; x_wconf 58' lang='grc'>’</span> 
     </span>
    </p>
   </div>
   <div class='ocr_carea' id='block_1_11' title="bbox 1193 1843 2091 2338">
    <p class='ocr_par' dir='ltr' id='par_1_13' title="bbox 1193 1843 2091 2338">
     <span class='ocr_line' id='line_1_97' title="bbox 1196 1843 2089 1890; baseline -0.001 -11"><span class='ocrx_word' id='word_1_620' title='bbox 1196 1858 1249 1889; x_wconf 86' lang='lat' dir='ltr'>per</span> <span class='ocrx_word' id='word_1_621' title='bbox 1270 1844 1448 1878; x_wconf 84' lang='lat' dir='ltr'>ludibrium</span> <span class='ocrx_word' id='word_1_622' title='bbox 1472 1843 1637 1877; x_wconf 73' lang='lat' dir='ltr'>continuo</span> <span class='ocrx_word' id='word_1_623' title='bbox 1656 1846 1796 1888; x_wconf 83' lang='lat' dir='ltr'>appellat</span> <span class='ocrx_word' id='word_1_624' title='bbox 1809 1846 1944 1890; x_wconf 87' lang='lat' dir='ltr'>Dogma</span> <span class='ocrx_word' id='word_1_625' title='bbox 1957 1845 2089 1879; x_wconf 81' lang='lat' dir='ltr'>clande-</span> 
     </span>
     <span class='ocr_line' id='line_1_98' title="bbox 1195 1893 2089 1940; baseline 0 -11"><span class='ocrx_word' id='word_1_626' title='bbox 1195 1896 1327 1930; x_wconf 85' lang='lat' dir='ltr'>stinum.</span> <span class='ocrx_word' id='word_1_627' title='bbox 1352 1893 1457 1940; x_wconf 81' lang='lat' dir='ltr'>Qod</span> <span class='ocrx_word' id='word_1_628' title='bbox 1470 1894 1575 1936; x_wconf 88' lang='lat' dir='ltr'>ipsum</span> <span class='ocrx_word' id='word_1_629' title='bbox 1587 1895 1603 1927; x_wconf 75' lang='grc' dir='ltr'>ὲ</span> <span class='ocrx_word' id='word_1_630' title='bbox 1614 1894 1747 1936; x_wconf 85' lang='lat' dir='ltr'>Juliano</span> <span class='ocrx_word' id='word_1_631' title='bbox 1760 1895 1912 1940; x_wconf 85' lang='lat' dir='ltr'>Augusto</span> <span class='ocrx_word' id='word_1_632' title='bbox 1923 1897 2015 1929; x_wconf 79' lang='lat' dir='ltr'>fuisse</span> <span class='ocrx_word' id='word_1_633' title='bbox 2027 1896 2089 1928; x_wconf 89' lang='lat' dir='ltr'>im-</span> 
     </span>
     <span class='ocr_line' id='line_1_99' title="bbox 1195 1942 2089 1990; baseline -0.001 -11"><span class='ocrx_word' id='word_1_634' title='bbox 1195 1953 1401 1988; x_wconf 85' lang='lat' dir='ltr'>properatum</span> <span class='ocrx_word' id='word_1_635' title='bbox 1412 1967 1423 1982; x_wconf 89' lang='lat'><strong>,</strong></span> <span class='ocrx_word' id='word_1_636' title='bbox 1451 1942 1535 1978; x_wconf 87' lang='lat' dir='ltr'>lucet</span> <span class='ocrx_word' id='word_1_637' title='bbox 1543 1954 1584 1979; x_wconf 84' lang='lat' dir='ltr'>ex</span> <span class='ocrx_word' id='word_1_638' title='bbox 1595 1944 1711 1978; x_wconf 69' lang='lat' dir='ltr'>Sancto</span> <span class='ocrx_word' id='word_1_639' title='bbox 1721 1944 1888 1990; x_wconf 88' lang='lat' dir='ltr'>Gregorio</span> <span class='ocrx_word' id='word_1_640' title='bbox 1903 1945 2089 1980; x_wconf 83' lang='lat' dir='ltr'>Nazianze-</span> 
     </span>
     <span class='ocr_line' id='line_1_100' title="bbox 1196 1992 2088 2038; baseline 0 -10"><span class='ocrx_word' id='word_1_641' title='bbox 1196 2006 1240 2028; x_wconf 81' lang='lat' dir='ltr'>no</span> <span class='ocrx_word' id='word_1_642' title='bbox 1254 2017 1265 2033; x_wconf 88' lang='lat'>,</span> <span class='ocrx_word' id='word_1_643' title='bbox 1275 1992 1344 2026; x_wconf 81' lang='lat' dir='ltr'>haec</span> <span class='ocrx_word' id='word_1_644' title='bbox 1356 1992 1590 2035; x_wconf 81' lang='lat' dir='ltr'>respondente:</span> <span class='ocrx_word' id='word_1_645' title='bbox 1612 1995 1688 2026; x_wconf 69' lang='lat' dir='ltr'>Sunt</span> <span class='ocrx_word' id='word_1_646' title='bbox 1698 2000 1789 2027; x_wconf 81' lang='lat' dir='ltr'>etiam</span> <span class='ocrx_word' id='word_1_647' title='bbox 1800 1997 1887 2036; x_wconf 82' lang='lat' dir='ltr'>apud</span> <span class='ocrx_word' id='word_1_648' title='bbox 1897 2006 1949 2028; x_wconf 82' lang='lat' dir='ltr'>nos</span> <span class='ocrx_word' id='word_1_649' title='bbox 1962 1997 2088 2038; x_wconf 79' lang='lat' dir='ltr'>quidam</span> 
     </span>
     <span class='ocr_line' id='line_1_101' title="bbox 1194 2043 2089 2087; baseline 0.003 -11"><span class='ocrx_word' id='word_1_650' title='bbox 1194 2046 1211 2076; x_wconf 86' lang='lat'><em>5</em></span> <span class='ocrx_word' id='word_1_651' title='bbox 1212 2054 1342 2077; x_wconf 85' lang='lat' dir='ltr'>ermones</span> <span class='ocrx_word' id='word_1_652' title='bbox 1349 2051 1404 2085; x_wconf 81' lang='lat' dir='ltr'>per</span> <span class='ocrx_word' id='word_1_653' title='bbox 1414 2043 1631 2076; x_wconf 74' lang='lat' dir='ltr'>occultationem</span> <span class='ocrx_word' id='word_1_654' title='bbox 1638 2045 1762 2087; x_wconf 82' lang='lat' dir='ltr'>prolati;</span> <span class='ocrx_word' id='word_1_655' title='bbox 1777 2047 1840 2078; x_wconf 83' lang='lat' dir='ltr'>nolo</span> <span class='ocrx_word' id='word_1_656' title='bbox 1851 2045 1979 2087; x_wconf 78' lang='lat' dir='ltr'>d1ffiteri.</span> <span class='ocrx_word' id='word_1_657' title='bbox 1995 2044 2089 2079; x_wconf 85' lang='lat' dir='ltr'>Istud.</span> 
     </span>
     <span class='ocr_line' id='line_1_102' title="bbox 1194 2093 2091 2140; baseline 0.002 -12"><span class='ocrx_word' id='word_1_658' title='bbox 1194 2094 1355 2128; x_wconf 85' lang='lat' dir='ltr'>silentium</span> <span class='ocrx_word' id='word_1_659' title='bbox 1367 2094 1506 2127; x_wconf 81' lang='lat' dir='ltr'>affirmat</span> <span class='ocrx_word' id='word_1_660' title='bbox 1530 2093 1564 2126; x_wconf 71' lang='grc' dir='ltr'>ὅ(</span> <span class='ocrx_word' id='word_1_661' title='bbox 1577 2093 1672 2127; x_wconf 87' lang='lat' dir='ltr'>nobis</span> <span class='ocrx_word' id='word_1_662' title='bbox 1684 2094 1718 2127; x_wconf 77' lang='lat' dir='ltr'>dc</span> <span class='ocrx_word' id='word_1_663' title='bbox 1728 2095 1909 2140; x_wconf 81' lang='lat' dir='ltr'>gentilibus</span> <span class='ocrx_word' id='word_1_664' title='bbox 1923 2096 1986 2130; x_wconf 80' lang='lat' dir='ltr'>effe</span> <span class='ocrx_word' id='word_1_665' title='bbox 1997 2106 2091 2130; x_wconf 80' lang='lat' dir='ltr'>com·</span> 
     </span>
     <span class='ocr_line' id='line_1_103' title="bbox 1193 2142 2090 2189; baseline 0.003 -12"><span class='ocrx_word' id='word_1_666' title='bbox 1193 2155 1312 2184; x_wconf 84' lang='lat' dir='ltr'>mune,</span> <span class='ocrx_word' id='word_1_667' title='bbox 1326 2142 1479 2187; x_wconf 81' lang='lat' dir='ltr'>additque</span> <span class='ocrx_word' id='word_1_668' title='bbox 1494 2144 1599 2187; x_wconf 88' lang='lat' dir='ltr'>ipsum</span> <span class='ocrx_word' id='word_1_669' title='bbox 1617 2156 1685 2178; x_wconf 88' lang='lat' dir='ltr'>non</span> <span class='ocrx_word' id='word_1_670' title='bbox 1700 2156 1741 2178; x_wconf 87' lang='lat' dir='ltr'>ex</span> <span class='ocrx_word' id='word_1_671' title='bbox 1754 2146 1924 2189; x_wconf 84' lang='lat' dir='ltr'>semetipso</span> <span class='ocrx_word' id='word_1_672' title='bbox 1940 2170 1952 2186; x_wconf 93' lang='lat'>,</span> <span class='ocrx_word' id='word_1_673' title='bbox 1980 2146 2034 2180; x_wconf 89' lang='lat' dir='ltr'>sed</span> <span class='ocrx_word' id='word_1_674' title='bbox 2044 2155 2090 2179; x_wconf 78' lang='lat' dir='ltr'>ex</span> 
     </span>
     <span class='ocr_line' id='line_1_104' title="bbox 1194 2194 2091 2240; baseline -0.001 -11"><span class='ocrx_word' id='word_1_675' title='bbox 1194 2205 1298 2229; x_wconf 84' lang='lat' dir='ltr'>rerum</span> <span class='ocrx_word' id='word_1_676' title='bbox 1320 2195 1521 2229; x_wconf 82' lang='lat' dir='ltr'>occultarum</span> <span class='ocrx_word' id='word_1_677' title='bbox 1541 2194 1705 2239; x_wconf 83' lang='lat' dir='ltr'>dignitate</span> <span class='ocrx_word' id='word_1_678' title='bbox 1723 2196 1769 2228; x_wconf 91' lang='lat' dir='ltr'>vel</span> <span class='ocrx_word' id='word_1_679' title='bbox 1790 2197 1912 2240; x_wconf 82' lang='lat' dir='ltr'>ineptia</span> <span class='ocrx_word' id='word_1_680' title='bbox 1933 2198 1996 2231; x_wconf 76' lang='lat' dir='ltr'>esse</span> <span class='ocrx_word' id='word_1_681' title='bbox 2008 2195 2091 2238; x_wconf 82' lang='lat' dir='ltr'>judi-</span> 
     </span>
     <span class='ocr_line' id='line_1_105' title="bbox 1194 2244 2088 2291; baseline 0 -12"><span class='ocrx_word' id='word_1_682' title='bbox 1194 2245 1358 2285; x_wconf 86' lang='lat' dir='ltr'>candum,</span> <span class='ocrx_word' id='word_1_683' title='bbox 1384 2244 1590 2288; x_wconf 83' lang='lat' dir='ltr'>probandum</span> <span class='ocrx_word' id='word_1_684' title='bbox 1603 2246 1962 2289; x_wconf 79' lang='lat' dir='ltr'>‚autimprobandum·</span> <span class='ocrx_word' id='word_1_685' title='bbox 1991 2246 2088 2291; x_wconf 84' lang='lat' dir='ltr'>Qiu</span> 
     </span>
     <span class='ocr_line' id='line_1_106' title="bbox 1193 2294 2089 2338; baseline 0 -9"><span class='ocrx_word' id='word_1_686' title='bbox 1193 2297 1226 2329; x_wconf 75' lang='grc' dir='ltr'>δε</span> <span class='ocrx_word' id='word_1_687' title='bbox 1240 2296 1345 2329; x_wconf 82' lang='lat' dir='ltr'>noster</span> <span class='ocrx_word' id='word_1_688' title='bbox 1366 2295 1544 2338; x_wconf 85' lang='lat' dir='ltr'>Septimius</span> <span class='ocrx_word' id='word_1_689' title='bbox 1573 2295 1683 2329; x_wconf 88' lang='lat' dir='ltr'>scribit</span> <span class='ocrx_word' id='word_1_690' title='bbox 1695 2296 1728 2329; x_wconf 91' lang='lat' dir='ltr'>in</span> <span class='ocrx_word' id='word_1_691' title='bbox 1742 2294 1826 2330; x_wconf 90' lang='lat' dir='ltr'>libro</span> <span class='ocrx_word' id='word_1_692' title='bbox 1837 2297 2009 2331; x_wconf 76' lang='lat' dir='ltr'>adversum</span> <span class='ocrx_word' id='word_1_693' title='bbox 2021 2295 2089 2329; x_wconf 78' lang='lat' dir='ltr'>Va-</span> 
     </span>
    </p>
   </div>
   <div class='ocr_carea' id='block_1_12' title="bbox 1194 2344 2223 2389">
    <p class='ocr_par' dir='ltr' id='par_1_14' title="bbox 1194 2344 2223 2389">
     <span class='ocr_line' id='line_1_107' title="bbox 1194 2344 2223 2389; baseline 0.001 -11"><span class='ocrx_word' id='word_1_694' title='bbox 1194 2345 1395 2379; x_wconf 83' lang='lat' dir='ltr'>lentinianos</span> <span class='ocrx_word' id='word_1_695' title='bbox 1415 2358 1426 2378; x_wconf 89' lang='lat'>.·</span> <span class='ocrx_word' id='word_1_696' title='bbox 1451 2344 1546 2377; x_wconf 81' lang='lat' dir='ltr'>Nihil</span> <span class='ocrx_word' id='word_1_697' title='bbox 1567 2350 1661 2389; x_wconf 85' lang='lat' dir='ltr'>magis</span> <span class='ocrx_word' id='word_1_698' title='bbox 1680 2356 1805 2387; x_wconf 79' lang='lat' dir='ltr'>curant,</span> <span class='ocrx_word' id='word_1_699' title='bbox 1831 2349 1924 2389; x_wconf 59' lang='lat' dir='ltr'>quam</span> <span class='ocrx_word' id='word_1_700' title='bbox 1944 2347 2090 2381; x_wconf 79' lang='lat' dir='ltr'>occultare</span> <span class='ocrx_word' id='word_1_701' title='bbox 2104 2350 2180 2387; x_wconf 83' lang='lat' dir='ltr'>Cap.</span> <span class='ocrx_word' id='word_1_702' title='bbox 2196 2358 2223 2381; x_wconf 82' lang='grc' dir='ltr'>ι.</span> 
     </span>
    </p>
   </div>
   <div class='ocr_carea' id='block_1_13' title="bbox 1189 2395 2091 3391">
    <p class='ocr_par' dir='ltr' id='par_1_15' title="bbox 1189 2395 2091 2940">
     <span class='ocr_line' id='line_1_108' title="bbox 1193 2395 2088 2439; baseline 0.003 -12"><span class='ocrx_word' id='word_1_703' title='bbox 1193 2395 1271 2437; x_wconf 82' lang='lat' dir='ltr'>quod</span> <span class='ocrx_word' id='word_1_704' title='bbox 1278 2396 1468 2437; x_wconf 67' lang='lat' dir='ltr'>praedicant.</span> <span class='ocrx_word' id='word_1_705' title='bbox 1495 2396 1525 2427; x_wconf 74' lang='lat'>51·</span> <span class='ocrx_word' id='word_1_706' title='bbox 1550 2404 1651 2428; x_wconf 83' lang='lat' dir='ltr'>tamen</span> <span class='ocrx_word' id='word_1_707' title='bbox 1668 2398 1845 2438; x_wconf 71' lang='lat' dir='ltr'>pradicant</span> <span class='ocrx_word' id='word_1_708' title='bbox 1858 2399 2065 2439; x_wconf 71' lang='lat' dir='ltr'>quiescultam·</span> <span class='ocrx_word' id='word_1_709' title='bbox 2078 2422 2088 2430; x_wconf 93' lang='lat'><em>.</em></span> 
     </span>
     <span class='ocr_line' id='line_1_109' title="bbox 1194 2444 2088 2489; baseline 0.006 -14"><span class='ocrx_word' id='word_1_710' title='bbox 1194 2445 1339 2485; x_wconf 70' lang='lat' dir='ltr'>Custodiae</span> <span class='ocrx_word' id='word_1_711' title='bbox 1359 2446 1493 2486; x_wconf 86' lang='lat' dir='ltr'>officium,</span> <span class='ocrx_word' id='word_1_712' title='bbox 1514 2444 1698 2488; x_wconf 73' lang='lat' dir='ltr'>consi-ieneiae</span> <span class='ocrx_word' id='word_1_713' title='bbox 1724 2448 1845 2488; x_wconf 82' lang='lat' dir='ltr'>officium</span> <span class='ocrx_word' id='word_1_714' title='bbox 1868 2447 1925 2487; x_wconf 85' lang='lat' dir='ltr'>est.</span> <span class='ocrx_word' id='word_1_715' title='bbox 1953 2446 2088 2489; x_wconf 70' lang='lat' dir='ltr'>Confiefio</span> 
     </span>
     <span class='ocr_line' id='line_1_110' title="bbox 1190 2496 2091 2539; baseline 0.006 -13"><span class='ocrx_word' id='word_1_716' title='bbox 1190 2496 1379 2535; x_wconf 74' lang='lat' dir='ltr'>pra-dicatur</span> <span class='ocrx_word' id='word_1_717' title='bbox 1389 2517 1399 2533; x_wconf 88' lang='lat'>,</span> <span class='ocrx_word' id='word_1_718' title='bbox 1411 2497 1481 2527; x_wconf 78' lang='lat' dir='ltr'>dum</span> <span class='ocrx_word' id='word_1_719' title='bbox 1492 2497 1591 2538; x_wconf 82' lang='lat' dir='ltr'>religio</span> <span class='ocrx_word' id='word_1_720' title='bbox 1603 2497 1786 2539; x_wconf 79' lang='lat' dir='ltr'>asseveratur</span> <span class='ocrx_word' id='word_1_721' title='bbox 1797 2521 1804 2528; x_wconf 91' lang='lat'>.</span> <span class='ocrx_word' id='word_1_722' title='bbox 1833 2502 1920 2530; x_wconf 83' lang='lat' dir='ltr'>Nam</span> <span class='ocrx_word' id='word_1_723' title='bbox 1932 2499 1965 2531; x_wconf 69' lang='lat' dir='ltr'>(zi</span> <span class='ocrx_word' id='word_1_724' title='bbox 1979 2497 2091 2539; x_wconf 80' lang='lat' dir='ltr'>Eleufi-</span> 
     </span>
     <span class='ocr_line' id='line_1_111' title="bbox 1193 2543 2088 2590; baseline 0.006 -14"><span class='ocrx_word' id='word_1_725' title='bbox 1193 2550 1258 2583; x_wconf 81' lang='lat' dir='ltr'>nia,</span> <span class='ocrx_word' id='word_1_726' title='bbox 1270 2543 1383 2586; x_wconf 79' lang='lat' dir='ltr'>haeresis</span> <span class='ocrx_word' id='word_1_727' title='bbox 1396 2546 1430 2578; x_wconf 60' lang='lat' dir='ltr'>&lt;ct</span> <span class='ocrx_word' id='word_1_728' title='bbox 1439 2544 1505 2588; x_wconf 84' lang='lat' dir='ltr'>ipsa</span> <span class='ocrx_word' id='word_1_729' title='bbox 1515 2550 1623 2579; x_wconf 79' lang='lat' dir='ltr'>Atticae</span> <span class='ocrx_word' id='word_1_730' title='bbox 1630 2544 1849 2589; x_wconf 80' lang='lat' dir='ltr'>superstitionis</span> <span class='ocrx_word' id='word_1_731' title='bbox 1861 2572 1871 2587; x_wconf 96' lang='lat'>,</span> <span class='ocrx_word' id='word_1_732' title='bbox 1883 2549 1965 2590; x_wconf 83' lang='lat' dir='ltr'>quod</span> <span class='ocrx_word' id='word_1_733' title='bbox 1973 2557 2088 2589; x_wconf 75' lang='lat' dir='ltr'>tacent,</span> 
     </span>
     <span class='ocr_line' id='line_1_112' title="bbox 1189 2594 2090 2638; baseline 0.006 -12"><span class='ocrx_word' id='word_1_734' title='bbox 1189 2596 1285 2636; x_wconf 84' lang='lat' dir='ltr'>pudor</span> <span class='ocrx_word' id='word_1_735' title='bbox 1297 2594 1335 2634; x_wconf 87' lang='lat' dir='ltr'>est</span> <span class='ocrx_word' id='word_1_736' title='bbox 1345 2619 1352 2626; x_wconf 83' lang='lat'><em>.</em></span> <span class='ocrx_word' id='word_1_737' title='bbox 1381 2597 1427 2627; x_wconf 81' lang='lat' dir='ltr'>Et</span> <span class='ocrx_word' id='word_1_738' title='bbox 1439 2597 1546 2629; x_wconf 74' lang='lat' dir='ltr'>idcirco</span> <span class='ocrx_word' id='word_1_739' title='bbox 1557 2597 1676 2628; x_wconf 80' lang='lat' dir='ltr'>aditum</span> <span class='ocrx_word' id='word_1_740' title='bbox 1682 2598 1773 2638; x_wconf 56' lang='lat' dir='ltr'>priris</span> <span class='ocrx_word' id='word_1_741' title='bbox 1786 2603 1919 2631; x_wconf 82' lang='lat' dir='ltr'>cruciant</span> <span class='ocrx_word' id='word_1_742' title='bbox 1931 2623 1942 2638; x_wconf 91' lang='lat'><em>,</em></span> <span class='ocrx_word' id='word_1_743' title='bbox 1971 2599 2090 2631; x_wconf 69' lang='lat' dir='ltr'>diutius</span> 
     </span>
     <span class='ocr_line' id='line_1_113' title="bbox 1192 2644 2088 2689; baseline 0.006 -13"><span class='ocrx_word' id='word_1_744' title='bbox 1192 2650 1315 2677; x_wconf 83' lang='lat' dir='ltr'>initiant</span> <span class='ocrx_word' id='word_1_745' title='bbox 1326 2669 1336 2685; x_wconf 86' lang='lat'><strong>,</strong></span> <span class='ocrx_word' id='word_1_746' title='bbox 1347 2647 1481 2688; x_wconf 71' lang='lat' dir='ltr'>linguam</span> <span class='ocrx_word' id='word_1_747' title='bbox 1491 2644 1669 2689; x_wconf 81' lang='lat' dir='ltr'>confignant,</span> <span class='ocrx_word' id='word_1_748' title='bbox 1679 2657 1745 2679; x_wconf 86' lang='lat' dir='ltr'>cum</span> <span class='ocrx_word' id='word_1_749' title='bbox 1760 2649 1901 2688; x_wconf 79' lang='lat' dir='ltr'>Epoptas</span> <span class='ocrx_word' id='word_1_750' title='bbox 1913 2656 1984 2681; x_wconf 80' lang='lat' dir='ltr'>ante</span> <span class='ocrx_word' id='word_1_751' title='bbox 1997 2653 2088 2689; x_wconf 73' lang='lat' dir='ltr'>quin-</span> 
     </span>
     <span class='ocr_line' id='line_1_114' title="bbox 1192 2696 2088 2738; baseline 0.003 -11"><span class='ocrx_word' id='word_1_752' title='bbox 1192 2700 1348 2737; x_wconf 84' lang='lat' dir='ltr'>quenm&#39;um</span> <span class='ocrx_word' id='word_1_753' title='bbox 1358 2697 1515 2736; x_wconf 70' lang='lat' dir='ltr'>instituunt</span> <span class='ocrx_word' id='word_1_754' title='bbox 1523 2720 1533 2736; x_wconf 95' lang='lat'>,</span> <span class='ocrx_word' id='word_1_755' title='bbox 1564 2706 1598 2727; x_wconf 86' lang='lat' dir='ltr'>ut</span> <span class='ocrx_word' id='word_1_756' title='bbox 1608 2702 1770 2736; x_wconf 78' lang='lat' dir='ltr'>opinionem</span> <span class='ocrx_word' id='word_1_757' title='bbox 1775 2696 1939 2738; x_wconf 80' lang='lat' dir='ltr'>suspendio</span> <span class='ocrx_word' id='word_1_758' title='bbox 1947 2700 2088 2738; x_wconf 47' lang='lat' dir='ltr'>cognitio&amp;</span> 
     </span>
     <span class='ocr_line' id='line_1_115' title="bbox 1192 2744 2084 2786; baseline 0 -7"><span class='ocrx_word' id='word_1_759' title='bbox 1192 2753 1238 2779; x_wconf 78' lang='lat' dir='ltr'>m‘s</span> <span class='ocrx_word' id='word_1_760' title='bbox 1252 2744 1399 2784; x_wconf 70' lang='lat' dir='ltr'>edificent</span> <span class='ocrx_word' id='word_1_761' title='bbox 1413 2769 1424 2785; x_wconf 92' lang='lat'><strong>,</strong></span> <span class='ocrx_word' id='word_1_762' title='bbox 1450 2754 1537 2786; x_wconf 81' lang='lat' dir='ltr'>atque</span> <span class='ocrx_word' id='word_1_763' title='bbox 1545 2750 1594 2776; x_wconf 77' lang='lat' dir='ltr'>ita</span> <span class='ocrx_word' id='word_1_764' title='bbox 1604 2753 1725 2776; x_wconf 83' lang='lat' dir='ltr'>tamam</span> <span class='ocrx_word' id='word_1_765' title='bbox 1737 2745 1925 2784; x_wconf 69' lang='lat' dir='ltr'>majestatem</span> <span class='ocrx_word' id='word_1_766' title='bbox 1946 2745 2084 2780; x_wconf 75' lang='lat' dir='ltr'>exhibere</span> 
     </span>
     <span class='ocr_line' id='line_1_116' title="bbox 1193 2793 2086 2837; baseline -0.001 -9"><span class='ocrx_word' id='word_1_767' title='bbox 1193 2797 1354 2830; x_wconf 80' lang='lat' dir='ltr'>videantur</span> <span class='ocrx_word' id='word_1_768' title='bbox 1374 2817 1384 2833; x_wconf 84' lang='lat'>‚</span> <span class='ocrx_word' id='word_1_769' title='bbox 1414 2803 1562 2837; x_wconf 80' lang='lat' dir='ltr'>quantam</span> <span class='ocrx_word' id='word_1_770' title='bbox 1589 2793 1830 2834; x_wconf 82' lang='lat' dir='ltr'>praestruxerunt</span> <span class='ocrx_word' id='word_1_771' title='bbox 1854 2796 2050 2836; x_wconf 76' lang='lat' dir='ltr'>cupiditatem</span> <span class='ocrx_word' id='word_1_772' title='bbox 2071 2819 2086 2830; x_wconf 87' lang='lat'><strong>.</strong></span> 
     </span>
     <span class='ocr_line' id='line_1_117' title="bbox 1195 2843 2085 2885; baseline 0.001 -6"><span class='ocrx_word' id='word_1_773' title='bbox 1195 2848 1311 2879; x_wconf 86' lang='lat' dir='ltr'>Hocee</span> <span class='ocrx_word' id='word_1_774' title='bbox 1323 2844 1636 2879; x_wconf 82' lang='lat' dir='ltr'>Valentinianorum</span> <span class='ocrx_word' id='word_1_775' title='bbox 1650 2855 1761 2885; x_wconf 78' lang='lat' dir='ltr'>coram</span> <span class='ocrx_word' id='word_1_776' title='bbox 1781 2844 1845 2877; x_wconf 82' lang='lat' dir='ltr'>sui-s</span> <span class='ocrx_word' id='word_1_777' title='bbox 1866 2843 2085 2881; x_wconf 79' lang='lat' dir='ltr'>Catechume-</span> 
     </span>
     <span class='ocr_line' id='line_1_118' title="bbox 1194 2893 1776 2940; baseline -0.007 -10"><span class='ocrx_word' id='word_1_778' title='bbox 1194 2897 1242 2930; x_wconf 87' lang='lat' dir='ltr'>nis</span> <span class='ocrx_word' id='word_1_779' title='bbox 1264 2893 1425 2929; x_wconf 78' lang='lat' dir='ltr'>silentium</span> <span class='ocrx_word' id='word_1_780' title='bbox 1450 2893 1635 2940; x_wconf 76' lang='lat' dir='ltr'>gravissime</span> <span class='ocrx_word' id='word_1_781' title='bbox 1645 2894 1755 2936; x_wconf 81' lang='lat' dir='ltr'>culpat</span> <span class='ocrx_word' id='word_1_782' title='bbox 1768 2917 1776 2925; x_wconf 93' lang='lat'>.</span> 
     </span>
    </p>

    <p class='ocr_par' dir='ltr' id='par_1_16' title="bbox 1191 2943 2085 3391">
     <span class='ocr_line' id='line_1_119' title="bbox 1242 2943 2083 2988; baseline 0.004 -9"><span class='ocrx_word' id='word_1_783' title='bbox 1242 2944 1338 2979; x_wconf 82' lang='lat' dir='ltr'>Absit</span> <span class='ocrx_word' id='word_1_784' title='bbox 1350 2955 1460 2979; x_wconf 85' lang='lat' dir='ltr'>tamen</span> <span class='ocrx_word' id='word_1_785' title='bbox 1475 2953 1510 2978; x_wconf 92' lang='lat' dir='ltr'>ut</span> <span class='ocrx_word' id='word_1_786' title='bbox 1520 2943 1631 2986; x_wconf 87' lang='lat' dir='ltr'>culpet</span> <span class='ocrx_word' id='word_1_787' title='bbox 1645 2944 1830 2978; x_wconf 89' lang='lat' dir='ltr'>nostrorum</span> <span class='ocrx_word' id='word_1_788' title='bbox 1850 2944 2083 2988; x_wconf 85' lang='lat' dir='ltr'>mysteriorum</span> 
     </span>
     <span class='ocr_line' id='line_1_120' title="bbox 1193 2993 2085 3034; baseline 0.001 -4"><span class='ocrx_word' id='word_1_789' title='bbox 1193 2996 1354 3030; x_wconf 85' lang='lat' dir='ltr'>silentium</span> <span class='ocrx_word' id='word_1_790' title='bbox 1376 3018 1387 3034; x_wconf 91' lang='lat'>‚</span> <span class='ocrx_word' id='word_1_791' title='bbox 1413 2996 1467 3029; x_wconf 89' lang='lat' dir='ltr'>seu</span> <span class='ocrx_word' id='word_1_792' title='bbox 1494 2995 1660 3028; x_wconf 85' lang='lat' dir='ltr'>Sec-retum</span> <span class='ocrx_word' id='word_1_793' title='bbox 1685 3017 1692 3024; x_wconf 93' lang='lat'><strong>.</strong></span> <span class='ocrx_word' id='word_1_794' title='bbox 1721 2993 1952 3033; x_wconf 83' lang='lat' dir='ltr'>Valentiniani</span> <span class='ocrx_word' id='word_1_795' title='bbox 1987 2996 2085 3031; x_wconf 82' lang='lat' dir='ltr'>Cate-</span> 
     </span>
     <span class='ocr_line' id='line_1_121' title="bbox 1193 3042 2084 3087; baseline 0 -7"><span class='ocrx_word' id='word_1_796' title='bbox 1193 3045 1428 3080; x_wconf 85' lang='lat' dir='ltr'>chumenatum</span> <span class='ocrx_word' id='word_1_797' title='bbox 1450 3056 1519 3078; x_wconf 90' lang='lat' dir='ltr'>non</span> <span class='ocrx_word' id='word_1_798' title='bbox 1543 3044 1635 3087; x_wconf 71' lang='lat' dir='ltr'>juxta</span> <span class='ocrx_word' id='word_1_799' title='bbox 1658 3042 1891 3086; x_wconf 88' lang='lat' dir='ltr'>Apostolicum</span> <span class='ocrx_word' id='word_1_800' title='bbox 1904 3045 2084 3085; x_wconf 84' lang='lat' dir='ltr'>Canonem</span> 
     </span>
     <span class='ocr_line' id='line_1_122' title="bbox 1193 3093 2083 3138; baseline -0.001 -7"><span class='ocrx_word' id='word_1_801' title='bbox 1193 3096 1232 3130; x_wconf 86' lang='lat' dir='ltr'>ad</span> <span class='ocrx_word' id='word_1_802' title='bbox 1246 3097 1417 3131; x_wconf 85' lang='lat' dir='ltr'>biennium</span> <span class='ocrx_word' id='word_1_803' title='bbox 1428 3120 1438 3136; x_wconf 94' lang='lat'>‚</span> <span class='ocrx_word' id='word_1_804' title='bbox 1466 3094 1519 3128; x_wconf 86' lang='lat' dir='ltr'>sed</span> <span class='ocrx_word' id='word_1_805' title='bbox 1532 3093 1573 3128; x_wconf 82' lang='lat' dir='ltr'>ad</span> <span class='ocrx_word' id='word_1_806' title='bbox 1586 3104 1675 3128; x_wconf 90' lang='lat' dir='ltr'>totos</span> <span class='ocrx_word' id='word_1_807' title='bbox 1686 3095 1832 3138; x_wconf 88' lang='lat' dir='ltr'>quinque</span> <span class='ocrx_word' id='word_1_808' title='bbox 1856 3107 1961 3130; x_wconf 84' lang='lat' dir='ltr'>annos</span> <span class='ocrx_word' id='word_1_809' title='bbox 1971 3106 2083 3131; x_wconf 82' lang='lat' dir='ltr'>exten·</span> 
     </span>
     <span class='ocr_line' id='line_1_123' title="bbox 1191 3143 2083 3181; baseline -0.001 0"><span class='ocrx_word' id='word_1_810' title='bbox 1191 3147 1328 3181; x_wconf 84' lang='lat' dir='ltr'>debant.</span> <span class='ocrx_word' id='word_1_811' title='bbox 1356 3144 1613 3180; x_wconf 72' lang='lat' dir='ltr'>catechumenis</span> <span class='ocrx_word' id='word_1_812' title='bbox 1633 3143 1784 3178; x_wconf 86' lang='lat' dir='ltr'>celabant</span> <span class='ocrx_word' id='word_1_813' title='bbox 1805 3156 1873 3179; x_wconf 90' lang='lat' dir='ltr'>non</span> <span class='ocrx_word' id='word_1_814' title='bbox 1898 3145 1964 3179; x_wconf 89' lang='lat' dir='ltr'>sola</span> <span class='ocrx_word' id='word_1_815' title='bbox 1975 3145 2083 3180; x_wconf 84' lang='lat' dir='ltr'>Sacra-</span> 
     </span>
     <span class='ocr_line' id='line_1_124' title="bbox 1193 3194 2081 3238; baseline -0.001 -7"><span class='ocrx_word' id='word_1_816' title='bbox 1193 3207 1375 3231; x_wconf 85' lang='lat' dir='ltr'>mentorum</span> <span class='ocrx_word' id='word_1_817' title='bbox 1397 3195 1550 3238; x_wconf 81' lang='lat' dir='ltr'>mysteria</span> <span class='ocrx_word' id='word_1_818' title='bbox 1562 3218 1573 3234; x_wconf 93' lang='lat'>,</span> <span class='ocrx_word' id='word_1_819' title='bbox 1600 3194 1653 3227; x_wconf 90' lang='lat' dir='ltr'>sed</span> <span class='ocrx_word' id='word_1_820' title='bbox 1664 3205 1765 3228; x_wconf 83' lang='lat' dir='ltr'>omne</span> <span class='ocrx_word' id='word_1_821' title='bbox 1778 3196 1871 3229; x_wconf 89' lang='lat' dir='ltr'>suum</span> <span class='ocrx_word' id='word_1_822' title='bbox 1887 3195 2081 3230; x_wconf 81' lang='lat' dir='ltr'>sceleratum</span> 
     </span>
     <span class='ocr_line' id='line_1_125' title="bbox 1192 3244 2084 3293; baseline -0.001 -12"><span class='ocrx_word' id='word_1_823' title='bbox 1192 3249 1314 3293; x_wconf 88' lang='lat' dir='ltr'>dogma</span> <span class='ocrx_word' id='word_1_824' title='bbox 1328 3271 1339 3287; x_wconf 88' lang='lat'>,</span> <span class='ocrx_word' id='word_1_825' title='bbox 1365 3244 1544 3279; x_wconf 76' lang='lat' dir='ltr'>mendaciis</span> <span class='ocrx_word' id='word_1_826' title='bbox 1565 3244 1669 3288; x_wconf 87' lang='lat' dir='ltr'>ipsum</span> <span class='ocrx_word' id='word_1_827' title='bbox 1692 3245 1909 3280; x_wconf 80' lang='lat' dir='ltr'>incrustantes</span> <span class='ocrx_word' id='word_1_828' title='bbox 1933 3269 1944 3285; x_wconf 88' lang='lat'><strong>,</strong></span> <span class='ocrx_word' id='word_1_829' title='bbox 1966 3245 2084 3280; x_wconf 81' lang='lat' dir='ltr'>ortho-</span> 
     </span>
     <span class='ocr_line' id='line_1_126' title="bbox 1191 3294 2083 3341; baseline -0.002 -9"><span class='ocrx_word' id='word_1_830' title='bbox 1191 3297 1275 3332; x_wconf 63' lang='lat' dir='ltr'>doxe</span> <span class='ocrx_word' id='word_1_831' title='bbox 1297 3298 1468 3341; x_wconf 87' lang='lat' dir='ltr'>loquentes</span> <span class='ocrx_word' id='word_1_832' title='bbox 1490 3319 1501 3335; x_wconf 94' lang='lat'><strong>,</strong></span> <span class='ocrx_word' id='word_1_833' title='bbox 1527 3295 1744 3339; x_wconf 85' lang='lat' dir='ltr'>protestantes</span> <span class='ocrx_word' id='word_1_834' title='bbox 1768 3296 1832 3329; x_wconf 84' lang='lat' dir='ltr'>sese</span> <span class='ocrx_word' id='word_1_835' title='bbox 1862 3294 2083 3330; x_wconf 83' lang='lat' dir='ltr'>Orthodoxos</span> 
     </span>
     <span class='ocr_line' id='line_1_127' title="bbox 1193 3344 2083 3391; baseline -0.002 -9"><span class='ocrx_word' id='word_1_836' title='bbox 1193 3348 1386 3388; x_wconf 86' lang='lat' dir='ltr'>nobiscum,</span> <span class='ocrx_word' id='word_1_837' title='bbox 1409 3346 1589 3391; x_wconf 81' lang='lat' dir='ltr'>eademque</span> <span class='ocrx_word' id='word_1_838' title='bbox 1601 3345 1797 3386; x_wconf 80' lang='lat' dir='ltr'>sentientes,</span> <span class='ocrx_word' id='word_1_839' title='bbox 1824 3344 1858 3379; x_wconf 75' lang='grc' dir='ltr'>δε</span> <span class='ocrx_word' id='word_1_840' title='bbox 1880 3346 2083 3387; x_wconf 80' lang='lat' dir='ltr'>queritantes</span> 
     </span>
    </p>
   </div>
   <div class='ocr_carea' id='block_1_14' title="bbox 1635 3394 2033 3434">
    <p class='ocr_par' dir='ltr' id='par_1_17' title="bbox 1635 3394 2033 3434">
     <span class='ocr_line' id='line_1_128' title="bbox 1635 3394 2033 3434; baseline 0.005 -3"><span class='ocrx_word' id='word_1_841' title='bbox 1635 3394 1707 3431; x_wconf 86' lang='lat' dir='ltr'>Ff</span> <span class='ocrx_word' id='word_1_842' title='bbox 1752 3406 1778 3434; x_wconf 74' lang='lat'>2</span> <span class='ocrx_word' id='word_1_843' title='bbox 1973 3395 2033 3433; x_wconf 77' lang='lat' dir='ltr'>fibi</span> 
     </span>
    </p>
   </div>
  </div>
 </body>
</html>
