2346 3724
622 129 1041 175 CAPIT

206 210 323 247 tholtcae
332 204 457 254 Ecclefiae
459 210 710 253 fundamentum,
739 212 759 244 ἃ
776 214 898 244 Domino
908 208 1007 253 nostro
1020 209 1078 252 ΙΕ-

207 262 270 298 SU
293 260 430 306 Christo,
456 263 612 295 servatore
637 260 760 295 humani
777 266 898 306 generis
909 271 944 294 ac
956 260 1081 292 Redem-

203 321 312 356 ptore‚
336 313 436 345 claves
453 317 536 355 regni
546 315 677 353 accepit,
699 310 893 355 solvendique
915 320 949 344 ac
965 310 1082 353 ligandi

203 371 326 406 peccata
331 359 464 404 potestas
474 359 610 403 ipst'daetae
619 359 663 405 est
674 366 723 404 qui
732 361 777 396 ad
785 360 836 395 boc
848 359 938 405 usque
950 366 1082 401 tempus,

206 413 242 448 ὰ
257 411 369 456 semper
391 416 424 444 in
439 409 501 454 suis
522 412 721 455 Succefforibus
743 416 826 446 vivit
848 435 861 452 ,
885 410 1082 452 &judicium

205 470 338 496 exercet.
365 461 473 507 Qam
497 463 722 505 professionem
744 462 831 506 leges
851 461 950 495 etiarn
963 460 998 494 in
1009 460 1082 494 aliis

206 511 413 558 generalibus
424 510 508 553 apud
520 513 691 547 Orientem
703 510 860 554 synodis,
887 509 1014 545 Verum
1028 508 1083 543 hic

204 561 329 596 nonde
340 560 427 596 Petri
439 561 584 596 Primatu
607 563 755 608 agimus,
783 560 836 596 sed
855 560 1028 596 dumtaxat
1042 559 1083 595 de

204 612 301 656 plena
320 611 389 655 ejus
400 611 532 646 scientia
545 636 554 645 .
580 609 624 647 Et
633 610 731 647 Aiane
751 611 930 655 SePtimius
951 611 1033 645 reste
1044 622 1083 644 ac

204 662 299 696 firme
322 662 438 706 probat
460 673 503 696 ex
524 660 655 697 fundata
678 663 770 705 super
790 662 895 704 ipsum
921 661 1060 696 Ecclesia
1074 685 1081 692 .

205 709 311 757 Quod
334 713 411 746 vero
431 711 599 747 Dominus
620 712 752 747 caelestis
772 712 865 757 regni
890 711 1016 752 claves,
1044 722 1082 745 ac

202 760 331 806 ligandi
353 772 452 807 atque
465 761 613 798 solvendi
627 762 819 806 potestatem
831 774 898 795 non
911 761 1008 796 Petro
1030 772 1083 804 per

202 811 383 846 Ecclesiam
405 837 417 854 ‚
442 813 495 847 sed
518 811 665 847 Ecclefiae
687 823 743 856 pet·
766 812 899 845 Petrum
934 811 1059 846 dederit
1073 836 1083 852 ,

201 859 309 904 ample
318 862 536 897 demonstravi
547 863 582 896 in
593 861 735 897 Scholiis
755 861 795 897 ad
818 861 987 897 Dictatum
1005 863 1084 897 San-

203 910 246 945 &i
259 913 411 957 Gregorii
423 912 579 957 Septimi.

410 1045 552 1088 Latuit
600 1046 659 1088 (9⁴
692 1047 876 1095 Joamzem

501 1110 667 1177 aliquid,
692 1116 782 1159 &a

252 1261 380 1295 Dostor
395 1259 476 1296 reste
487 1262 624 1297 affirmat
631 1262 730 1296 etiam
739 1261 858 1295 Sancto
866 1261 984 1305 Joanni
997 1259 1087 1305 Apo-

201 1311 291 1345 stolo
303 1310 387 1344 nihil
405 1313 469 1345 Eva
476 1312 608 1357 ngelicae
619 1313 761 1346 veritatis
771 1312 906 1345 defuisse
917 1337 924 1344 .
953 1311 1086 1358 Etenim

202 1360 310 1403 ipsum
338 1360 372 1393 in
396 1360 512 1395 litteris
534 1362 573 1396 ad
586 1361 962 1403 Constantinopolitanae
973 1361 1089 1395 Eccle-

201 1410 252 1443 siae
266 1409 402 1443 Clerum
427 1411 460 1444 &
474 1411 631 1454 populum
644 1412 790 1445 universa
804 1411 963 1453 Ephesina
984 1412 1088 1454 Syno-

202 1456 263 1491 dus
273 1457 319 1492 ob
330 1459 528 1492 eminentem
542 1460 710 1494 scientiam
732 1461 906 1503 appellavit
928 1461 1088 1503 Joannem

203 1505 425 1551 Theologum
438 1534 446 1540 .
475 1508 532 1543 Est
551 1508 599 1541 illi
611 1509 853 1553 antiquiffimus
876 1510 1009 1543 titulus.
1039 1509 1088 1552 lp-

202 1558 275 1591 sum
289 1557 426 1592 laudant
453 1569 492 1592 ae
513 1559 543 1593 ei
555 1558 744 1593 adscribunt
764 1559 798 1592 iu
810 1557 1005 1593 duodecima
1028 1559 1087 1593 Ca·

203 1603 323 1642 techefi
333 1607 469 1642 Sanane
479 1607 626 1652 Cyrillus
637 1609 880 1652 Hierosolymae
890 1610 1068 1653 Episcopus
1076 1631 1086 1648 ‚

200 1656 237 1690 in
258 1655 399 1691 homilia
420 1657 462 1692 de
474 1657 793 1703 Pseudoprophetis
818 1671 855 1693 ac
870 1660 955 1693 falsis
967 1659 1092 1694 Dosto-

46 1714 134 1744 rom.
157 1715 184 1741 6.
199 1704 290 1741 ribus
306 1707 442 1741 Sanctus
454 1708 597 1750 Joannes
609 1707 888 1753 Chrysostomus,
914 1709 949 1743 in
969 1708 1089 1742 litteris

63 1750 124 1784 Lib.
141 1760 184 1787 ¹3·
198 1755 244 1790 ad
265 1755 447 1791 Cratonem
459 1756 666 1794 Monachum
678 1784 690 1800 ‚
717 1771 756 1793 ac
776 1760 811 1793 in
823 1759 939 1794 litteris
959 1757 1000 1792 acl
1011 1758 1086 1792 Cas-

200 1805 325 1841 sianum
347 1807 539 1842 Diaconum
569 1809 702 1842 Sanetus
724 1809 864 1842 Isidorus
892 1808 1087 1847 pelusiotes,

62 1866 117 1904 Ep.
135 1875 184 1901 74·
200 1854 237 1889 in
262 1855 371 1891 saneti
394 1856 549 1902 Gregorii
582 1857 787 1892 Nazianzeni
814 1858 881 1893 vita
908 1857 1088 1903 Gregorius

63 1905 164 1941 Lib-3.
203 1903 397 1948 Presbyter,
422 1918 460 1941 ac
471 1906 668 1941 aliiPatres.
694 1906 864 1943 Laudatus
887 1907 1088 1952 Chrysosto-

64 1987 90 2017 E
196 1966 273 1991 mus
295 1957 459 2000 propriam
482 1957 523 1991 de
532 1959 650 1991 Sancto
673 1959 800 2000 Joanne
817 1956 990 1992 homiliam
1015 1959 1089 1992 scri·

90 1994 179 2025 p'4²⁸
199 2006 282 2049 pfit,
307 2017 446 2048 eamque
467 2007 628 2048 inscripsit
641 2007 822 2040 sermonem
846 2007 887 2041 de
899 2008 1016 2040 Sansto
1036 2008 1088 2050 Jo-

198 2064 288 2088 enne
300 2053 486 2098 Theologo
500 2079 508 2086 .
534 2054 577 2088 Et
592 2054 637 2088 ita
648 2054 794 2090 orditur:
814 2060 955 2101 Joanno·
974 2062 1007 2091 in
1016 2056 1087 2099 Afiae

197 2103 272 2138 urbe
284 2101 424 2147 Epheso,
444 2107 588 2148 Joannes
601 2105 671 2147 Afiae
694 2106 803 2145 decus,
828 2108 881 2140 vel
885 2108 986 2149 potius
1010 2108 1087 2140 orbis

199 2162 350 2187 terrarum
360 2155 494 2188 columna
507 2179 518 2194 ,
537 2156 568 2198 J
571 2166 679 2188 oannet
690 2156 813 2190 delectus
826 2156 938 2197 Christi
960 2156 1088 2200 disi-ipu-

198 2202 247 2235 ἕω
260 2226 272 2243 ,
299 2206 356 2237 Dei
377 2202 566 2245 arbitraba,
595 2205 783 2248 prefiorum
801 2208 917 2250 glorta,
943 2217 1087 2241 extremo-

196 2263 267 2286 rum
278 2252 357 2286 orbis
369 2253 475 2296 finium
498 2257 620 2296 Praeco,
646 2254 808 2299 Theologtae
832 2255 969 2297 cithara,
997 2255 1086 2290 Theo-

198 2303 406 2345 {oguszmerno
429 2305 620 2345 appellatur.
649 2304 757 2339 Verba
770 2329 781 2345 ‚
808 2309 1020 2339 Exti-emotum
1042 2316 1086 2338 or·

199 2352 251 2385 'bis
268 2351 375 2393 finium
400 2356 526 2393 Praeco,
555 2355 720 2388 insinuant
743 2355 895 2387 Sanstum
919 2356 1082 2396 Joannem

198 2401 287 2444 :pud
308 2401 447 2436 Parthos
468 2402 665 2446 praedicaffe.
693 2402 781 2436 Nam
804 2403 843 2436 ad
858 2403 941 2446 ipsos
965 2402 1082 2446 scripta

198 2450 247 2486 'est
266 2450 334 2495 ejus
346 2451 449 2495 prima
466 2452 618 2495 epistola.
646 2450 904 2496 Chrysostomus
925 2452 1083 2496 ampliffi-

198 2499 255 2535 me
277 2501 476 2537 demonstrat
498 2502 566 2545 ejus
578 2501 805 2547 Theologiam
825 2503 918 2537 fuisse
938 2504 1083 2537 eminen-

200 2550 354 2585 tissimam
368 2575 380 2592 ,
405 2551 548 2596 ideoque
567 2553 672 2595 ipsum
695 2555 757 2587 effe
767 2553 908 2598 dignum
928 2563 1021 2588 tanto
1044 2553 1082 2586 ti·

199 2600 275 2634 tulo
310 2625 317 2633 .
343 2600 382 2634 In
403 2600 531 2636 lauda'ta
550 2602 592 2637 de
612 2602 926 2646 Pseudo-Prophetis
946 2602 1083 2638 homilia

201 2649 295 2684 addit
322 2661 360 2684 ac
370 2650 568 2686 demonstrat
579 2663 693 2687 omnes
706 2653 886 2696 Apostolos
898 2654 991 2688 fuisse
1004 2654 1086 2686 sum-

202 2708 277 2735 mos
300 2698 497 2745 Theologos
512 2725 523 2742 ,
550 2702 595 2735 ita
616 2712 724 2736 tamen
750 2703 932 2738 utSanstus
945 2705 1087 2747 loannes

201 2761 245 2784 ex
255 2749 467 2795 singularibus
479 2752 579 2786 causis
591 2762 682 2796 gerat
694 2753 777 2788 istud
788 2754 934 2798 elogium
948 2777 954 2785 .
981 2754 1026 2787 Et
1048 2752 1083 2788 in

203 2798 336 2834 laudata
346 2801 387 2835 ad
400 2801 586 2836 Cassianum
598 2803 787 2837 Diaconum
797 2803 931 2847 epistola
952 2803 1086 2838 sanans

202 2846 341 2884 Isidorus
371 2851 516 2894 loquitur
539 2863 616 2887 cum
638 2854 761 2888 summa
782 2850 923 2896 emphasi
937 2867 947 2886 .·
973 2852 1086 2887 Theolo-

199 2910 260 2945 gus
271 2900 319 2933 ille
333 2923 345 2941 ,
370 2912 405 2935 ac
417 2904 479 2935 Deo
487 2912 573 2935 carus
578 2906 722 2948 Joannes
732 2927 744 2944 ,
769 2905 842 2949 vere
859 2902 1083 2946 tonitruifilius,

202 2950 352 2993 Deiloqua
374 2952 493 2994 lingua,
519 2963 589 2984 nam
607 2955 627 2985 ἃ
647 2955 757 2996 Spiritu
767 2955 787 2987 5
789 2952 873 2986 ant‘lo
886 2954 1060 2988 movebatur
1074 2979 1085 2995 ,

203 3001 319 3033 nivini
345 3001 431 3034 Verbi
450 3000 630 3043 hypossafim,
659 3009 857 3040 aeternitatem
872 3027 882 3043 ,
910 3006 944 3038 (εἰ
965 3016 1085 3048 regnum

200 3049 403 3093 praedicavit.
433 3054 472 3083 Ac
479 3059 535 3093 per
553 3052 604 3092 id,
629 3054 710 3094 quod
724 3051 837 3095 saepius
851 3055 931 3086 dixit
947 3078 957 3092 ‚
989 3055 1086 3094 Erat,

203 3100 305 3141 allud,
332 3101 384 3134 Ex
395 3111 463 3135 nou
475 3100 696 3143 exstantibus,
722 3104 912 3138 eliminavit:
941 3105 1084 3139 Omnem

206 3148 368 3185 Arianam
396 3149 630 3196 blasphemiam
654 3176 664 3184 .
698 3150 873 3198 Theologi
902 3153 1016 3188 titulus
1041 3155 1084 3189 est

208 3200 293 3234 tanti
305 3200 478 3244 ponderis,
505 3211 541 3236 ut
552 3202 703 3237 sanctum
724 3202 922 3248 Greg'orium
946 3204 1085 3239 Nazian-

207 3259 326 3284 zenum
341 3275 352 3292 ,
376 3250 527 3294 quiinter
537 3262 651 3286 omnes
667 3253 811 3288 Ecclesiae
824 3253 934 3287 Patres
947 3265 1031 3288 unus
1050 3255 1083 3288 il-

208 3298 280 3332 lum
300 3302 417 3335 meruit
438 3301 507 3345 post
528 3302 680 3336 Sanctum
704 3303 889 3346 Ioannem,
910 3305 1084 3340 meritoin-

306 3348 414 3391 christ.
428 3354 508 3395 Lupi
519 3357 615 3395 opera
626 3356 659 3385 T.
670 3355 726 3386 lx.

1112 142 1127 172 1

1201 142 1221 172 s
1327 125 1575 170 XXII.
1857 143 1952 187 213

1145 207 1187 243 de
1214 206 1354 243 extollat
1376 206 1525 242 laudatus
1535 202 1706 249 Presbyter
1716 207 1910 254 Gregorius.
1938 212 2017 255 Ejus

1146 256 1284 293 radicem
1306 258 1405 292 edicit
1426 258 1460 291 in
1472 257 1586 291 divino
1598 256 1722 292 Officio
1732 259 1839 293 Mater
1856 261 1993 296 Ecclesia
2007 274 2017 294 :

1144 309 1198 349 Iste
1219 307 1258 349 est
1270 311 1414 353 Joannes
1426 331 1436 347 ,
1462 312 1511 351 qui
1524 306 1618 351 suprci
1635 307 1736 349 pellas
1753 311 1869 340 Domini
1895 315 1926 343 in
1937 323 2020 347 coena

1145 358 1273 392 recubuit
1285 382 1293 389 .
1319 360 1434 391 Beatus
1448 357 1594 400 Apostolus
1608 383 1619 400 ,
1643 363 1689 391 cui
1701 359 1836 391 revelata
1841 356 1912 399 sunt
1929 362 2022 394 Secre-

1146 418 1179 442 ta
1187 407 1323 448 coelestia.
1352 410 1482 441 Fluenta
1503 409 1668 452 Evangelii
1686 409 1724 441 de
1743 406 1806 450 ipso
1822 405 1905 449 sacro
1923 411 2021 441 Domi-

1145 463 1202 492 nici
1208 458 1334 502 peeoris
1340 457 1432 501 fonte
1438 463 1580 500 potavit.
1610 459 1792 501 Desumpta
1804 455 1871 490 haec
1893 458 1966 490 sunt
1980 469 2022 491 ex

1146 509 1242 543 variis
1254 508 1402 542 Ecclefiae
1416 506 1563 543 Patribus
1573 534 1580 541 .
1608 506 1709 555 Quod
1721 505 1836 551 Ephesi
1858 506 1955 540 fuerit
1968 518 2025 540 an-

1146 560 1237 603 tiqua
1249 558 1385 593 Basilica
1396 559 1513 593 Sandio
1524 559 1642 602 Joanni
1656 558 1840 601 Theologo
1851 555 1999 591 dedicata
2010 580 2023 598 ,

1145 620 1182 643 ac
1203 610 1306 652 ipsam
1345 608 1523 651 Imperator
1544 608 1744 652 Iustinianus
1772 606 1992 641 restauraverit
2019 629 2032 648 ,

1146 658 1277 693 testatur
1308 658 1342 692 in
1377 658 1467 693 libris
1498 658 1539 694 de
1564 658 1630 701 ejus
1666 658 1813 693 aedificiis
1846 656 2031 702 Procopius
2045 659 2106 691 Lib⁴
2133 670 2158 697 5·

1147 709 1366 743 Caesareenfis.
2045 711 2107 741 ⁶³1³·
2133 711 2157 732 ¹·

1255 842 1379 907 Qem
1413 838 1488 888 loco
1512 837 1587 906 fiio
1610 838 1742 904 filium
1778 844 1927 890 Mariae

1452 910 1698 974 demandavit
1712 947 1726 959 .

1198 1056 1279 1092 Hoc
1301 1059 1440 1095 Domini
1464 1062 1584 1096 fastum
1607 1061 1764 1097 laudatin
1779 1062 1917 1097 Panario
1931 1061 2032 1096 etiam

1150 1107 1280 1141 Sanetus
1302 1108 1527 1153 Epiphanius,
1553 1111 1588 1144 &
1610 1124 1652 1146 ex
1663 1113 1734 1155 ipso
1753 1112 1903 1146 adversus
1918 1112 2034 1145 Cerin-

1150 1154 1244 1190 thum
1269 1158 1304 1192 δι
1327 1159 1558 1203 Carpocratem
1580 1162 1750 1196 concludit
1777 1162 1954 1204 Iacobum,
1983 1161 2035 1203 Jo-

1151 1205 1247 1249 seph,
1274 1208 1411 1251 Judam‚
1440 1221 1476 1243 ac
1490 1210 1658 1245 Simonem
1678 1223 1744 1244 non
1770 1212 1862 1246 fuisse
1883 1211 2038 1253 Deiparae.

1151 1267 1193 1290 ex
1216 1256 1358 1302 Josepho
1382 1259 1491 1294 filios:
1520 1259 1596 1302 Absit
1618 1271 1652 1294 ut
1673 1263 1708 1294 id
1721 1273 1853 1305 unquam
1879 1263 2033 1294 dicamus.
2053 1279 2153 1314 Haefcs·

1151 1306 1286 1350 Alioquin
1296 1319 1362 1342 cum
1374 1316 1409 1342 in
1420 1316 1513 1344 cruce
1518 1312 1662 1352 penderet
1674 1335 1684 1351 ,
1711 1323 1768 1344 non
1784 1312 2036 1356 Sanc‘loJoanni‚
2053 1327 2097 1353 28.
2107 1332 2162 1356 07·

1151 1362 1203 1398 qui
1230 1356 1336 1400 &ipse
1347 1365 1551 1402 virginitatem
1559 1358 1722 1403 servavit,
1749 1370 1875 1394 matrem
1896 1372 2035 1395 commen-

1152 1407 1240 1442 daret
1244 1405 1334 1448 suam
1344 1432 1354 1449 ‚
1380 1419 1444 1441 cum
1456 1415 1501 1441 ita
1512 1411 1623 1449 locutus
1633 1409 1671 1449 est
1687 1434 1697 1450 ,
1727 1412 1813 1445 Ecce
1826 1412 1934 1445 Mater
1957 1420 2011 1444 tua
2026 1436 2034 1443 .

1152 1458 1197 1487 Et
1217 1457 1302 1490 illam
1320 1459 1492 1500 alloquens,
1521 1459 1607 1493 Ecce
1627 1460 1714 1494 filius
1735 1471 1809 1495 tuus
1825 1486 1832 1494 .
1844 1465 1944 1494 “Hanc
1956 1466 2036 1492 enim

1152 1506 1204 1537 vel
1228 1512 1359 1549 cognatis
1371 1507 1438 1550 suis
1464 1515 1641 1542 committere
1660 1516 1785 1549 oportuit
1801 1536 1812 1551 ‚
1839 1512 1890 1544 vel
1905 1509 2036 1555 josephi

1150 1554 1251 1586 liberis
1275 1579 1286 1595 ‚
1305 1554 1335 1595 fi
1350 1567 1420 1598 quos
1446 1568 1483 1590 ex
1501 1556 1568 1601 ipsa
1586 1556 1743 1601 sustulerat
1766 1585 1772 1592 .
1821 1560 1926 1594 Addit
1959 1559 2037 1593 istos

1152 1613 1294 1647 quatuor
1305 1605 1399 1641 fuisse
1409 1607 1540 1652 Josephi
1553 1620 1594 1642 ex
1605 1608 1705 1652 priori
1717 1621 1816 1644 uxore
1827 1611 1913 1644 filios
1925 1635 1935 1650 ‚
1950 1610 2038 1644 ideo-

1152 1665 1215 1697 que
1227 1654 1404 1699 Deiparam
1417 1658 1509 1692 fuisse
1520 1659 1663 1701 ipsorum
1679 1671 1852 1694 novercam
1865 1685 1872 1692 .
1900 1661 1979 1694 Hoc
1991 1660 2039 1702 ip-

1153 1705 1223 1738 sum
1233 1704 1330 1740 docet
1356 1707 1433 1742 &in
1447 1708 1517 1742 alio
1528 1709 1619 1743 istius
1630 1709 1736 1753 operis
1754 1709 1839 1745 libro
1850 1736 1860 1752 ,
1885 1710 1920 1743 &
1933 1711 2039 1754 prose-

1151 1754 1262 1796 quitur
1273 1768 1284 1787 .-
1311 1755 1418 1790 Veram
1428 1769 1480 1791 cur
1490 1769 1548 1791 non
1562 1762 1650 1792 Petro
1657 1761 1758 1800 potius
1769 1783 1780 1799 ,
1809 1761 1862 1793 vel
1884 1761 2011 1794 Andreae
2025 1784 2039 1800 ,
2143 1788 2156 1819 s

1151 1805 1204 1836 vel
1214 1804 1382 1847 Mariba,
1409 1810 1461 1840 vel
1469 1808 1687 1842 Bartholomaeo
1696 1810 1906 1842 commendat?
1935 1815 1968 1843 N
1973 1815 2038 1842 lml-
2055 1790 2182 1866 {13²ngss

1151 1854 1217 1886 rum
1221 1857 1254 1898 J
1257 1861 1345 1889 oanni
1358 1863 1478 1899 propter
1492 1862 1700 1902 virginnatem
1712 1858 1761 1891 boc
1772 1859 1877 1893 tribuit
1888 1884 1903 1892 -
1926 1861 2012 1894 Ecce
2022 1886 2034 1900 ‚

1150 1908 1249 1946 inquit
1260 1927 1272 1944 ,
1297 1906 1407 1941 Mater
1420 1918 1474 1942 tua
1483 1933 1491 1940 .
1518 1908 1750 1952 ,Quamquamfi
1757 1918 1858 1951 corpus
1868 1908 2038 1949 confideres,

1144 1954 1175 1995 J
1177 1960 1282 1987 oannis
1294 1959 1394 1989 Mater
1406 1969 1463 1990 non
1476 1966 1542 1990 erat
1554 1982 1565 1997 ,
1585 1957 1642 2000 sed
1650 1970 1718 1992 eam
1733 1957 1829 2000 ipsam
1841 1965 2034 2001 virginitatis

1150 2003 1200 2045 effi·
1213 2006 1379 2047 Principem
1385 2005 1550 2050 fignificare
1563 2009 1656 2041 voluit
1666 2032 1677 2048 ,
1702 2014 1840 2050 quoniam
1865 2010 1903 2041 ab
1919 2011 1972 2042 illa
1991 2015 2038 2042 vi·

1150 2054 1331 2094 taprocefflt.
1357 2056 1469 2091 Adhaec
1472 2061 1504 2102 J
1507 2069 1628 2090 oannem
1641 2080 1651 2095 ,
1675 2058 1744 2091 licet
1756 2059 1872 2091 alienus
1888 2083 1899 2099 ‚
1924 2060 1958 2092 6)·
1982 2065 2038 2091 mi-

1152 2105 1231 2138 nime
1246 2111 1430 2148 propinquus
1454 2107 1519 2149 effet
1531 2131 1542 2146 ,
1569 2107 1674 2140 verbis
1698 2109 1759 2141 illis
1781 2105 1892 2148 affatus
1913 2108 1951 2148 es}
1965 2133 1975 2149 ,
2000 2118 2034 2141 ut

1152 2156 1282 2187 Matrem
1300 2155 1503 2188 honorandam
1524 2156 1576 2199 effe
1587 2156 1761 2196 monstraret
1777 2181 1783 2189 .
1810 2161 1911 2202 Pergit
1925 2164 2036 2193 Evan-

1146 2204 1274 2245 gellum:
1303 2204 1354 2238 Ex
1368 2205 1424 2240 illa
1434 2205 1490 2239 die
1501 2206 1625 2249 accepit
1636 2207 1727 2242 illam
1738 2206 1914 2251 discipulus
1935 2211 1969 2243 in
1984 2210 2035 2243 se-

1152 2254 1182 2284 se
1195 2276 1202 2284 .
1230 2257 1324 2295 Atqui
1334 2253 1365 2295 fi
1385 2256 1531 2289 &virum
1553 2255 1673 2290 baberet
1692 2281 1703 2298 ‚
1729 2259 1763 2291 l&
1785 2257 1923 2299 domum,
1950 2260 2036 2292 &li-

1152 2301 1234 2334 beros
1250 2326 1262 2342 ‚
1286 2302 1395 2345 adsua
1402 2307 1502 2346 potius
1512 2328 1523 2344 ,
1547 2308 1638 2347 quaeim
1647 2308 1692 2340 ad
1703 2308 1830 2341 alienum
1836 2307 1870 2350 fi·
1878 2307 2020 2351 conferret
2029 2334 2037 2341 .

1155 2350 1206 2382 Ex
1228 2351 1291 2385 isto
1306 2352 1448 2386 Domini
1469 2355 1555 2388 facto
1568 2355 1772 2398 Epiphanius
1792 2358 1930 2392 affirmat
1949 2360 2009 2392 tria
2022 2384 2029 2391 .

1151 2398 1264 2435 Primo
1275 2423 1286 2440 ‚
1310 2402 1400 2445 quod
1413 2403 1554 2447 Deipara
1565 2415 1606 2438 ex
1619 2404 1763 2449 Josepho
1777 2407 1884 2442 nullos
1902 2419 2037 2452 accepe-

1149 2450 1191 2484 rit
1213 2451 1320 2486 filios.
1347 2452 1521 2493 Secundo,
1551 2454 1641 2498 quod
1664 2453 1821 2500 Josephus
1850 2458 2038 2492 Dominicae

1149 2500 1309 2535 Paffionis
1330 2511 1476 2546 tempore
1498 2504 1596 2538 fuerit
1623 2504 1795 2540 defunstus
1825 2532 1833 2539 .
1871 2506 2039 2551 Alioquin

1150 2551 1290 2594 Deipara
1312 2553 1474 2588 mansisset
1494 2553 1579 2597 apud
1606 2554 1710 2598 ipsum
1725 2579 1736 2595 ,
1762 2567 1823 2590 nec
1833 2565 1916 2600 opus
1927 2556 2037 2592 fuisset

1147 2612 1219 2637 eam
1232 2601 1407 2646 Discipulo
1423 2603 1631 2638 demandari.
1658 2604 1812 2640 Affirmat
1837 2616 1876 2640 ac
1898 2606 2037 2642 demon·

1148 2651 1222 2686 strat
1244 2652 1337 2687 fuisse
1358 2653 1549 2688 defunstum
1569 2663 1647 2688 ante
1669 2654 1860 2690 inchoatam
1890 2657 2035 2691 Domini

1149 2701 1432 2746 praedicationem.
1464 2702 1587 2737 Tertio
1607 2704 1745 2739 affirmat
1759 2706 1919 2747 Ioannem
1941 2706 2034 2748 supet

1146 2763 1261 2787 omnes
1273 2751 1454 2800 Apostolos
1479 2764 1518 2787 ac
1530 2752 1671 2787 Domini
1696 2762 1860 2797 cognatos
1877 2753 1971 2788 fuisse
1982 2753 2033 2788 di»

1148 2804 1263 2837 lectum
1275 2801 1293 2835 ὸ.
1306 2803 1458 2838 Domino
1471 2827 1479 2834 .
1510 2801 1554 2834 Et
1566 2800 1630 2836 hoc
1641 2800 1687 2835 ob
1697 2810 1884 2846 perpetuam
1897 2802 2033 2847 virgini·

1147 2863 1248 2888 tatem
1260 2876 1267 2885 .

1197 2902 1300 2938 Aliud
1313 2901 1439 2937 censuit
1450 2901 1484 2936 in
1507 2900 1624 2936 litteris
1644 2900 1684 2936 ad
1697 2901 1851 2938 Sanctum
1865 2899 2031 2948 Anyfium

1146 2952 1469 2988 Thessalonicensem
1480 2951 1730 2996 Metropolitam
1745 2977 1763 2998 ,¹
1782 2965 1820 2987 ac
1839 2953 1924 2988 alios
1943 2953 2029 2998 llly-

1146 3004 1274 3038 ricianae
1299 3003 1454 3037 Dioeeefis
1480 3001 1655 3037 Antistites
1680 3003 1813 3038 Siricius
1838 3003 1995 3039 Pontifex
2017 3028 2026 3036 .

1145 3054 1336 3097 Perpetuam
1348 3053 1496 3097 Deiparae
1508 3052 1730 3098 virginitatem
1751 3053 1951 3088 demonstrat
1974 3052 2027 3087 ad-

1118 3101 1121 3104 *
1148 3105 1252 3139 versus
1264 3102 1499 3138 haeresiarcham
1513 3103 1714 3138 Helvidium
1725 3127 1737 3145 ,
1762 3116 1799 3139 ac
1812 3103 2024 3148 prosequitur.-

1147 3157 1191 3187 E't
1210 3153 1308 3194 ubiest
1321 3154 1418 3195 illud,
1442 3153 1521 3195 quod
1524 3151 1670 3196 scriptum
1679 3153 1740 3194 est,
1766 3155 1879 3188 dicente
1903 3158 2025 3186 Domino

1147 3206 1191 3238 ad
1210 3208 1339 3238 Matrem
1364 3205 1403 3237 de
1417 3207 1544 3249 Joattne
1566 3203 1782 3247 Evangelfia,
1808 3204 1932 3239 Mulier
1951 3214 2026 3238 ecce

1148 3255 1234 3290 filius
1245 3254 1347 3289 tuus?
1372 3256 1417 3285 Et
1445 3254 1544 3286 rursus
1557 3255 1777 3299 adJoannem,
1806 3254 1893 3289 Ecce
1916 3254 2028 3289 Mater

1148 3315 1202 3342 tua
1212 3330 1221 3339 .
1249 3306 1340 3351 ,Quid
1352 3303 1407 3346 fibi
1424 3306 1492 3338 vult
1507 3326 1519 3344 ,
1541 3305 1623 3346 quod
1642 3316 1707 3340 cum
1724 3309 1759 3339 in
1773 3308 1865 3340 Cruce
1877 3308 2025 3340 Dominus

1577 3353 1615 3389 T
1869 3352 1977 3399 positus
