2346 3724
363 172 464 212 266

285 249 588 287 Ecclefiastioorum
614 228 837 285 Archivorum

286 505 371 548 pos?
397 503 590 547 Respondet
603 503 736 536 Sanctus
750 500 979 545 Epiphanius:
1008 507 1071 535 Hac
1084 506 1171 534 ratio·

284 564 322 589 ne
328 559 481 596 potuerint
493 552 668 586 viventibus
687 550 788 586 adbuc
803 552 941 594 apostolis
957 574 968 593 ,
995 555 1085 586 Petro
1090 550 1171 594 scili·

281 612 328 638 cet
337 614 372 637 ac
383 605 479 637 Paulo
491 602 632 646 Episcopi
640 603 693 636 alii
703 601 855 646 surrogari
869 628 879 644 ,
905 601 986 645 quod
994 604 1089 634 eidem
1102 602 1167 640 illi,

278 655 475 696 praedicandi
486 652 651 696 Evangelii
671 659 799 696 gratia,
824 658 859 687 in
880 655 959 686 alias
979 652 1069 686 urbes
1081 661 1116 684 ac
1126 663 1167 685 re·

275 710 384 748 giones
407 703 615 746 prosee‘lionem
628 701 836 746 susciperent,
862 714 960 737 carere
980 712 1078 736 autem
1094 704 1168 743 Epi-

234 797 235 801 *
273 752 364 797 scopo
376 758 469 787 Roma
489 764 548 787 non
563 753 654 797 poffit
668 777 675 786 .
702 755 854 797 siquidem
867 756 981 787 Paulus
1001 759 1034 785 in
1057 750 1166 795 Hispa—

280 809 367 838 niam
374 808 519 846 pervenit
530 826 542 844 ,
569 806 681 838 Petrus
705 807 777 838 verb
793 808 923 838 Pontum
944 814 979 837 ac
990 801 1166 841 Bithyniam

271 852 481 897 saepenumerb
491 861 678 898 peragravit
690 878 698 890 .
733 854 872 889 Videtur
884 855 1043 889 insinuare
1054 876 1065 895 ,
1075 852 1164 897 quod

277 904 381 938 alium
392 902 509 939 Petrus
519 905 748 946 constituerit,
773 904 878 940 alium
901 905 1042 939 Paulus.
1069 904 1170 939 Simi-v

274 952 342 987 lem
365 953 529 989 rationem
551 954 686 991 adducit
709 953 906 990 Chronicon
927 954 1082 990 Metenfis
1107 955 1165 989 Ec-

275 1004 393 1040 clefiae.
421 1005 582 1040 Attamen
595 1016 665 1041 non
676 1014 745 1041 tam
758 1006 867 1040 Sancti
881 1006 968 1041 Petri
982 1005 1163 1045 absentiam

274 1054 397 1100 allegat
412 1076 426 1096 ,
451 1055 553 1099 quam
565 1055 755 1100 Apostolici
777 1057 922 1092 muneris
942 1054 1141 1101 dignitatem
1155 1078 1166 1097 ,

272 1104 316 1140 de
363 1116 403 1139 ua
415 1106 547 1140 Sanctus
566 1106 688 1141 Paulus
710 1108 746 1141 in
770 1106 868 1150 priori
892 1107 1030 1150 epistola
1043 1106 1084 1140 ad
1098 1105 1163 1140 Co-

272 1155 340 1190 rint
368 1156 417 1190 ios
437 1167 446 1188 2
474 1158 549 1189 Non
569 1166 617 1190 me
639 1156 716 1199 milit
738 1159 888 1191 Dominus.
905 1156 1062 1199 baptizare
1077 1178 1088 1196 ,
1106 1154 1165 1199 sed

271 1207 503 1249 evangehzare.
531 1205 686 1242 Affirmat
706 1205 833 1243 Linum
855 1208 887 1242 ὅ(
911 1207 1046 1242 Cletum
1070 1206 1163 1241 fuisse

269 1255 381 1292 Sancti
404 1254 495 1290 Petri
521 1253 557 1290 in
579 1256 784 1292 Pontificalis
811 1256 951 1293 Ordinis
973 1257 1162 1293 Ministerio

269 1303 437 1348 adjutores
461 1314 560 1348 atque
582 1307 744 1342 vicarios.
774 1306 819 1341 Et
829 1307 914 1343 certe
927 1306 1017 1349 quod
1028 1308 1161 1341 sanetus

268 1349 385 1389 Petrus
407 1366 477 1389 non
490 1354 584 1397 post,
610 1356 664 1390 sed
685 1365 763 1390 ante
786 1356 956 1393 fundatam
971 1352 1161 1389 Romanam

266 1402 450 1439 Ecclesiam
473 1404 587 1447 Ponto
606 1426 617 1445 ,
645 1405 813 1447 Bithyniae
837 1428 848 1445 ‚
875 1405 1035 1447 Gala-tiae,
1064 1405 1164 1447 Afiae,

267 1452 305 1490 Rc
316 1453 532 1498 Cappadociae
550 1453 768 1498 praedieaverit
780 1478 792 1496 ‚
819 1456 1010 1490 constanter
1022 1455 1161 1490 affirmat

265 1504 406 1541 Sanetus
422 1503 495 1539 Leo
516 1505 551 1539 in
576 1506 685 1548 primo
705 1506 854 1541 sermone
872 1506 914 1541 de
933 1506 1060 1540 Sanffis
1073 1506 1163 1549 Apo-

265 1553 361 1589 ssolis
384 1553 484 1588 Petro
505 1565 543 1589 ac
569 1554 675 1589 Paulo
696 1578 704 1588 .
732 1556 868 1590 sanstus
895 1554 1010 1591 Petrus
1036 1554 1165 1590 videtur

265 1612 453 1649 numquam
476 1604 588 1640 Roma
613 1604 776 1640 decessisse
802 1628 815 1647 ‚
852 1604 912 1640 nifi
934 1606 975 1640 ad
998 1605 1162 1639 famosum

263 1655 405 1693 Claudii
425 1652 632 1698 Imperatoris
652 1656 687 1689 in
703 1666 823 1690 omnes
846 1654 976 1700 Judaeos
993 1655 1142 1689 Edictum
1154 1680 1161 1688 .

266 1705 406 1741 Etrunc
430 1705 586 1741 existimo
607 1706 759 1750 scriptam
782 1706 875 1740 fuisse
886 1707 995 1741 Sancti
1011 1704 1106 1740 Pauli
1120 1705 1161 1740 ad

267 1755 446 1791 Romanos
464 1756 637 1799 epistolam
651 1769 662 1789 .·
691 1757 735 1790 Et
761 1755 851 1791 Petri
874 1764 957 1791 tune
979 1755 1161 1790 absentiam

267 1806 331 1840 effe
343 1806 494 1846 causam,
520 1815 577 1838 eur
592 1805 687 1838 illum
701 1804 824 1839 Paulus
840 1814 908 1840 non
927 1805 1037 1848 jubeat
1050 1806 1163 1840 saluta·

267 1856 315 1891 ri.
344 1854 449 1902 Qod
472 1856 608 1890 Sanctus
631 1853 754 1889 Paulus
778 1853 812 1888 in
828 1852 890 1889 hac
902 1855 1039 1898 epistola
1055 1853 1162 1888 laudet

267 1905 482 1942 Clementem
504 1925 517 1946 ,
543 1905 664 1939 labitur
688 1903 895 1948 Epiphanius
916 1928 925 1941 .
962 1905 1073 1948 Ipsum
1095 1915 1163 1939 non

268 1953 382 1991 laudat
394 1975 407 1995 ,
433 1955 492 1988 nili
520 1956 555 1988 in
568 1953 704 1996 epistola
722 1955 765 1989 ad
778 1954 1004 1997 Philippenses
1016 1980 1023 1987 .
1052 1955 1109 1988 Est
1121 1955 1164 1989 la·

270 2004 344 2050 psus
355 2003 541 2039 memoria.
575 2003 727 2038 Eandem
750 2014 810 2048 pro
822 2004 902 2038 Lini
923 2004 1058 2038 &Cleti
1082 2003 1164 2039 vica·

268 2058 320 2098 rio
335 2056 534 2099 Episcopatu
550 2054 713 2089 rationem
727 2053 863 2088 adducit
875 2054 908 2087 in
925 2053 1112 2097 praefatione
1122 2050 1165 2087 ad

268 2104 561 2152 Recognitionum
586 2103 869 2148 librosPresbyter
883 2101 1058 2138 Ruffinus:
1085 2105 1165 2147 ,Qui-

269 2159 344 2193 dam
366 2161 544 2199 requirunt,
570 2151 722 2199 ,Quomodo
744 2156 811 2189 cum
838 2158 935 2188 Linus
958 2155 1109 2188 &cletus
1132 2159 1165 2186 in

269 2209 343 2244 urbe
366 2209 462 2240 Roma
481 2215 551 2239 ante
564 2208 749 2240 clementem
765 2205 889 2247 suerint
915 2203 1078 2248 Episcopi,
1103 2202 1165 2246 ipse

272 2259 419 2293 Clemens
440 2258 486 2290 ad
488 2258 519 2301 J
521 2256 642 2290 acobum
659 2255 796 2300 scribens
816 2256 874 2298 fibi
885 2255 968 2288 dicar
980 2257 1001 2287 ἃ
1016 2257 1105 2289 Petro
1117 2256 1166 2288 do-

270 2310 358 2344 cendi
370 2306 560 2342 cathedram
570 2307 743 2341 traditam?
769 2309 867 2349 Cujus
889 2311 932 2340 rei
951 2305 1030 2339 hanc
1049 2309 1166 2346 accepi-

273 2371 339 2394 mus
362 2364 530 2400 rationem,
556 2359 641 2400 quad
666 2358 763 2391 Linus
783 2360 818 2390 (9
837 2356 940 2388 cletus
960 2355 1078 2396 fuerint
1101 2352 1166 2395 qui-

272 2412 341 2445 dem
363 2416 435 2444 ante
460 2409 643 2442 Clementem
665 2405 807 2449 Episcopi
825 2409 858 2437 in
877 2405 950 2439 urbe
971 2408 1089 2442 Roma,
1111 2401 1170 2446 sed

271 2459 425 2504 superstite
454 2461 543 2493 Petro
565 2482 576 2499 ,
616 2466 650 2491 ut
673 2458 719 2490 illi
741 2454 939 2498 Episcopatus
964 2463 1068 2487 curam
1088 2460 1169 2495 gere·

275 2520 343 2544 rent
356 2533 367 2550 ,
389 2506 450 2551 ipse
464 2506 734 2550 verorapostolatus
762 2507 901 2548 impleres
918 2502 1039 2549 officium
1051 2527 1058 2535 .
1085 2506 1167 2536 Sicut

276 2563 433 2595 invenitur
456 2563 551 2590 etiam
574 2560 662 2599 apud
681 2554 866 2599 Caesaraeam
881 2555 1006 2598 fecisse,
1033 2552 1083 2587 ubi
1104 2553 1169 2585 cum

278 2607 342 2653 ipse
354 2608 421 2651 esset
428 2605 567 2649 psaesens
579 2628 592 2647 ,
618 2605 785 2641 Zacbaeum
802 2613 906 2639 tamen
922 2606 943 2637 ἂ
954 2602 987 2647 se
996 2605 1168 2637 ordinatum

277 2658 412 2694 habebas
425 2655 611 2701 Episcopum
626 2677 633 2687 .
661 2658 707 2688 Et
717 2655 769 2688 boc
779 2657 863 2688 modo
885 2662 1043 2696 utrumque
1062 2662 1171 2687 verum

277 2706 437 2744 videbitur
461 2729 473 2747 ,
499 2715 535 2740 ut
558 2709 593 2741 (a’
616 2707 661 2738 illi
681 2714 755 2739 ante
775 2706 955 2739 Clementem
978 2712 1173 2745 nuvnerentun

278 2755 443 2801 Episcopi,
467 2757 502 2790 ό·
521 2757 663 2789 Clemens
687 2764 792 2789 tamen
803 2754 867 2797 post
887 2754 997 2789 obitum
1021 2756 1106 2787 Petri
1119 2751 1171 2796 sus

275 2809 401 2854 [ceperit
426 2806 550 2840 docendi
566 2807 670 2839 Sedem
691 2829 700 2839 .
727 2805 883 2840 Affirmat
904 2805 1026 2839 Linum
1049 2799 1170 2839 &cled

281 2869 355 2895 tum
369 2857 511 2892 viventis
525 2856 614 2891 Petri
628 2855 722 2890 fuiffe
733 2855 904 2889 dumtaxat
914 2854 1055 2889 vicarios
1066 2879 1074 2888 .
1096 2855 1169 2889 Cle-

280 2918 429 2944 mentem
444 2916 555 2941 autem
567 2905 726 2941 defuncto
739 2905 927 2940 succeffiss‘e.
948 2905 1052 2953 Qud
1065 2905 1167 2949 ipsum

281 2959 356 2994 vult
375 2956 572 2992 Chronicon
595 2957 753 2992 Metenfis
775 2956 944 2991 Ecclefiae.
974 2956 1022 2990 At
1046 2966 1167 2990 certum

282 3008 331 3044 est
349 3017 525 3052 utrumque
545 3005 673 3042 deviare
694 3032 702 3040 .
730 3005 886 3040 Ruffinus
909 3007 1038 3049 insuper
1059 3006 1168 3040 deviat

283 3057 459 3094 zachaeum
482 3057 715 3093 Caesareensem
735 3057 935 3100 Episcopum
955 3056 1050 3090 fuisse
1062 3056 1168 3090 Sanffl

285 3109 378 3145 Petri
400 3107 574 3143 Vicarium
595 3132 602 3141 .
632 3108 689 3142 Est
714 3106 867 3141 zachaeus
892 3104 1094 3141 Publicanus
1113 3130 1124 3146 ,
1150 3108 1168 3141 a

285 3157 422 3195 Christo
434 3156 589 3193 Domino
600 3160 792 3193 conversus.
822 3157 865 3192 Et
878 3157 980 3201 ipsum
1003 3156 1099 3190 fuisse
1110 3156 1168 3199 pri-

150 3232 205 3268 [ᾗ
287 3217 380 3245 mum
392 3209 548 3244 Caesaraeae
570 3208 603 3241 in
618 3208 787 3243 Palaestina
808 3207 1007 3252 Episcopum
1029 3205 1168 3240 affirmat

151 3241 272 3315 02¹9]437⁸,
288 3260 387 3294 etiam
411 3258 538 3294 Auctor
566 3256 835 3301 Apostolicarum
863 3255 1168 3302 Constitutionum.

290 3307 417 3342 Verum
442 3309 578 3343 Sant'ius
590 3308 706 3343 Petrus
717 3308 790 3343 istic
814 3318 882 3347 non
893 3305 955 3343 fuit
968 3305 1168 3349 Episcopus,

289 3357 436 3400 adeoque
460 3369 522 3395 nee
532 3355 690 3394 Zachaeus
700 3358 764 3394 fuit
781 3357 850 3403 ejus
864 3353 1030 3394 vicarius·
1058 3355 1168 3392 Etiam

862 272 877 289 v,
903 260 974 292 quae
998 248 1178 293 Imperator

286 302 522 338 Diocletianus
541 301 660 336 exuffit
682 326 694 343 ,
720 301 832 344 inopia
850 300 1023 345 compellit
1046 311 1108 335 nos
1130 301 1174 334 ita

283 354 464 396 cespitare.

342 401 491 438 Secunda
503 401 639 445 quaestio
649 398 693 434 est
706 425 717 441 ,
741 401 856 449 Qare
867 401 1001 436 sanstus
1014 400 1128 435 Petrus
1141 398 1171 433 fi-

286 450 324 489 bi
335 453 370 487 in
385 454 538 488 Romana
551 451 629 485 urbe
640 451 931 494 superordinaverit
943 452 1026 486 duos
1043 452 1167 495 Episco-

1178 3510 1187 3524 ὁ

844 161 1272 205 Scuoi.

1340 172 1560 207 ION

1243 244 1398 285 Clemens
1418 248 1535 294 nequit
1550 250 1652 285 tertio
1673 250 1811 296 Traiani
1829 265 1918 289 anno
1930 255 1992 297 else
2002 252 2121 288 desum

1217 326 1220 327 γ
1238 302 1303 335 &us
1315 325 1326 341 ‚
1353 302 1372 335 si
1385 301 1503 336 Sandio
1518 301 1616 335 Petro
1627 302 1814 339 immediate
1824 305 2008 339 successerit
2022 329 2029 336 .
2059 306 2118 339 Et*

1237 352 1326 386 enim
1348 352 1389 386 fic
1407 351 1571 387 debuisset
1592 351 1705 386 sedisse
1715 353 1871 388 Pontifex
1893 356 1934 390 ad
1945 366 2050 389 annos
2063 355 2125 389 υἰέ

1236 402 1329 447 ginta
1342 411 1404 437 tres·
1414 430 1424 444 ,
1442 413 1548 447 >atque
1559 401 1604 436 ita
1618 404 1724 436 Sancti
1737 401 1824 437 Petri
1839 407 2031 450 catalogum
2043 406 2116 440 infi-

1236 453 1342 496 gniter
1357 455 1540 489 exceffisse⁴
1569 451 1705 487 Interim
1731 452 1960 497 Apostolicum
1977 456 2055 490 Lini
2079 458 2116 491 δε

1237 502 1322 537 Cleti
1335 503 1539 539 Vicariatum
1554 504 1667 547 probat
1679 505 1779 538 etiarn
1792 504 1871 538 liber
1884 506 2090 540 pontificalis
2100 520 2114 541 .-

1233 553 1370 586 Clemens
1387 567 1426 588 ex
1447 560 1600 597 Praecepto
1620 553 1702 587 beati
1726 557 1812 587 Petri
1831 553 1956 598 suscepit
1975 556 2114 598 Ecclefiae

1235 602 1443 644 Pontificatum
1458 607 1689 650 gubernandum
1712 628 1718 636 .
1746 607 1815 638 Ideo
1839 609 1931 638 Linus
1952 608 1987 640 (9
2008 610 2113 640 cletus

1233 662 1304 685 ante
1315 664 1382 686 eum
1399 654 1619 699 conscribuntur
1631 681 1640 695 ,
1669 662 1741 698 quia
1761 656 1800 687 ab
1812 653 1873 697 ipso
1889 658 2024 698 Principe
2039 663 2115 699 Apo·

1224 703 1362 750 stolorum
1372 707 1418 738 ad
1425 707 1621 747 Ministerium
1633 709 1652 738 5
1654 707 1821 739 acerdotale
1831 707 2028 741 exhibendum
2038 707 2113 750 sunt

1236 752 1376 797 Episcopi
1388 758 1520 790 ordinati
1533 781 1541 789 .
1572 756 1720 789 Eundem
1736 757 1939 791 vit-anatum
1951 756 2114 802 probatio

1236 803 1410 839 Chronico
1420 807 1612 850 onuphrius
1625 805 1792 840 Patruinus
1805 832 1811 839 .

1235 881 1239 887 .
1278 855 1389 902 Qaesi
1398 857 1430 891 io
1441 859 1532 893 tertia
1548 858 1591 892 esi
1607 882 1617 898 ‚
1643 857 1789 904 Qando
1802 856 1909 891 Linus
1929 857 1962 892 ὃ(
1976 856 2115 900 Clesus,

1229 907 1362 947 quando
1374 906 1599 946 Clemensfint
1612 907 1630 941 a
1643 908 1761 941 Sant‘io
1774 906 1872 941 Petro
1883 909 2061 942 consecrati
2076 909 2113 943 in

1230 956 1440 1001 Episcopus?
1468 957 1634 993 Laudatus
1661 957 1855 1000 onuphrius
1883 958 1916 992 in
1943 958 2116 993 Chronico

1229 1005 1341 1041 scribit
1361 1007 1403 1041 ad
1430 1007 1553 1044 Christi
1578 1008 1719 1043 Domini
1745 1017 1869 1041 annum
1892 1007 2117 1053 quinquagefi÷

1228 1055 1342 1091 fimum
1355 1057 1481 1092 sextum
1495 1072 1506 1093 :
1535 1061 1643 1092 Petrus
1654 1056 1808 1098 Ecclesiam
1830 1061 1999 1091 Romanam
2011 1084 2022 1101 ,
2050 1061 2119 1093 duo·

1229 1104 1284 1140 bus
1307 1108 1493 1148 adjutoribus
1515 1132 1527 1149 ,
1546 1110 1626 1141 Lino
1645 1109 1681 1141 (2⁶
1702 1110 1788 1140 Cleto
1809 1110 1956 1140 ordinatis
1980 1130 1991 1146 ‚
2015 1108 2116 1147 consti-

1229 1162 1286 1191 tuit
1305 1182 1312 1190 .
1343 1158 1386 1193 Et
1409 1159 1450 1193 ad
1468 1161 1660 1203 sequentem
1681 1168 1805 1191 annum
1827 1169 1838 1190 .·
1865 1157 1992 1190 Sachus
2017 1161 2114 1195 Linus

1229 1206 1390 1242 Herculani
1395 1209 1481 1251 filius
1496 1233 1507 1249 ‚
1533 1209 1744 1242 Volaterranus
1755 1232 1766 1246 ,
1795 1206 1953 1249 Hetruscus
1964 1229 1974 1246 ‚
1994 1214 2118 1249 primus

1229 1253 1392 1299 Episcopus
1405 1261 1558 1292 Romanus
1579 1260 1599 1290 ᾶ
1613 1261 1701 1291 Petro
1716 1257 1820 1298 pridie
1831 1258 1903 1288 Idus
1919 1256 1949 1298 J
1952 1263 2015 1289 unii
2027 1260 2119 1291 ordi-

1227 1316 1316 1339 natus
1340 1330 1350 1346 ‚
1371 1304 1452 1349 J'edit
1477 1311 1579 1340 Romae
1597 1330 1609 1347 ‚
1633 1305 1755 1349 absente
1771 1307 1980 1346 utplurimum
2001 1309 2090 1340 Petro
2100 1331 2119 1348 „

1227 1367 1322 1388 annos
1335 1357 1470 1389 undecim
1482 1381 1492 1397 ‚
1507 1355 1618 1400 mensi-s
1630 1365 1692 1390 tres
1707 1380 1717 1395 ,
1742 1357 1809 1388 dies
1819 1356 1969 1389 duodecim
1979 1380 1986 1388 .
2017 1357 2060 1391 Et
2071 1358 2117 1392 ad

1227 1416 1349 1440 annum
1360 1407 1598 1451 sexagefimum
1610 1406 1761 1442 octavum
1772 1405 1915 1440 :sanetus
1929 1408 2024 1441 Linus
2039 1401 2123 1450 Epi-¹

1221 1453 1326 1498 scopus
1346 1466 1419 1488 nono
1431 1458 1591 1490 Kalendas
1603 1457 1737 1490 Oblobns
1756 1455 1934 1497 interfhdus
1945 1481 1953 1489 .
1985 1458 2116 1494 Eodem

1226 1518 1314 1540 anno
1326 1530 1338 1546 ,
1363 1518 1431 1550 quo
1443 1505 1558 1542 Petrus
1569 1508 1602 1542 δε
1617 1506 1738 1541 Paulus
1750 1530 1757 1537 .
1787 1505 1830 1541 Et
1842 1506 2012 1551 adjungit:
2039 1510 2116 1541 San-

1223 1554 1288 1590 e‘lus
1300 1553 1441 1591 Clemens
1452 1582 1463 1598 ‚
1486 1557 1625 1598 Faustini
1633 1557 1717 1599 filius
1729 1580 1740 1597 ‚
1768 1559 1921 1589 Romanus
1935 1557 2089 1597 Presbyter
2099 1581 2118 1599 ‚

1220 1613 1340 1648 primus
1347 1606 1409 1649 post
1423 1610 1546 1641 Petrum
1567 1607 1728 1650 Apostolum
1742 1605 1853 1646 christi·
1865 1610 1893 1641 V
1891 1612 2000 1640 itarius
2011 1607 2070 1648 ,ab
2082 1619 2119 1643 ee.

1224 1663 1350 1690 vivente
1361 1655 1531 1700 designatus
1544 1681 1556 1698 ,
1577 1657 1657 1699 fidit
1669 1661 1771 1691 Romae
1781 1660 1872 1690 annis
1883 1664 1989 1691 novem
2001 1681 2014 1696 ‚
2032 1668 2116 1703 »nen-

1219 1704 1266 1749 ses
1272 1716 1417 1750 quasuor,
1445 1708 1511 1741 dies
1522 1713 1634 1750 viginti
1637 1705 1694 1750 sex
1708 1732 1715 1740 .
1744 1706 1787 1739 Et
1798 1705 1838 1739 ad
1851 1716 1975 1743 annum
1986 1707 2120 1750 septuns⁴

1225 1757 1380 1801 gefimum
1394 1756 1567 1800 septimum
1581 1770 1588 1789 :
1616 1762 1707 1790 Nono
1719 1757 1878 1790 Kalendas
1889 1756 2024 1790 odebris
2035 1759 2113 1792 San·

1224 1806 1290 1840 eius
1301 1809 1439 1840 Clemens
1456 1809 1547 1848 Papa
1567 1810 1698 1841 {uexillo
1717 1807 1807 1840 obiit.
1835 1809 1908 1840 Non
1921 1811 2047 1840 vacavit
2059 1809 2110 1840 se-

1224 1857 1278 1888 des
1289 1879 1296 1887 .
1322 1857 1448 1888 sanetus
1466 1856 1570 1888 Clesus
1585 1880 1595 1894 ‚
1622 1858 1791 1888 AEmiliani
1800 1855 1884 1895 filius
1896 1879 1907 1896 ,
1932 1858 2109 1898 Romanus,
2137 1895 2139 1897 ‚

1224 1913 1350 1948 quartus
1372 1910 1404 1938 in
1426 1907 1527 1938 ordine
1550 1903 1762 1948 Episcoporum
1782 1907 2109 1942 Romanorum,addito

1224 1958 1302 1988 Lino
1315 1979 1326 1996 ,
1347 1953 1493 1997 secundus
1504 1957 1575 1988 vero
1584 1955 1647 1995 post
1660 1958 1780 1988 Petrum
1795 1953 1955 1996 Apostolum
1969 1955 2115 1995 christia-

1225 2015 1327 2040 norum
1339 2003 1479 2045 Pontifex
1490 2027 1502 2045 ,
1515 2031 1518 2033 .
1522 2001 1605 2046 sedit
1616 2014 1711 2038 annos
1728 2003 1787 2046 sex
1799 2027 1812 2044 ‚
1837 2003 1952 2047 menses
1963 2011 2092 2049 quinque
2100 2028 2115 2046 ‚

1225 2054 1290 2087 dies
1303 2062 1365 2087 tres
1382 2077 1391 2085 .

1276 2102 1371 2138 Dicit
1395 2102 1483 2137 varia
1507 2128 1514 2136 .
1540 2101 1675 2142 Primo,
1704 2100 1793 2146 quod
1816 2101 1924 2137 Linus
1944 2102 1978 2141 δε
1999 2101 2118 2140 ΕΙεωε

1227 2153 1350 2188 fuerint
1363 2153 1460 2188 Petro
1474 2153 1639 2197 Apostolo
1652 2152 1779 2187 Vicarii
1795 2177 1802 2185 .
1828 2152 2000 2195 Secundo,
2025 2153 2118 2197 quod

1226 2204 1289 2239 sint
1309 2203 1453 2238 ordinati
1473 2202 1601 2237 dudum
1625 2214 1702 2238 ante
1714 2204 1941 2238 Clementem.
1972 2203 2118 2246 Tertio,

1226 2253 1315 2297 qued
1338 2255 1483 2290 moriens
1500 2253 1615 2288 Petrus
1635 2264 1693 2288 eos
1723 2253 1866 2288 noluerit
1890 2253 1948 2288 fibi
1968 2254 2118 2289 succede-

1227 2316 1278 2346 re,
1305 2304 1357 2339 sed
1370 2303 1558 2349 proximum
1570 2306 1786 2339 Succeflorem
1809 2304 2026 2350 designaverit
2040 2305 2117 2342 Cle·

1227 2364 1372 2389 mentem
1390 2378 1397 2386 .
1423 2354 1554 2401 Qarto
1577 2378 1589 2394 ‚
1617 2353 1707 2398 quod
1730 2355 1887 2389 Clemens
1909 2356 2119 2396 succeflerit‚

1227 2414 1294 2436 non
1309 2404 1431 2436 Linus.
1461 2404 1616 2449 Qijnto,
1643 2403 1732 2448 quod
1746 2404 1850 2439 Linus
1872 2405 1943 2448 post
1954 2405 2089 2440 Petrum
2103 2430 2118 2447 ,

1227 2452 1347 2488 eodem
1374 2462 1484 2486 tamen
1512 2464 1602 2487 anno
1624 2477 1634 2495 ,
1672 2453 1709 2486 sit
1729 2454 1893 2496 Martyrio
1919 2455 2113 2489 defunstus.

1228 2503 1354 2543 Sexto,
1380 2502 1469 2547 quod
1492 2501 1648 2537 Clemens
1669 2514 1737 2536 non
1756 2503 1796 2537 ad
1821 2505 1954 2538 tertium
1973 2504 2113 2547 Trajani

1228 2564 1353 2587 annum
1378 2554 1580 2597 pervenerit,
1607 2553 1660 2588 sed
1677 2553 1851 2588 dumtaxat
1874 2552 1915 2587 ad
1941 2554 2111 2597 septimum

1230 2603 1434 2647 Vespasiani.
1465 2602 1632 2647 Septimo,
1660 2603 1751 2646 quod
1765 2603 1972 2638 Cletustunc
1996 2606 2116 2640 succes-

1229 2655 1319 2688 serit.
1345 2651 1474 2688 Οᾶανὸ
1496 2675 1508 2694 ,
1534 2652 1623 2698 quod
1647 2654 1747 2688 Cleto
1771 2654 1952 2688 successerit
1971 2653 2112 2690 Anticle-

1228 2713 1298 2739 tus.
1324 2703 1475 2738 Graviter
1488 2703 1661 2748 displicet,
1687 2703 1775 2747 quod
1788 2705 1875 2738 dicat
1897 2705 2020 2740 Linum
2042 2715 2113 2739 non

1230 2754 1404 2789 succeffiffe
1415 2751 1514 2788 Petro
1528 2776 1539 2795 ,
1565 2752 1713 2798 adeoque
1728 2763 1910 2798 numquam
1923 2756 2016 2790 fuisse
2027 2755 2114 2790 Car·-

1228 2804 1373 2840 dinalem
1401 2802 1491 2840 urbis
1521 2805 1722 2848 Episcopum
1749 2829 1757 2837 .
1795 2805 1928 2840 Etenim
1956 2806 2116 2850 repugnat

1228 2856 1347 2890 Sansto
1358 2855 1479 2889 Irenaeo
1489 2878 1500 2895 ,
1530 2855 1648 2889 Sansto
1660 2854 1832 2899 Cypriane
1845 2878 1856 2896 ,
1882 2856 2002 2890 Sancto
2011 2857 2115 2901 Opta-

1228 2917 1284 2947 to,
1310 2906 1428 2941 Sancto
1441 2904 1676 2948 Hieronymo,
1703 2907 1821 2941 saneto
1836 2906 2050 2950 Augustino,
2074 2912 2113 2940 ac

1227 2957 1299 2991 aliis
1312 2956 1403 3000 supra
1419 2955 1562 2990 adduciis
1574 2954 1723 2990 Patribus
1737 2980 1748 2998 ,
1775 2955 1904 2991 Latinis
1925 2957 1959 2991 ἀ
1971 2956 2108 2990 Graecis.

1230 3008 1338 3041 Etiam
1351 3004 1590 3047 Theodoreto,
1617 3006 1675 3050 qui
1690 3007 1861 3041 laudatum
1872 3006 1907 3043 in
1921 3004 2055 3040 secunda
2069 3003 2111 3038 ad

1227 3055 1450 3093 Timotheum
1474 3057 1610 3100 epistola
1633 3056 1758 3091 Linum
1779 3057 1918 3093 affirmat
1933 3055 2024 3088 fuisse
2035 3053 2112 3088 Ro-

1229 3116 1397 3142 manorum
1427 3106 1624 3150 Episcopum
1635 3132 1646 3148 ,
1673 3107 1860 3151 proximum
1881 3104 1968 3138 Petri
1983 3105 2112 3138 Succes-

1229 3160 1332 3193 sotem
1346 3171 1353 3190 :
1382 3160 1500 3192 Ferunt
1527 3161 1637 3192 Linum
1659 3162 1770 3201 Magno
1781 3159 1870 3190 Petro
1882 3153 2027 3197 Jitcceffiffe
2039 3178 2050 3194 ,
2076 3156 2111 3188 Θ
2128 3159 2177 3195 ιῖρ,
2193 3168 2221 3187 2.

1228 3213 1427 3242 Romanorum
1441 3207 1574 3250 Ecclefiae
1585 3208 1648 3250 post
1660 3209 1743 3241 illum
1752 3205 1867 3248 tenuisse
1877 3205 1979 3237 sedem
1990 3226 1998 3235 .
2123 3207 2184 3237 ⁶²1>-
2206 3207 2234 3235 4«

1279 3259 1390 3293 Etiam
1403 3256 1572 3301 displicet,
1582 3259 1671 3302 quod
1682 3254 1892 3299 Onuphrius‚
1921 3253 2054 3288 Cletum
2069 3254 2111 3289 ab

1230 3307 1395 3343 Anacleto
1422 3306 1625 3353 distinguens
1646 3329 1657 3346 ,
1692 3307 1780 3340 dicat
1807 3311 1874 3338 non
1901 3303 2111 3339 Clementem

1228 3359 1352 3399 cleto,
1377 3355 1433 3395 sed
1449 3357 1538 3393 hunc
1556 3357 1606 3393 ilii
1629 3353 1802 3390 suceeffiffe
1823 3378 1830 3385 >
1859 3353 1948 3390 Nam
1971 3356 2004 3388 &
2028 3355 2119 3390 liber*

1791 3434 1795 3438 Α
1973 3405 2063 3440 Pon-

2237 2335 2259 2361 2
