<?xml version="1.0" encoding="UTF-8"?>
<!DOCTYPE html PUBLIC "-//W3C//DTD XHTML 1.0 Transitional//EN"
    "http://www.w3.org/TR/xhtml1/DTD/xhtml1-transitional.dtd">
<html xmlns="http://www.w3.org/1999/xhtml" xml:lang="en" lang="en">
 <head>
  <title>
</title>
<meta http-equiv="Content-Type" content="text/html;charset=utf-8" />
  <meta name='ocr-system' content='tesseract 3.04.00' />
  <meta name='ocr-capabilities' content='ocr_page ocr_carea ocr_par ocr_line ocrx_word'/>
</head>
<body>
  <div class='ocr_page' id='page_1' title='image "./operaomniastudio09lupuuoft/operaomniastudio09lupuuoft_0332.png"; bbox 0 0 2346 3724; ppageno 0'>
   <div class='ocr_carea' id='block_1_1' title="bbox 344 205 1157 261">
    <p class='ocr_par' dir='ltr' id='par_1_1' title="bbox 344 205 1157 261">
     <span class='ocr_line' id='line_1_1' title="bbox 344 205 1157 261; baseline -0.005 -12"><span class='ocrx_word' id='word_1_1' title='bbox 344 219 435 261; x_wconf 83' lang='lat'>330</span> <span class='ocrx_word' id='word_1_2' title='bbox 831 205 1157 249; x_wconf 68' lang='lat' dir='ltr'>Seno</span> 
     </span>
    </p>
   </div>
   <div class='ocr_carea' id='block_1_2' title="bbox 268 287 1176 335">
    <p class='ocr_par' dir='ltr' id='par_1_2' title="bbox 268 287 1176 335">
     <span class='ocr_line' id='line_1_2' title="bbox 268 287 1176 335; baseline -0.006 -10"><span class='ocrx_word' id='word_1_3' title='bbox 268 291 302 325; x_wconf 89' lang='lat' dir='ltr'>lo</span> <span class='ocrx_word' id='word_1_4' title='bbox 315 314 321 321; x_wconf 92' lang='lat'>.</span> <span class='ocrx_word' id='word_1_5' title='bbox 349 291 484 325; x_wconf 70' lang='lat' dir='ltr'>sanstus</span> <span class='ocrx_word' id='word_1_6' title='bbox 495 288 641 335; x_wconf 89' lang='lat' dir='ltr'>Cyrillus</span> <span class='ocrx_word' id='word_1_7' title='bbox 652 287 900 325; x_wconf 76' lang='lat' dir='ltr'>Alexandrinus</span> <span class='ocrx_word' id='word_1_8' title='bbox 912 288 946 320; x_wconf 92' lang='lat' dir='ltr'>in</span> <span class='ocrx_word' id='word_1_9' title='bbox 959 299 1051 323; x_wconf 88' lang='lat' dir='ltr'>nono</span> <span class='ocrx_word' id='word_1_10' title='bbox 1063 289 1150 323; x_wconf 88' lang='lat' dir='ltr'>libro</span> <span class='ocrx_word' id='word_1_11' title='bbox 1174 308 1176 320; x_wconf 66' lang='lat'>1</span> 
     </span>
    </p>
   </div>
   <div class='ocr_carea' id='block_1_3' title="bbox 123 338 1153 2693">
    <p class='ocr_par' dir='ltr' id='par_1_3' title="bbox 123 338 1153 1486">
     <span class='ocr_line' id='line_1_3' title="bbox 267 338 1146 385; baseline 0 -12"><span class='ocrx_word' id='word_1_12' title='bbox 267 340 309 374; x_wconf 85' lang='lat' dir='ltr'>de</span> <span class='ocrx_word' id='word_1_13' title='bbox 321 339 528 376; x_wconf 83' lang='lat' dir='ltr'>Adoratione</span> <span class='ocrx_word' id='word_1_14' title='bbox 539 341 575 375; x_wconf 86' lang='lat' dir='ltr'>in</span> <span class='ocrx_word' id='word_1_15' title='bbox 586 340 699 385; x_wconf 86' lang='lat' dir='ltr'>spiritu</span> <span class='ocrx_word' id='word_1_16' title='bbox 723 340 758 374; x_wconf 76' lang='grc' dir='ltr'>δε</span> <span class='ocrx_word' id='word_1_17' title='bbox 780 338 915 372; x_wconf 86' lang='lat' dir='ltr'>veritate</span> <span class='ocrx_word' id='word_1_18' title='bbox 924 339 1146 374; x_wconf 78' lang='lat' dir='ltr'>affirmateffe</span> 
     </span>
     <span class='ocr_line' id='line_1_4' title="bbox 267 387 1153 435; baseline -0.001 -13"><span class='ocrx_word' id='word_1_19' title='bbox 267 388 362 425; x_wconf 76' lang='lat' dir='ltr'>issam</span> <span class='ocrx_word' id='word_1_20' title='bbox 373 391 475 435; x_wconf 89' lang='lat' dir='ltr'>ipsam</span> <span class='ocrx_word' id='word_1_21' title='bbox 485 391 605 426; x_wconf 89' lang='lat' dir='ltr'>Secreti</span> <span class='ocrx_word' id='word_1_22' title='bbox 629 390 736 434; x_wconf 87' lang='lat' dir='ltr'>legem</span> <span class='ocrx_word' id='word_1_23' title='bbox 750 413 761 429; x_wconf 93' lang='lat'>‚</span> <span class='ocrx_word' id='word_1_24' title='bbox 790 399 888 431; x_wconf 90' lang='lat' dir='ltr'>quam</span> <span class='ocrx_word' id='word_1_25' title='bbox 913 387 1063 429; x_wconf 73' lang='lat' dir='ltr'>Christus</span> <span class='ocrx_word' id='word_1_26' title='bbox 1083 390 1153 424; x_wconf 91' lang='lat' dir='ltr'>Do-</span> 
     </span>
     <span class='ocr_line' id='line_1_5' title="bbox 267 438 1151 482; baseline -0.002 -8"><span class='ocrx_word' id='word_1_27' title='bbox 267 441 377 476; x_wconf 79' lang='lat' dir='ltr'>minus</span> <span class='ocrx_word' id='word_1_28' title='bbox 389 441 486 477; x_wconf 87' lang='lat' dir='ltr'>nobis</span> <span class='ocrx_word' id='word_1_29' title='bbox 495 442 605 482; x_wconf 88' lang='lat' dir='ltr'>dedit,</span> <span class='ocrx_word' id='word_1_30' title='bbox 632 450 745 474; x_wconf 87' lang='lat' dir='ltr'>vetans</span> <span class='ocrx_word' id='word_1_31' title='bbox 757 439 910 473; x_wconf 65' lang='lat' dir='ltr'>Sanctum</span> <span class='ocrx_word' id='word_1_32' title='bbox 922 438 991 473; x_wconf 83' lang='lat' dir='ltr'>dari</span> <span class='ocrx_word' id='word_1_33' title='bbox 1002 438 1151 479; x_wconf 79' lang='lat' dir='ltr'>canibus,</span> 
     </span>
     <span class='ocr_line' id='line_1_6' title="bbox 266 488 1152 538; baseline -0.005 -12"><span class='ocrx_word' id='word_1_34' title='bbox 266 490 300 526; x_wconf 75' lang='grc' dir='ltr'>δε</span> <span class='ocrx_word' id='word_1_35' title='bbox 313 493 501 538; x_wconf 77' lang='lat' dir='ltr'>margaritas</span> <span class='ocrx_word' id='word_1_36' title='bbox 513 489 628 536; x_wconf 82' lang='lat' dir='ltr'>projici</span> <span class='ocrx_word' id='word_1_37' title='bbox 637 491 744 534; x_wconf 87' lang='lat' dir='ltr'>porcis</span> <span class='ocrx_word' id='word_1_38' title='bbox 755 514 762 521; x_wconf 93' lang='lat'>.</span> <span class='ocrx_word' id='word_1_39' title='bbox 790 488 898 524; x_wconf 89' lang='lat' dir='ltr'>Etdat</span> <span class='ocrx_word' id='word_1_40' title='bbox 911 490 1050 524; x_wconf 87' lang='lat' dir='ltr'>causam:</span> <span class='ocrx_word' id='word_1_41' title='bbox 1063 493 1152 523; x_wconf 83' lang='lat' dir='ltr'>Nam</span> 
     </span>
     <span class='ocr_line' id='line_1_7' title="bbox 267 538 1152 596; baseline -0.008 -17"><span class='ocrx_word' id='word_1_42' title='bbox 267 544 336 596; x_wconf 57' lang='grc' dir='ltr'>με</span> <span class='ocrx_word' id='word_1_43' title='bbox 357 545 506 578; x_wconf 77' lang='lat' dir='ltr'>recondita</span> <span class='ocrx_word' id='word_1_44' title='bbox 523 541 595 585; x_wconf 76' lang='lat' dir='ltr'>sunt</span> <span class='ocrx_word' id='word_1_45' title='bbox 620 565 631 581; x_wconf 95' lang='lat'>,</span> <span class='ocrx_word' id='word_1_46' title='bbox 657 541 692 574; x_wconf 72' lang='lat'><em>&amp;</em></span> <span class='ocrx_word' id='word_1_47' title='bbox 716 538 835 574; x_wconf 60' lang='lat' dir='ltr'>sanan</span> <span class='ocrx_word' id='word_1_48' title='bbox 859 542 1025 573; x_wconf 76' lang='lat' dir='ltr'><em>dumtaxat</em></span> <span class='ocrx_word' id='word_1_49' title='bbox 1043 550 1152 574; x_wconf 80' lang='lat' dir='ltr'>conve—</span> 
     </span>
     <span class='ocr_line' id='line_1_8' title="bbox 264 589 1152 636; baseline -0.008 -7"><span class='ocrx_word' id='word_1_50' title='bbox 264 600 355 630; x_wconf 72' lang='lat' dir='ltr'>niunt</span> <span class='ocrx_word' id='word_1_51' title='bbox 366 620 376 636; x_wconf 90' lang='lat'><strong>,</strong></span> <span class='ocrx_word' id='word_1_52' title='bbox 402 606 437 628; x_wconf 85' lang='lat' dir='ltr'>ea</span> <span class='ocrx_word' id='word_1_53' title='bbox 450 593 533 626; x_wconf 85' lang='lat' dir='ltr'>nulla</span> <span class='ocrx_word' id='word_1_54' title='bbox 544 598 659 625; x_wconf 75' lang='lat' dir='ltr'>ratione</span> <span class='ocrx_word' id='word_1_55' title='bbox 672 589 778 623; x_wconf 65' lang='lat' dir='ltr'>habita</span> <span class='ocrx_word' id='word_1_56' title='bbox 791 614 801 630; x_wconf 88' lang='lat'>‚</span> <span class='ocrx_word' id='word_1_57' title='bbox 827 595 870 624; x_wconf 80' lang='lat' dir='ltr'>eis</span> <span class='ocrx_word' id='word_1_58' title='bbox 886 596 939 633; x_wconf 81' lang='lat' dir='ltr'>qui</span> <span class='ocrx_word' id='word_1_59' title='bbox 959 589 1033 633; x_wconf 78' lang='lat' dir='ltr'>sunt</span> <span class='ocrx_word' id='word_1_60' title='bbox 1054 589 1152 622; x_wconf 80' lang='lat' dir='ltr'>adhuc</span> 
     </span>
     <span class='ocr_line' id='line_1_9' title="bbox 264 641 1150 688; baseline -0.01 -8"><span class='ocrx_word' id='word_1_61' title='bbox 264 646 398 688; x_wconf 61' lang='lat' dir='ltr'>&#39;nfideles</span> <span class='ocrx_word' id='word_1_62' title='bbox 409 668 420 685; x_wconf 92' lang='lat'>‚</span> <span class='ocrx_word' id='word_1_63' title='bbox 444 645 569 686; x_wconf 84' lang='lat' dir='ltr'><em>prodere</em></span> <span class='ocrx_word' id='word_1_64' title='bbox 579 641 616 680; x_wconf 80' lang='lat' dir='ltr'>est</span> <span class='ocrx_word' id='word_1_65' title='bbox 625 643 747 683; x_wconf 83' lang='lat' dir='ltr'>plenum</span> <span class='ocrx_word' id='word_1_66' title='bbox 753 643 894 683; x_wconf 73' lang='lat' dir='ltr'>periculi.</span> <span class='ocrx_word' id='word_1_67' title='bbox 924 645 991 674; x_wconf 88' lang='lat' dir='ltr'>Nec</span> <span class='ocrx_word' id='word_1_68' title='bbox 1011 644 1090 673; x_wconf 84' lang='lat' dir='ltr'>em&#39;m</span> <span class='ocrx_word' id='word_1_69' title='bbox 1099 645 1150 682; x_wconf 77' lang='lat' dir='ltr'>qut</span> 
     </span>
     <span class='ocr_line' id='line_1_10' title="bbox 260 689 1148 739; baseline -0.007 -11"><span class='ocrx_word' id='word_1_70' title='bbox 260 695 388 739; x_wconf 65' lang='lat' dir='ltr'>profani</span> <span class='ocrx_word' id='word_1_71' title='bbox 403 692 475 738; x_wconf 81' lang='lat' dir='ltr'>sunt</span> <span class='ocrx_word' id='word_1_72' title='bbox 496 692 611 732; x_wconf 84' lang='lat' dir='ltr'>adhuc,</span> <span class='ocrx_word' id='word_1_73' title='bbox 639 693 673 737; x_wconf 60' lang='grc' dir='ltr'><em>φ</em></span> <span class='ocrx_word' id='word_1_74' title='bbox 691 693 848 724; x_wconf 67' lang='lat' dir='ltr'>immodica</span> <span class='ocrx_word' id='word_1_75' title='bbox 871 696 1050 733; x_wconf 78' lang='lat' dir='ltr'>impuritate</span> <span class='ocrx_word' id='word_1_76' title='bbox 1070 689 1148 723; x_wconf 78' lang='lat' dir='ltr'>labo-</span> 
     </span>
     <span class='ocr_line' id='line_1_11' title="bbox 263 738 1145 789; baseline -0.008 -10"><span class='ocrx_word' id='word_1_77' title='bbox 263 756 337 779; x_wconf 79' lang='lat' dir='ltr'>rant</span> <span class='ocrx_word' id='word_1_78' title='bbox 348 771 358 787; x_wconf 93' lang='lat'><em>,</em></span> <span class='ocrx_word' id='word_1_79' title='bbox 380 743 546 789; x_wconf 61' lang='lat' dir='ltr'>sedsamqo</span> <span class='ocrx_word' id='word_1_80' title='bbox 558 738 749 785; x_wconf 66' lang='lat' dir='ltr'>Baptismate</span> <span class='ocrx_word' id='word_1_81' title='bbox 760 747 887 787; x_wconf 77' lang='lat' dir='ltr'>purgati</span> <span class='ocrx_word' id='word_1_82' title='bbox 905 739 1145 785; x_wconf 63' lang='lat' dir='ltr'>sandificantur.</span> 
     </span>
     <span class='ocr_line' id='line_1_12' title="bbox 264 789 1147 837; baseline -0.006 -7"><span class='ocrx_word' id='word_1_83' title='bbox 264 795 417 830; x_wconf 87' lang='lat' dir='ltr'>Affirmat</span> <span class='ocrx_word' id='word_1_84' title='bbox 429 794 572 828; x_wconf 85' lang='lat' dir='ltr'>nostram</span> <span class='ocrx_word' id='word_1_85' title='bbox 587 793 693 837; x_wconf 90' lang='lat' dir='ltr'>legem</span> <span class='ocrx_word' id='word_1_86' title='bbox 705 793 797 827; x_wconf 81' lang='lat' dir='ltr'>fuisse</span> <span class='ocrx_word' id='word_1_87' title='bbox 818 795 853 826; x_wconf 91' lang='lat' dir='ltr'>in</span> <span class='ocrx_word' id='word_1_88' title='bbox 876 801 1014 835; x_wconf 87' lang='lat' dir='ltr'>utroque</span> <span class='ocrx_word' id='word_1_89' title='bbox 1024 789 1147 825; x_wconf 87' lang='lat' dir='ltr'>Testa-</span> 
     </span>
     <span class='ocr_line' id='line_1_13' title="bbox 263 839 1146 892; baseline -0.008 -11"><span class='ocrx_word' id='word_1_90' title='bbox 263 844 394 881; x_wconf 80' lang='lat' dir='ltr'>meuto.</span> <span class='ocrx_word' id='word_1_91' title='bbox 423 842 527 892; x_wconf 85' lang='lat' dir='ltr'>Qod</span> <span class='ocrx_word' id='word_1_92' title='bbox 541 844 646 888; x_wconf 89' lang='lat' dir='ltr'>ipsum</span> <span class='ocrx_word' id='word_1_93' title='bbox 658 844 820 879; x_wconf 85' lang='lat' dir='ltr'>affirmant</span> <span class='ocrx_word' id='word_1_94' title='bbox 836 842 944 877; x_wconf 66' lang='lat' dir='ltr'>cuncti</span> <span class='ocrx_word' id='word_1_95' title='bbox 964 841 1076 884; x_wconf 72' lang='lat' dir='ltr'>passim</span> <span class='ocrx_word' id='word_1_96' title='bbox 1087 839 1146 874; x_wconf 76' lang='lat' dir='ltr'>Pa-</span> 
     </span>
     <span class='ocr_line' id='line_1_14' title="bbox 262 890 1144 937; baseline -0.007 -7"><span class='ocrx_word' id='word_1_97' title='bbox 262 905 343 930; x_wconf 80' lang='lat' dir='ltr'>tres.</span> <span class='ocrx_word' id='word_1_98' title='bbox 370 895 536 930; x_wconf 88' lang='lat' dir='ltr'>Omittere</span> <span class='ocrx_word' id='word_1_99' title='bbox 557 905 625 927; x_wconf 90' lang='lat' dir='ltr'>non</span> <span class='ocrx_word' id='word_1_100' title='bbox 648 894 774 936; x_wconf 77' lang='lat' dir='ltr'>possum</span> <span class='ocrx_word' id='word_1_101' title='bbox 795 892 920 937; x_wconf 85' lang='lat' dir='ltr'>insigne</span> <span class='ocrx_word' id='word_1_102' title='bbox 940 890 1144 926; x_wconf 83' lang='lat' dir='ltr'>Tertulliani</span> 
     </span>
     <span class='ocr_line' id='line_1_15' title="bbox 123 941 1145 994; baseline -0.008 -12"><span class='ocrx_word' id='word_1_103' title='bbox 123 955 198 994; x_wconf 78' lang='lat' dir='ltr'>Cap.</span> <span class='ocrx_word' id='word_1_104' title='bbox 213 961 243 988; x_wconf 71' lang='grc' dir='ltr'>γ.</span> <span class='ocrx_word' id='word_1_105' title='bbox 261 945 488 981; x_wconf 85' lang='lat' dir='ltr'>testimonium</span> <span class='ocrx_word' id='word_1_106' title='bbox 502 946 537 979; x_wconf 86' lang='lat' dir='ltr'>in</span> <span class='ocrx_word' id='word_1_107' title='bbox 550 942 635 988; x_wconf 82' lang='lat' dir='ltr'>libro</span> <span class='ocrx_word' id='word_1_108' title='bbox 645 942 892 988; x_wconf 87' lang='lat' dir='ltr'>Apologetico:</span> <span class='ocrx_word' id='word_1_109' title='bbox 918 942 975 976; x_wconf 81' lang='lat' dir='ltr'>Vel</span> <span class='ocrx_word' id='word_1_110' title='bbox 989 953 1028 976; x_wconf 77' lang='lat' dir='ltr'>rx</span> <span class='ocrx_word' id='word_1_111' title='bbox 1039 941 1145 983; x_wconf 83' lang='lat' dir='ltr'>forma</span> 
     </span>
     <span class='ocr_line' id='line_1_16' title="bbox 258 990 1143 1036; baseline -0.005 -6"><span class='ocrx_word' id='word_1_112' title='bbox 258 997 393 1030; x_wconf 77' lang='lat' dir='ltr'>omnibus</span> <span class='ocrx_word' id='word_1_113' title='bbox 405 996 543 1036; x_wconf 64' lang='lat' dir='ltr'>mysteriis</span> <span class='ocrx_word' id='word_1_114' title='bbox 549 994 660 1036; x_wconf 77' lang='lat' dir='ltr'>filentt&#39;i</span> <span class='ocrx_word' id='word_1_115' title='bbox 668 993 746 1036; x_wconf 81' lang='lat' dir='ltr'>fides</span> <span class='ocrx_word' id='word_1_116' title='bbox 759 993 883 1026; x_wconf 80' lang='lat' dir='ltr'>debetur</span> <span class='ocrx_word' id='word_1_117' title='bbox 893 1017 900 1025; x_wconf 90' lang='lat'><strong>.</strong></span> <span class='ocrx_word' id='word_1_118' title='bbox 929 990 1090 1027; x_wconf 77' lang='lat' dir='ltr'><em>Samothra</em></span> <span class='ocrx_word' id='word_1_119' title='bbox 1109 993 1143 1026; x_wconf 65' lang='grc' dir='ltr'><em>Θ</em></span> 
     </span>
     <span class='ocr_line' id='line_1_17' title="bbox 258 1043 1142 1090; baseline -0.006 -9"><span class='ocrx_word' id='word_1_120' title='bbox 258 1047 408 1090; x_wconf 75' lang='lat' dir='ltr'>Eleufinia</span> <span class='ocrx_word' id='word_1_121' title='bbox 420 1052 602 1081; x_wconf 74' lang='lat' dir='ltr'>reticentur:</span> <span class='ocrx_word' id='word_1_122' title='bbox 630 1046 758 1088; x_wconf 64' lang='lat' dir='ltr'>,Quanta</span> <span class='ocrx_word' id='word_1_123' title='bbox 767 1049 863 1088; x_wconf 70' lang='lat' dir='ltr'>magis</span> <span class='ocrx_word' id='word_1_124' title='bbox 873 1043 971 1085; x_wconf 73' lang='lat' dir='ltr'>tulta,</span> <span class='ocrx_word' id='word_1_125' title='bbox 996 1054 1062 1086; x_wconf 83' lang='lat' dir='ltr'>quae</span> <span class='ocrx_word' id='word_1_126' title='bbox 1075 1050 1142 1085; x_wconf 81' lang='lat' dir='ltr'>pro-</span> 
     </span>
     <span class='ocr_line' id='line_1_18' title="bbox 258 1092 1142 1136; baseline -0.007 -3"><span class='ocrx_word' id='word_1_127' title='bbox 258 1101 326 1133; x_wconf 82' lang='lat' dir='ltr'>dita</span> <span class='ocrx_word' id='word_1_128' title='bbox 335 1102 458 1133; x_wconf 69' lang='lat' dir='ltr'>interim</span> <span class='ocrx_word' id='word_1_129' title='bbox 468 1102 560 1131; x_wconf 71' lang='lat' dir='ltr'>ettam</span> <span class='ocrx_word' id='word_1_130' title='bbox 571 1096 736 1129; x_wconf 79' lang='lat' dir='ltr'>humanam</span> <span class='ocrx_word' id='word_1_131' title='bbox 747 1092 1029 1136; x_wconf 81' lang='lat' dir='ltr'>animadverfionem</span> <span class='ocrx_word' id='word_1_132' title='bbox 1034 1102 1142 1136; x_wconf 82' lang='lat' dir='ltr'>provo-</span> 
     </span>
     <span class='ocr_line' id='line_1_19' title="bbox 254 1142 1139 1190; baseline -0.01 -5"><span class='ocrx_word' id='word_1_133' title='bbox 254 1151 369 1185; x_wconf 75' lang='lat' dir='ltr'>cabunt</span> <span class='ocrx_word' id='word_1_134' title='bbox 392 1174 404 1190; x_wconf 92' lang='lat'>,</span> <span class='ocrx_word' id='word_1_135' title='bbox 428 1149 501 1181; x_wconf 79' lang='lat' dir='ltr'>dum</span> <span class='ocrx_word' id='word_1_136' title='bbox 523 1151 641 1181; x_wconf 76' lang='lat' dir='ltr'>Divina</span> <span class='ocrx_word' id='word_1_137' title='bbox 656 1143 822 1188; x_wconf 76' lang='lat' dir='ltr'>servatur?</span> <span class='ocrx_word' id='word_1_138' title='bbox 847 1144 928 1178; x_wconf 89' lang='lat' dir='ltr'>Hoc</span> <span class='ocrx_word' id='word_1_139' title='bbox 952 1144 1020 1184; x_wconf 84' lang='lat' dir='ltr'>est,</span> <span class='ocrx_word' id='word_1_140' title='bbox 1047 1142 1139 1176; x_wconf 83' lang='lat' dir='ltr'>Chri-</span> 
     </span>
     <span class='ocr_line' id='line_1_20' title="bbox 254 1188 1140 1239; baseline -0.012 -3"><span class='ocrx_word' id='word_1_141' title='bbox 254 1201 361 1236; x_wconf 78' lang='lat' dir='ltr'>stiana</span> <span class='ocrx_word' id='word_1_142' title='bbox 374 1224 381 1231; x_wconf 91' lang='lat'><strong>.</strong></span> <span class='ocrx_word' id='word_1_143' title='bbox 405 1188 530 1239; x_wconf 59' lang='lat' dir='ltr'>‘Semper</span> <span class='ocrx_word' id='word_1_144' title='bbox 539 1202 632 1231; x_wconf 76' lang='lat' dir='ltr'>anam</span> <span class='ocrx_word' id='word_1_145' title='bbox 637 1201 704 1237; x_wconf 73' lang='lat' dir='ltr'>piae</span> <span class='ocrx_word' id='word_1_146' title='bbox 713 1200 898 1228; x_wconf 66' lang='lat' dir='ltr'>initiationes</span> <span class='ocrx_word' id='word_1_147' title='bbox 919 1202 1022 1228; x_wconf 82' lang='lat' dir='ltr'><em>arcent</em></span> <span class='ocrx_word' id='word_1_148' title='bbox 1037 1193 1140 1236; x_wconf 84' lang='lat' dir='ltr'>profa-</span> 
     </span>
     <span class='ocr_line' id='line_1_21' title="bbox 253 1244 1139 1291; baseline -0.011 -5"><span class='ocrx_word' id='word_1_149' title='bbox 253 1263 332 1291; x_wconf 80' lang='lat' dir='ltr'>ms,</span> <span class='ocrx_word' id='word_1_150' title='bbox 359 1251 394 1284; x_wconf 64' lang='grc' dir='ltr'><em>θ</em></span> <span class='ocrx_word' id='word_1_151' title='bbox 412 1248 538 1283; x_wconf 70' lang='lat' dir='ltr'>arbitris</span> <span class='ocrx_word' id='word_1_152' title='bbox 562 1255 688 1281; x_wconf 77' lang='lat' dir='ltr'>cavent.</span> <span class='ocrx_word' id='word_1_153' title='bbox 717 1246 818 1280; x_wconf 89' lang='lat' dir='ltr'>Hanc</span> <span class='ocrx_word' id='word_1_154' title='bbox 841 1244 962 1280; x_wconf 84' lang='lat' dir='ltr'>Secreti</span> <span class='ocrx_word' id='word_1_155' title='bbox 977 1244 1083 1289; x_wconf 84' lang='lat' dir='ltr'>legem</span> <span class='ocrx_word' id='word_1_156' title='bbox 1094 1244 1139 1277; x_wconf 82' lang='lat' dir='ltr'>af—</span> 
     </span>
     <span class='ocr_line' id='line_1_22' title="bbox 253 1292 1137 1338; baseline -0.01 -3"><span class='ocrx_word' id='word_1_157' title='bbox 253 1302 364 1335; x_wconf 82' lang='lat' dir='ltr'>firmat</span> <span class='ocrx_word' id='word_1_158' title='bbox 372 1301 436 1334; x_wconf 83' lang='lat' dir='ltr'>effe</span> <span class='ocrx_word' id='word_1_159' title='bbox 446 1297 627 1332; x_wconf 77' lang='lat' dir='ltr'>naturalem</span> <span class='ocrx_word' id='word_1_160' title='bbox 638 1295 795 1331; x_wconf 88' lang='lat' dir='ltr'>omnibus</span> <span class='ocrx_word' id='word_1_161' title='bbox 813 1295 977 1338; x_wconf 84' lang='lat' dir='ltr'>mysteriis</span> <span class='ocrx_word' id='word_1_162' title='bbox 992 1292 1137 1328; x_wconf 85' lang='lat' dir='ltr'>debitam</span> 
     </span>
     <span class='ocr_line' id='line_1_23' title="bbox 240 1343 1138 1389; baseline -0.012 -3"><span class='ocrx_word' id='word_1_163' title='bbox 240 1350 469 1386; x_wconf 56' lang='lat' dir='ltr'>«reverentiam</span> <span class='ocrx_word' id='word_1_164' title='bbox 488 1372 499 1388; x_wconf 93' lang='lat'>,</span> <span class='ocrx_word' id='word_1_165' title='bbox 525 1346 566 1380; x_wconf 83' lang='lat' dir='ltr'>ab</span> <span class='ocrx_word' id='word_1_166' title='bbox 586 1346 661 1389; x_wconf 88' lang='lat' dir='ltr'>ipsis</span> <span class='ocrx_word' id='word_1_167' title='bbox 679 1345 780 1379; x_wconf 88' lang='lat' dir='ltr'>etiam</span> <span class='ocrx_word' id='word_1_168' title='bbox 800 1343 979 1389; x_wconf 86' lang='lat' dir='ltr'>gentilibus</span> <span class='ocrx_word' id='word_1_169' title='bbox 997 1343 1138 1377; x_wconf 83' lang='lat' dir='ltr'>delatam</span> 
     </span>
     <span class='ocr_line' id='line_1_24' title="bbox 250 1391 1138 1441; baseline -0.01 -6"><span class='ocrx_word' id='word_1_170' title='bbox 250 1400 317 1435; x_wconf 80' lang='lat' dir='ltr'>suis</span> <span class='ocrx_word' id='word_1_171' title='bbox 338 1399 442 1432; x_wconf 86' lang='lat' dir='ltr'>Sacris</span> <span class='ocrx_word' id='word_1_172' title='bbox 464 1396 644 1439; x_wconf 84' lang='lat' dir='ltr'>sacrilegis.</span> <span class='ocrx_word' id='word_1_173' title='bbox 671 1394 776 1441; x_wconf 84' lang='lat' dir='ltr'>Qod</span> <span class='ocrx_word' id='word_1_174' title='bbox 799 1393 903 1436; x_wconf 86' lang='lat' dir='ltr'>ipsum</span> <span class='ocrx_word' id='word_1_175' title='bbox 930 1391 1075 1436; x_wconf 85' lang='lat' dir='ltr'>pluribus</span> <span class='ocrx_word' id='word_1_176' title='bbox 1085 1392 1138 1426; x_wconf 87' lang='lat' dir='ltr'>de-</span> 
     </span>
     <span class='ocr_line' id='line_1_25' title="bbox 249 1442 1010 1486; baseline -0.013 -1"><span class='ocrx_word' id='word_1_177' title='bbox 249 1449 412 1486; x_wconf 83' lang='lat' dir='ltr'>monstrat</span> <span class='ocrx_word' id='word_1_178' title='bbox 424 1448 558 1482; x_wconf 67' lang='lat' dir='ltr'>Sanctus</span> <span class='ocrx_word' id='word_1_179' title='bbox 569 1445 725 1480; x_wconf 84' lang='lat' dir='ltr'>Clemens</span> <span class='ocrx_word' id='word_1_180' title='bbox 747 1442 1010 1479; x_wconf 78' lang='lat' dir='ltr'>Alexandrinus.</span> 
     </span>
    </p>

    <p class='ocr_par' dir='ltr' id='par_1_4' title="bbox 242 1490 1137 2038">
     <span class='ocr_line' id='line_1_26' title="bbox 301 1490 1137 1536; baseline -0.01 -2"><span class='ocrx_word' id='word_1_181' title='bbox 301 1499 346 1534; x_wconf 90' lang='lat' dir='ltr'>Et</span> <span class='ocrx_word' id='word_1_182' title='bbox 360 1510 402 1533; x_wconf 88' lang='lat' dir='ltr'>ex</span> <span class='ocrx_word' id='word_1_183' title='bbox 424 1497 474 1532; x_wconf 89' lang='lat' dir='ltr'>his</span> <span class='ocrx_word' id='word_1_184' title='bbox 496 1498 584 1531; x_wconf 91' lang='lat' dir='ltr'>lucet</span> <span class='ocrx_word' id='word_1_185' title='bbox 595 1494 803 1534; x_wconf 84' lang='lat' dir='ltr'>errareillos‚</span> <span class='ocrx_word' id='word_1_186' title='bbox 830 1494 885 1536; x_wconf 88' lang='lat' dir='ltr'>qui</span> <span class='ocrx_word' id='word_1_187' title='bbox 897 1494 1030 1528; x_wconf 87' lang='lat' dir='ltr'>censent</span> <span class='ocrx_word' id='word_1_188' title='bbox 1043 1490 1137 1527; x_wconf 83' lang='lat' dir='ltr'>istam</span> 
     </span>
     <span class='ocr_line' id='line_1_27' title="bbox 249 1543 1137 1591; baseline -0.011 -5"><span class='ocrx_word' id='word_1_189' title='bbox 249 1549 468 1587; x_wconf 80' lang='lat' dir='ltr'>reverentiam</span> <span class='ocrx_word' id='word_1_190' title='bbox 488 1548 507 1581; x_wconf 69' lang='lat' dir='ltr'>a</span> <span class='ocrx_word' id='word_1_191' title='bbox 527 1545 701 1591; x_wconf 82' lang='lat' dir='ltr'>primitivis</span> <span class='ocrx_word' id='word_1_192' title='bbox 721 1543 890 1579; x_wconf 88' lang='lat' dir='ltr'>Fidelibus</span> <span class='ocrx_word' id='word_1_193' title='bbox 908 1544 1137 1586; x_wconf 78' lang='lat' dir='ltr'>fuisseimpen·</span> 
     </span>
     <span class='ocr_line' id='line_1_28' title="bbox 246 1592 1134 1636; baseline -0.01 0"><span class='ocrx_word' id='word_1_194' title='bbox 246 1603 319 1636; x_wconf 78' lang='lat' dir='ltr'>sam</span> <span class='ocrx_word' id='word_1_195' title='bbox 343 1599 404 1635; x_wconf 88' lang='lat' dir='ltr'>soli</span> <span class='ocrx_word' id='word_1_196' title='bbox 426 1598 628 1633; x_wconf 69' lang='lat' dir='ltr'>sacrosanstae</span> <span class='ocrx_word' id='word_1_197' title='bbox 651 1594 884 1629; x_wconf 69' lang='lat' dir='ltr'>Eucharistiae.</span> <span class='ocrx_word' id='word_1_198' title='bbox 911 1592 1046 1628; x_wconf 82' lang='lat' dir='ltr'>Interim</span> <span class='ocrx_word' id='word_1_199' title='bbox 1067 1593 1134 1636; x_wconf 88' lang='lat' dir='ltr'>ipsa</span> 
     </span>
     <span class='ocr_line' id='line_1_29' title="bbox 246 1643 1134 1693; baseline -0.011 -7"><span class='ocrx_word' id='word_1_200' title='bbox 246 1649 329 1686; x_wconf 80' lang='lat' dir='ltr'>huic</span> <span class='ocrx_word' id='word_1_201' title='bbox 338 1676 348 1692; x_wconf 92' lang='lat'><strong>,</strong></span> <span class='ocrx_word' id='word_1_202' title='bbox 377 1648 490 1693; x_wconf 75' lang='lat' dir='ltr'>utpote</span> <span class='ocrx_word' id='word_1_203' title='bbox 499 1646 706 1683; x_wconf 86' lang='lat' dir='ltr'>arcaniffimo</span> <span class='ocrx_word' id='word_1_204' title='bbox 714 1644 943 1689; x_wconf 83' lang='lat' dir='ltr'>mysteriorum</span> <span class='ocrx_word' id='word_1_205' title='bbox 955 1643 1113 1687; x_wconf 83' lang='lat' dir='ltr'>mysterio</span> <span class='ocrx_word' id='word_1_206' title='bbox 1122 1666 1134 1683; x_wconf 92' lang='lat'>,</span> 
     </span>
     <span class='ocr_line' id='line_1_30' title="bbox 247 1694 1134 1744; baseline -0.011 -8"><span class='ocrx_word' id='word_1_207' title='bbox 247 1702 315 1737; x_wconf 76' lang='lat' dir='ltr'>fuit</span> <span class='ocrx_word' id='word_1_208' title='bbox 329 1704 452 1744; x_wconf 83' lang='lat' dir='ltr'>semper</span> <span class='ocrx_word' id='word_1_209' title='bbox 467 1698 609 1743; x_wconf 81' lang='lat' dir='ltr'>impensa</span> <span class='ocrx_word' id='word_1_210' title='bbox 619 1696 838 1741; x_wconf 84' lang='lat' dir='ltr'>singulariter.</span> <span class='ocrx_word' id='word_1_211' title='bbox 868 1694 910 1728; x_wconf 85' lang='lat' dir='ltr'>Et</span> <span class='ocrx_word' id='word_1_212' title='bbox 929 1694 999 1738; x_wconf 86' lang='lat' dir='ltr'>ejus</span> <span class='ocrx_word' id='word_1_213' title='bbox 1022 1704 1134 1737; x_wconf 79' lang='lat' dir='ltr'>praeva·</span> 
     </span>
     <span class='ocr_line' id='line_1_31' title="bbox 245 1744 1134 1792; baseline -0.012 -5"><span class='ocrx_word' id='word_1_214' title='bbox 245 1752 367 1787; x_wconf 83' lang='lat' dir='ltr'>ricatio</span> <span class='ocrx_word' id='word_1_215' title='bbox 388 1750 430 1785; x_wconf 90' lang='lat' dir='ltr'>ab</span> <span class='ocrx_word' id='word_1_216' title='bbox 441 1750 586 1792; x_wconf 84' lang='lat' dir='ltr'>antiquis</span> <span class='ocrx_word' id='word_1_217' title='bbox 608 1747 757 1782; x_wconf 77' lang='lat' dir='ltr'>Ecclesiae</span> <span class='ocrx_word' id='word_1_218' title='bbox 776 1744 927 1779; x_wconf 83' lang='lat' dir='ltr'>Patribus</span> <span class='ocrx_word' id='word_1_219' title='bbox 947 1753 1134 1778; x_wconf 82' lang='lat' dir='ltr'>numeratur</span> 
     </span>
     <span class='ocr_line' id='line_1_32' title="bbox 244 1793 1131 1844; baseline -0.012 -7"><span class='ocrx_word' id='word_1_220' title='bbox 244 1802 335 1838; x_wconf 86' lang='lat' dir='ltr'>inter</span> <span class='ocrx_word' id='word_1_221' title='bbox 358 1799 510 1844; x_wconf 85' lang='lat' dir='ltr'>palmaria</span> <span class='ocrx_word' id='word_1_222' title='bbox 524 1797 641 1831; x_wconf 83' lang='lat' dir='ltr'>scelera</span> <span class='ocrx_word' id='word_1_223' title='bbox 663 1795 753 1839; x_wconf 79' lang='lat' dir='ltr'>Judae</span> <span class='ocrx_word' id='word_1_224' title='bbox 764 1793 969 1827; x_wconf 85' lang='lat' dir='ltr'>Traditoris.</span> <span class='ocrx_word' id='word_1_225' title='bbox 997 1794 1131 1828; x_wconf 85' lang='lat' dir='ltr'>Etenim</span> 
     </span>
     <span class='ocr_line' id='line_1_33' title="bbox 244 1842 1131 1894; baseline -0.012 -8"><span class='ocrx_word' id='word_1_226' title='bbox 244 1852 284 1887; x_wconf 83' lang='lat' dir='ltr'>in</span> <span class='ocrx_word' id='word_1_227' title='bbox 309 1850 429 1894; x_wconf 82' lang='lat' dir='ltr'>Magni</span> <span class='ocrx_word' id='word_1_228' title='bbox 454 1847 560 1882; x_wconf 84' lang='lat' dir='ltr'>Basilii</span> <span class='ocrx_word' id='word_1_229' title='bbox 584 1844 734 1889; x_wconf 85' lang='lat' dir='ltr'>Liturgia</span> <span class='ocrx_word' id='word_1_230' title='bbox 749 1842 903 1877; x_wconf 83' lang='lat' dir='ltr'>Sacerdos</span> <span class='ocrx_word' id='word_1_231' title='bbox 924 1851 1071 1886; x_wconf 82' lang='lat' dir='ltr'>precatur</span> <span class='ocrx_word' id='word_1_232' title='bbox 1090 1842 1131 1876; x_wconf 90' lang='lat' dir='ltr'>ad</span> 
     </span>
     <span class='ocr_line' id='line_1_34' title="bbox 244 1891 1131 1936; baseline -0.011 -1"><span class='ocrx_word' id='word_1_233' title='bbox 244 1899 418 1936; x_wconf 87' lang='lat' dir='ltr'>Christum</span> <span class='ocrx_word' id='word_1_234' title='bbox 442 1897 653 1932; x_wconf 78' lang='lat' dir='ltr'>Dominum:</span> <span class='ocrx_word' id='word_1_235' title='bbox 680 1898 782 1927; x_wconf 77' lang='lat' dir='ltr'>Coenae</span> <span class='ocrx_word' id='word_1_236' title='bbox 803 1902 863 1926; x_wconf 80' lang='lat' dir='ltr'>tuae</span> <span class='ocrx_word' id='word_1_237' title='bbox 885 1891 1003 1933; x_wconf 67' lang='lat' dir='ltr'>mystica</span> <span class='ocrx_word' id='word_1_238' title='bbox 1023 1891 1131 1932; x_wconf 64' lang='lat' dir='ltr'>hodie,</span> 
     </span>
     <span class='ocr_line' id='line_1_35' title="bbox 243 1944 1130 1992; baseline -0.016 -4"><span class='ocrx_word' id='word_1_239' title='bbox 243 1950 401 1990; x_wconf 67' lang='grc' dir='ltr'>ΡιΙὶΒεῖ,</span> <span class='ocrx_word' id='word_1_240' title='bbox 425 1947 530 1992; x_wconf 82' lang='lat' dir='ltr'>affume</span> <span class='ocrx_word' id='word_1_241' title='bbox 544 1957 592 1981; x_wconf 82' lang='lat' dir='ltr'>me</span> <span class='ocrx_word' id='word_1_242' title='bbox 598 1949 796 1986; x_wconf 77' lang='lat' dir='ltr'>participem.</span> <span class='ocrx_word' id='word_1_243' title='bbox 823 1944 889 1975; x_wconf 81' lang='lat' dir='ltr'>Nec</span> <span class='ocrx_word' id='word_1_244' title='bbox 899 1947 979 1976; x_wconf 78' lang='lat' dir='ltr'>emm</span> <span class='ocrx_word' id='word_1_245' title='bbox 1004 1946 1130 1975; x_wconf 73' lang='lat' dir='ltr'>misim-</span> 
     </span>
     <span class='ocr_line' id='line_1_36' title="bbox 242 1988 1131 2038; baseline -0.018 -2"><span class='ocrx_word' id='word_1_246' title='bbox 242 2007 330 2037; x_wconf 73' lang='lat' dir='ltr'>micis</span> <span class='ocrx_word' id='word_1_247' title='bbox 351 2001 450 2033; x_wconf 78' lang='lat' dir='ltr'>dtcam</span> <span class='ocrx_word' id='word_1_248' title='bbox 471 1996 649 2038; x_wconf 70' lang='lat' dir='ltr'>mysterium.</span> <span class='ocrx_word' id='word_1_249' title='bbox 678 1998 750 2027; x_wconf 86' lang='lat' dir='ltr'>Non</span> <span class='ocrx_word' id='word_1_250' title='bbox 760 1991 837 2025; x_wconf 83' lang='lat' dir='ltr'>dabo</span> <span class='ocrx_word' id='word_1_251' title='bbox 852 1991 911 2025; x_wconf 73' lang='lat' dir='ltr'>tibi</span> <span class='ocrx_word' id='word_1_252' title='bbox 929 1988 1074 2034; x_wconf 82' lang='lat' dir='ltr'>osculum,</span> <span class='ocrx_word' id='word_1_253' title='bbox 1094 1988 1131 2031; x_wconf 84' lang='lat' dir='ltr'>fi-</span> 
     </span>
    </p>

    <p class='ocr_par' dir='ltr' id='par_1_5' title="bbox 196 2039 1133 2693">
     <span class='ocr_line' id='line_1_37' title="bbox 196 2039 1128 2098; baseline -0.015 -10"><span class='ocrx_word' id='word_1_254' title='bbox 196 2056 199 2061; x_wconf 59' lang='lat'><em>*</em></span> <span class='ocrx_word' id='word_1_255' title='bbox 243 2052 410 2098; x_wconf 79' lang='lat' dir='ltr'>cutJudas</span> <span class='ocrx_word' id='word_1_256' title='bbox 423 2074 434 2090; x_wconf 91' lang='lat'><strong>,</strong></span> <span class='ocrx_word' id='word_1_257' title='bbox 457 2048 515 2092; x_wconf 85' lang='lat' dir='ltr'>sed</span> <span class='ocrx_word' id='word_1_258' title='bbox 525 2055 557 2081; x_wconf 85' lang='lat' dir='ltr'>ut</span> <span class='ocrx_word' id='word_1_259' title='bbox 576 2048 654 2080; x_wconf 82' lang='lat' dir='ltr'>latro</span> <span class='ocrx_word' id='word_1_260' title='bbox 673 2043 728 2078; x_wconf 69' lang='lat' dir='ltr'>tibi</span> <span class='ocrx_word' id='word_1_261' title='bbox 749 2041 900 2085; x_wconf 80' lang='lat' dir='ltr'>confiteor.</span> <span class='ocrx_word' id='word_1_262' title='bbox 928 2039 1076 2085; x_wconf 82' lang='lat' dir='ltr'>Exponit</span> <span class='ocrx_word' id='word_1_263' title='bbox 1092 2039 1128 2074; x_wconf 88' lang='lat' dir='ltr'>in</span> 
     </span>
     <span class='ocr_line' id='line_1_38' title="bbox 242 2089 1129 2148; baseline -0.015 -10"><span class='ocrx_word' id='word_1_264' title='bbox 242 2104 349 2148; x_wconf 87' lang='lat' dir='ltr'>prima</span> <span class='ocrx_word' id='word_1_265' title='bbox 361 2099 531 2135; x_wconf 73' lang='lat' dir='ltr'>adversum</span> <span class='ocrx_word' id='word_1_266' title='bbox 541 2098 602 2131; x_wconf 83' lang='lat' dir='ltr'>sua:</span> <span class='ocrx_word' id='word_1_267' title='bbox 614 2094 722 2142; x_wconf 81' lang='lat' dir='ltr'>gentis</span> <span class='ocrx_word' id='word_1_268' title='bbox 730 2104 852 2129; x_wconf 84' lang='lat' dir='ltr'>errores</span> <span class='ocrx_word' id='word_1_269' title='bbox 866 2090 1028 2126; x_wconf 69' lang='lat' dir='ltr'>[nveaiva</span> <span class='ocrx_word' id='word_1_270' title='bbox 1040 2089 1129 2125; x_wconf 88' lang='lat' dir='ltr'>Isaac</span> 
     </span>
     <span class='ocr_line' id='line_1_39' title="bbox 245 2139 1129 2188; baseline -0.017 -1"><span class='ocrx_word' id='word_1_271' title='bbox 245 2152 483 2188; x_wconf 81' lang='lat' dir='ltr'>Armeniorum</span> <span class='ocrx_word' id='word_1_272' title='bbox 494 2146 708 2183; x_wconf 84' lang='lat' dir='ltr'>Catholicus:</span> <span class='ocrx_word' id='word_1_273' title='bbox 734 2142 870 2185; x_wconf 64' lang='lat' dir='ltr'>cbristus</span> <span class='ocrx_word' id='word_1_274' title='bbox 880 2143 944 2175; x_wconf 70' lang='lat' dir='ltr'>cam</span> <span class='ocrx_word' id='word_1_275' title='bbox 968 2139 1129 2184; x_wconf 72' lang='lat' dir='ltr'>Discipulls</span> 
     </span>
     <span class='ocr_line' id='line_1_40' title="bbox 244 2192 1129 2244; baseline -0.014 -8"><span class='ocrx_word' id='word_1_276' title='bbox 244 2211 277 2237; x_wconf 78' lang='lat' dir='ltr'>in</span> <span class='ocrx_word' id='word_1_277' title='bbox 289 2208 384 2236; x_wconf 84' lang='lat' dir='ltr'>Coena</span> <span class='ocrx_word' id='word_1_278' title='bbox 391 2210 504 2244; x_wconf 84' lang='lat' dir='ltr'>panem</span> <span class='ocrx_word' id='word_1_279' title='bbox 517 2223 528 2240; x_wconf 90' lang='lat'><strong>,</strong></span> <span class='ocrx_word' id='word_1_280' title='bbox 553 2203 599 2233; x_wconf 79' lang='lat' dir='ltr'>uti</span> <span class='ocrx_word' id='word_1_281' title='bbox 611 2201 643 2244; x_wconf 88' lang='lat' dir='ltr'><strong><em>J</em></strong></span> <span class='ocrx_word' id='word_1_282' title='bbox 646 2205 756 2230; x_wconf 80' lang='lat' dir='ltr'>oannes</span> <span class='ocrx_word' id='word_1_283' title='bbox 778 2195 826 2228; x_wconf 79' lang='lat' dir='ltr'>ille</span> <span class='ocrx_word' id='word_1_284' title='bbox 842 2192 1001 2236; x_wconf 79' lang='lat' dir='ltr'>Theologus</span> <span class='ocrx_word' id='word_1_285' title='bbox 1025 2192 1129 2231; x_wconf 80' lang='lat' dir='ltr'>docet,</span> 
     </span>
     <span class='ocr_line' id='line_1_41' title="bbox 243 2243 1128 2297; baseline -0.015 -10"><span class='ocrx_word' id='word_1_286' title='bbox 243 2256 349 2294; x_wconf 80' lang='lat' dir='ltr'>daret,</span> <span class='ocrx_word' id='word_1_287' title='bbox 371 2256 403 2297; x_wconf 87' lang='lat' dir='ltr'><em>J</em></span> <span class='ocrx_word' id='word_1_288' title='bbox 407 2252 485 2284; x_wconf 73' lang='lat' dir='ltr'>uda:</span> <span class='ocrx_word' id='word_1_289' title='bbox 506 2260 619 2293; x_wconf 86' lang='lat' dir='ltr'>quoque</span> <span class='ocrx_word' id='word_1_290' title='bbox 639 2254 754 2289; x_wconf 83' lang='lat' dir='ltr'>accepto</span> <span class='ocrx_word' id='word_1_291' title='bbox 775 2252 855 2287; x_wconf 82' lang='lat' dir='ltr'>pane</span> <span class='ocrx_word' id='word_1_292' title='bbox 865 2243 1012 2288; x_wconf 71' lang='lat' dir='ltr'>egwffus,</span> <span class='ocrx_word' id='word_1_293' title='bbox 1035 2246 1128 2284; x_wconf 71' lang='lat' dir='ltr'>panis</span> 
     </span>
     <span class='ocr_line' id='line_1_42' title="bbox 242 2291 1128 2344; baseline -0.014 -7"><span class='ocrx_word' id='word_1_294' title='bbox 242 2303 420 2338; x_wconf 76' lang='lat' dir='ltr'>adminiculo</span> <span class='ocrx_word' id='word_1_295' title='bbox 427 2302 584 2344; x_wconf 75' lang='lat' dir='ltr'>prodidit.</span> <span class='ocrx_word' id='word_1_296' title='bbox 613 2297 829 2343; x_wconf 85' lang='lat' dir='ltr'>Bulgarorum</span> <span class='ocrx_word' id='word_1_297' title='bbox 845 2293 992 2328; x_wconf 86' lang='lat' dir='ltr'>Antistes</span> <span class='ocrx_word' id='word_1_298' title='bbox 1013 2291 1128 2326; x_wconf 87' lang='lat' dir='ltr'>Theo·</span> 
     </span>
     <span class='ocr_line' id='line_1_43' title="bbox 240 2343 1129 2399; baseline -0.017 -10"><span class='ocrx_word' id='word_1_299' title='bbox 240 2354 414 2399; x_wconf 67' lang='lat' dir='ltr'>phylactus</span> <span class='ocrx_word' id='word_1_300' title='bbox 426 2360 518 2386; x_wconf 83' lang='lat' dir='ltr'>notat</span> <span class='ocrx_word' id='word_1_301' title='bbox 531 2348 699 2384; x_wconf 83' lang='lat' dir='ltr'>Christum</span> <span class='ocrx_word' id='word_1_302' title='bbox 711 2346 899 2380; x_wconf 89' lang='lat' dir='ltr'>Dominum</span> <span class='ocrx_word' id='word_1_303' title='bbox 910 2343 950 2378; x_wconf 89' lang='lat' dir='ltr'>ad</span> <span class='ocrx_word' id='word_1_304' title='bbox 974 2343 1052 2376; x_wconf 86' lang='lat' dir='ltr'>sacri</span> <span class='ocrx_word' id='word_1_305' title='bbox 1077 2353 1129 2384; x_wconf 89' lang='lat' dir='ltr'>pa-</span> 
     </span>
     <span class='ocr_line' id='line_1_44' title="bbox 242 2393 1129 2448; baseline -0.019 -8"><span class='ocrx_word' id='word_1_306' title='bbox 242 2406 296 2439; x_wconf 82' lang='lat' dir='ltr'>nis</span> <span class='ocrx_word' id='word_1_307' title='bbox 311 2403 547 2448; x_wconf 71' lang='lat' dir='ltr'>porrectionem</span> <span class='ocrx_word' id='word_1_308' title='bbox 568 2398 754 2442; x_wconf 87' lang='lat' dir='ltr'>simpliciter</span> <span class='ocrx_word' id='word_1_309' title='bbox 774 2394 916 2429; x_wconf 75' lang='lat' dir='ltr'>dixisse:</span> <span class='ocrx_word' id='word_1_310' title='bbox 943 2397 1067 2434; x_wconf 76' lang='lat' dir='ltr'>Accipite</span> <span class='ocrx_word' id='word_1_311' title='bbox 1094 2393 1129 2424; x_wconf 65' lang='lat' dir='ltr'>er</span> 
     </span>
     <span class='ocr_line' id='line_1_45' title="bbox 243 2443 1128 2496; baseline -0.016 -8"><span class='ocrx_word' id='word_1_312' title='bbox 243 2456 406 2496; x_wconf 80' lang='lat' dir='ltr'>comedite;</span> <span class='ocrx_word' id='word_1_313' title='bbox 434 2462 467 2486; x_wconf 87' lang='lat' dir='ltr'>at</span> <span class='ocrx_word' id='word_1_314' title='bbox 493 2451 572 2487; x_wconf 76' lang='lat' dir='ltr'>vero</span> <span class='ocrx_word' id='word_1_315' title='bbox 594 2450 634 2483; x_wconf 83' lang='lat' dir='ltr'>ad</span> <span class='ocrx_word' id='word_1_316' title='bbox 644 2444 833 2483; x_wconf 67' lang='lat' dir='ltr'>sacrosancti</span> <span class='ocrx_word' id='word_1_317' title='bbox 856 2443 980 2478; x_wconf 77' lang='lat' dir='ltr'>Calicis</span> <span class='ocrx_word' id='word_1_318' title='bbox 1002 2444 1128 2476; x_wconf 90' lang='lat' dir='ltr'>donum</span> 
     </span>
     <span class='ocr_line' id='line_1_46' title="bbox 244 2492 1129 2542; baseline -0.018 -3"><span class='ocrx_word' id='word_1_319' title='bbox 244 2502 404 2538; x_wconf 74' lang='lat' dir='ltr'>addidisse</span> <span class='ocrx_word' id='word_1_320' title='bbox 414 2501 658 2536; x_wconf 88' lang='lat' dir='ltr'>distributivum</span> <span class='ocrx_word' id='word_1_321' title='bbox 669 2499 798 2542; x_wconf 82' lang='lat' dir='ltr'>signum</span> <span class='ocrx_word' id='word_1_322' title='bbox 812 2507 820 2527; x_wconf 77' lang='lat' dir='ltr'>t</span> <span class='ocrx_word' id='word_1_323' title='bbox 849 2494 952 2527; x_wconf 66' lang='lat' dir='ltr'>Bibere</span> <span class='ocrx_word' id='word_1_324' title='bbox 962 2505 1000 2527; x_wconf 81' lang='lat' dir='ltr'>ex</span> <span class='ocrx_word' id='word_1_325' title='bbox 1013 2492 1064 2527; x_wconf 87' lang='lat' dir='ltr'>boc</span> <span class='ocrx_word' id='word_1_326' title='bbox 1072 2502 1129 2523; x_wconf 86' lang='lat' dir='ltr'>om-</span> 
     </span>
     <span class='ocr_line' id='line_1_47' title="bbox 243 2542 1133 2592; baseline -0.015 -5"><span class='ocrx_word' id='word_1_327' title='bbox 243 2565 299 2588; x_wconf 81' lang='lat' dir='ltr'>nes</span> <span class='ocrx_word' id='word_1_328' title='bbox 310 2578 317 2584; x_wconf 90' lang='lat'>.</span> <span class='ocrx_word' id='word_1_329' title='bbox 345 2554 388 2592; x_wconf 73' lang='lat' dir='ltr'>Er</span> <span class='ocrx_word' id='word_1_330' title='bbox 400 2550 499 2586; x_wconf 89' lang='lat' dir='ltr'>edicit</span> <span class='ocrx_word' id='word_1_331' title='bbox 510 2551 639 2584; x_wconf 85' lang='lat' dir='ltr'>causam</span> <span class='ocrx_word' id='word_1_332' title='bbox 652 2563 662 2582; x_wconf 91' lang='lat'>.·</span> <span class='ocrx_word' id='word_1_333' title='bbox 685 2551 759 2581; x_wconf 85' lang='lat' dir='ltr'>sunt</span> <span class='ocrx_word' id='word_1_334' title='bbox 769 2552 820 2589; x_wconf 80' lang='lat' dir='ltr'>qui</span> <span class='ocrx_word' id='word_1_335' title='bbox 833 2546 937 2578; x_wconf 80' lang='lat' dir='ltr'>dicunt</span> <span class='ocrx_word' id='word_1_336' title='bbox 943 2552 1066 2587; x_wconf 81' lang='lat' dir='ltr'>propter</span> <span class='ocrx_word' id='word_1_337' title='bbox 1071 2542 1102 2585; x_wconf 92' lang='lat' dir='ltr'><em>J</em></span> <span class='ocrx_word' id='word_1_338' title='bbox 1103 2552 1133 2574; x_wconf 88' lang='lat' dir='ltr'>u-</span> 
     </span>
     <span class='ocr_line' id='line_1_48' title="bbox 245 2595 1132 2645; baseline -0.01 -8"><span class='ocrx_word' id='word_1_339' title='bbox 245 2604 318 2637; x_wconf 77' lang='lat' dir='ltr'>dam</span> <span class='ocrx_word' id='word_1_340' title='bbox 328 2602 380 2636; x_wconf 86' lang='lat' dir='ltr'>boc</span> <span class='ocrx_word' id='word_1_341' title='bbox 399 2602 451 2645; x_wconf 79' lang='lat' dir='ltr'>effe</span> <span class='ocrx_word' id='word_1_342' title='bbox 461 2600 588 2633; x_wconf 67' lang='lat' dir='ltr'>dillum.</span> <span class='ocrx_word' id='word_1_343' title='bbox 609 2599 719 2642; x_wconf 80' lang='lat' dir='ltr'>Judas</span> <span class='ocrx_word' id='word_1_344' title='bbox 729 2603 808 2629; x_wconf 82' lang='lat' dir='ltr'>enim</span> <span class='ocrx_word' id='word_1_345' title='bbox 815 2604 928 2636; x_wconf 85' lang='lat' dir='ltr'>panem</span> <span class='ocrx_word' id='word_1_346' title='bbox 938 2601 1071 2637; x_wconf 72' lang='lat' dir='ltr'>accepit,</span> <span class='ocrx_word' id='word_1_347' title='bbox 1098 2595 1132 2628; x_wconf 68' lang='lat'>(5</span> 
     </span>
     <span class='ocr_line' id='line_1_49' title="bbox 245 2644 1133 2693; baseline -0.01 -6"><span class='ocrx_word' id='word_1_348' title='bbox 245 2664 306 2687; x_wconf 80' lang='lat' dir='ltr'>non</span> <span class='ocrx_word' id='word_1_349' title='bbox 319 2647 446 2685; x_wconf 54' lang='lat' dir='ltr'>comedit</span> <span class='ocrx_word' id='word_1_350' title='bbox 457 2675 468 2691; x_wconf 92' lang='lat'>‚</span> <span class='ocrx_word' id='word_1_351' title='bbox 490 2648 548 2693; x_wconf 83' lang='lat' dir='ltr'>sed</span> <span class='ocrx_word' id='word_1_352' title='bbox 555 2648 716 2681; x_wconf 79' lang='lat' dir='ltr'>occultavit</span> <span class='ocrx_word' id='word_1_353' title='bbox 728 2669 738 2686; x_wconf 89' lang='lat'>‚</span> <span class='ocrx_word' id='word_1_354' title='bbox 765 2655 797 2677; x_wconf 87' lang='lat' dir='ltr'>ut</span> <span class='ocrx_word' id='word_1_355' title='bbox 808 2644 981 2683; x_wconf 80' lang='lat' dir='ltr'>monstraret</span> <span class='ocrx_word' id='word_1_356' title='bbox 985 2649 1018 2690; x_wconf 88' lang='lat' dir='ltr'><strong><em>J</em></strong></span> <span class='ocrx_word' id='word_1_357' title='bbox 1020 2646 1133 2686; x_wconf 76' lang='lat' dir='ltr'>udaeis,</span> 
     </span>
    </p>
   </div>
   <div class='ocr_carea' id='block_1_4' title="bbox 246 2693 1133 2795">
    <p class='ocr_par' dir='ltr' id='par_1_6' title="bbox 246 2693 1133 2795">
     <span class='ocr_line' id='line_1_50' title="bbox 247 2693 1133 2746; baseline -0.016 -9"><span class='ocrx_word' id='word_1_358' title='bbox 247 2705 328 2746; x_wconf 83' lang='lat' dir='ltr'>quod</span> <span class='ocrx_word' id='word_1_359' title='bbox 339 2700 475 2745; x_wconf 89' lang='lat' dir='ltr'><strong>JESUS</strong></span> <span class='ocrx_word' id='word_1_360' title='bbox 482 2708 594 2741; x_wconf 80' lang='lat' dir='ltr'>panem</span> <span class='ocrx_word' id='word_1_361' title='bbox 604 2698 727 2740; x_wconf 80' lang='lat' dir='ltr'>vocaffet</span> <span class='ocrx_word' id='word_1_362' title='bbox 738 2693 826 2737; x_wconf 84' lang='lat' dir='ltr'>suum</span> <span class='ocrx_word' id='word_1_363' title='bbox 836 2702 941 2736; x_wconf 85' lang='lat' dir='ltr'>corpus</span> <span class='ocrx_word' id='word_1_364' title='bbox 954 2719 961 2726; x_wconf 87' lang='lat'><strong>.</strong></span> <span class='ocrx_word' id='word_1_365' title='bbox 989 2695 1070 2741; x_wconf 82' lang='lat' dir='ltr'>Qo</span> <span class='ocrx_word' id='word_1_366' title='bbox 1083 2695 1133 2728; x_wconf 64' lang='lat' dir='ltr'>fif-</span> 
     </span>
     <span class='ocr_line' id='line_1_51' title="bbox 246 2744 1133 2795; baseline -0.009 -8"><span class='ocrx_word' id='word_1_367' title='bbox 246 2761 351 2786; x_wconf 83' lang='lat' dir='ltr'>maret</span> <span class='ocrx_word' id='word_1_368' title='bbox 364 2751 546 2795; x_wconf 85' lang='lat' dir='ltr'>Judaeorum</span> <span class='ocrx_word' id='word_1_369' title='bbox 557 2745 726 2791; x_wconf 83' lang='lat' dir='ltr'>perfidiam</span> <span class='ocrx_word' id='word_1_370' title='bbox 737 2768 748 2784; x_wconf 91' lang='lat'>,</span> <span class='ocrx_word' id='word_1_371' title='bbox 774 2744 991 2789; x_wconf 81' lang='lat' dir='ltr'>garrientium</span> <span class='ocrx_word' id='word_1_372' title='bbox 1014 2745 1133 2779; x_wconf 90' lang='lat' dir='ltr'>Domi-</span> 
     </span>
    </p>
   </div>
   <div class='ocr_carea' id='block_1_5' title="bbox 94 2793 1133 3440">
    <p class='ocr_par' dir='ltr' id='par_1_7' title="bbox 94 2793 1133 3440">
     <span class='ocr_line' id='line_1_52' title="bbox 249 2793 1130 2846; baseline -0.009 -9"><span class='ocrx_word' id='word_1_373' title='bbox 249 2814 331 2837; x_wconf 86' lang='lat' dir='ltr'>num</span> <span class='ocrx_word' id='word_1_374' title='bbox 358 2799 514 2846; x_wconf 86' lang='lat' dir='ltr'><strong>JESUM</strong></span> <span class='ocrx_word' id='word_1_375' title='bbox 538 2809 607 2832; x_wconf 89' lang='lat' dir='ltr'>non</span> <span class='ocrx_word' id='word_1_376' title='bbox 627 2797 690 2831; x_wconf 70' lang='lat' dir='ltr'>esse</span> <span class='ocrx_word' id='word_1_377' title='bbox 716 2795 974 2837; x_wconf 87' lang='lat' dir='ltr'>Redemptorem</span> <span class='ocrx_word' id='word_1_378' title='bbox 993 2793 1130 2829; x_wconf 88' lang='lat' dir='ltr'>humani</span> 
     </span>
     <span class='ocr_line' id='line_1_53' title="bbox 249 2844 1133 2898; baseline -0.009 -10"><span class='ocrx_word' id='word_1_379' title='bbox 249 2853 379 2898; x_wconf 84' lang='lat' dir='ltr'>generis</span> <span class='ocrx_word' id='word_1_380' title='bbox 392 2877 402 2892; x_wconf 92' lang='lat'><em>‚</em></span> <span class='ocrx_word' id='word_1_381' title='bbox 429 2850 483 2884; x_wconf 91' lang='lat' dir='ltr'>sed</span> <span class='ocrx_word' id='word_1_382' title='bbox 498 2847 698 2892; x_wconf 75' lang='lat' dir='ltr'>paradoxum</span> <span class='ocrx_word' id='word_1_383' title='bbox 712 2845 919 2880; x_wconf 65' lang='lat' dir='ltr'>Sedunorem</span> <span class='ocrx_word' id='word_1_384' title='bbox 929 2868 936 2876; x_wconf 92' lang='lat'>.</span> <span class='ocrx_word' id='word_1_385' title='bbox 965 2844 1133 2880; x_wconf 86' lang='lat' dir='ltr'>Laudatus</span> 
     </span>
     <span class='ocr_line' id='line_1_54' title="bbox 250 2893 1131 2940; baseline -0.01 -2"><span class='ocrx_word' id='word_1_386' title='bbox 250 2902 435 2938; x_wconf 76' lang='lat' dir='ltr'>patriarcha</span> <span class='ocrx_word' id='word_1_387' title='bbox 456 2901 542 2934; x_wconf 89' lang='lat' dir='ltr'>lsaac</span> <span class='ocrx_word' id='word_1_388' title='bbox 564 2896 650 2932; x_wconf 83' lang='lat' dir='ltr'>istud</span> <span class='ocrx_word' id='word_1_389' title='bbox 672 2897 761 2940; x_wconf 67' lang='lat' dir='ltr'>Judae,</span> <span class='ocrx_word' id='word_1_390' title='bbox 779 2895 906 2929; x_wconf 88' lang='lat' dir='ltr'>facinus</span> <span class='ocrx_word' id='word_1_391' title='bbox 917 2893 1069 2938; x_wconf 87' lang='lat' dir='ltr'>probavit</span> <span class='ocrx_word' id='word_1_392' title='bbox 1089 2908 1131 2930; x_wconf 81' lang='lat' dir='ltr'>ex</span> 
     </span>
     <span class='ocr_line' id='line_1_55' title="bbox 250 2944 1131 2994; baseline -0.009 -6"><span class='ocrx_word' id='word_1_393' title='bbox 250 2953 360 2988; x_wconf 70' lang='lat' dir='ltr'>Sansti</span> <span class='ocrx_word' id='word_1_394' title='bbox 383 2950 519 2994; x_wconf 70' lang='lat' dir='ltr'>loannis</span> <span class='ocrx_word' id='word_1_395' title='bbox 540 2947 747 2992; x_wconf 81' lang='lat' dir='ltr'>Evangelio:</span> <span class='ocrx_word' id='word_1_396' title='bbox 773 2944 838 2985; x_wconf 82' lang='lat' dir='ltr'>Post</span> <span class='ocrx_word' id='word_1_397' title='bbox 850 2954 999 2987; x_wconf 83' lang='lat' dir='ltr'>acceptam</span> <span class='ocrx_word' id='word_1_398' title='bbox 1018 2946 1131 2980; x_wconf 82' lang='lat' dir='ltr'>buccel-</span> 
     </span>
     <span class='ocr_line' id='line_1_56' title="bbox 94 2987 1131 3039; baseline -0.01 -1"><span class='ocrx_word' id='word_1_399' title='bbox 94 2987 171 3023; x_wconf 52' lang='grc' dir='ltr'>αρ’</span> <span class='ocrx_word' id='word_1_400' title='bbox 184 2992 229 3020; x_wconf 68' lang='lat'>&#39;3&#39;</span> <span class='ocrx_word' id='word_1_401' title='bbox 250 3005 313 3037; x_wconf 75' lang='lat' dir='ltr'>lam</span> <span class='ocrx_word' id='word_1_402' title='bbox 333 3005 473 3036; x_wconf 69' lang='lat' dir='ltr'>introivit</span> <span class='ocrx_word' id='word_1_403' title='bbox 488 3005 520 3032; x_wconf 83' lang='lat' dir='ltr'>in</span> <span class='ocrx_word' id='word_1_404' title='bbox 535 3011 599 3032; x_wconf 86' lang='lat' dir='ltr'>eum</span> <span class='ocrx_word' id='word_1_405' title='bbox 622 3001 754 3031; x_wconf 76' lang='lat' dir='ltr'>Satanas</span> <span class='ocrx_word' id='word_1_406' title='bbox 770 3019 779 3028; x_wconf 89' lang='lat'><strong><em>.</em></strong></span> <span class='ocrx_word' id='word_1_407' title='bbox 803 2999 882 3028; x_wconf 86' lang='lat' dir='ltr'>Cum</span> <span class='ocrx_word' id='word_1_408' title='bbox 901 2997 967 3039; x_wconf 65' lang='lat' dir='ltr'>erga</span> <span class='ocrx_word' id='word_1_409' title='bbox 986 2997 1131 3039; x_wconf 72' lang='lat' dir='ltr'>accepisses</span> 
     </span>
     <span class='ocr_line' id='line_1_57' title="bbox 251 3045 1131 3093; baseline -0.009 -6"><span class='ocrx_word' id='word_1_410' title='bbox 251 3054 429 3093; x_wconf 83' lang='lat' dir='ltr'>buccellam,</span> <span class='ocrx_word' id='word_1_411' title='bbox 455 3054 555 3084; x_wconf 76' lang='lat' dir='ltr'>exivit</span> <span class='ocrx_word' id='word_1_412' title='bbox 565 3051 720 3082; x_wconf 62' lang='lat' dir='ltr'>continua.</span> <span class='ocrx_word' id='word_1_413' title='bbox 748 3045 839 3080; x_wconf 84' lang='lat' dir='ltr'>Ante</span> <span class='ocrx_word' id='word_1_414' title='bbox 849 3054 1020 3089; x_wconf 82' lang='lat' dir='ltr'>acceptum</span> <span class='ocrx_word' id='word_1_415' title='bbox 1033 3070 1044 3086; x_wconf 94' lang='lat'>‚</span> <span class='ocrx_word' id='word_1_416' title='bbox 1066 3047 1131 3080; x_wconf 87' lang='lat' dir='ltr'>im-</span> 
     </span>
     <span class='ocr_line' id='line_1_58' title="bbox 251 3095 1131 3139; baseline -0.009 0"><span class='ocrx_word' id='word_1_417' title='bbox 251 3105 310 3139; x_wconf 80' lang='lat' dir='ltr'>mo</span> <span class='ocrx_word' id='word_1_418' title='bbox 335 3105 369 3138; x_wconf 73' lang='grc' dir='ltr'>ἂ</span> <span class='ocrx_word' id='word_1_419' title='bbox 385 3111 462 3136; x_wconf 87' lang='lat' dir='ltr'>ante</span> <span class='ocrx_word' id='word_1_420' title='bbox 477 3101 701 3133; x_wconf 86' lang='lat' dir='ltr'>consecratum</span> <span class='ocrx_word' id='word_1_421' title='bbox 712 3096 870 3131; x_wconf 82' lang='lat' dir='ltr'>Calicem.</span> <span class='ocrx_word' id='word_1_422' title='bbox 898 3095 941 3128; x_wconf 90' lang='lat' dir='ltr'>Et</span> <span class='ocrx_word' id='word_1_423' title='bbox 955 3107 1131 3139; x_wconf 84' lang='lat' dir='ltr'>acceptam,</span> 
     </span>
     <span class='ocr_line' id='line_1_59' title="bbox 252 3146 1130 3198; baseline -0.008 -10"><span class='ocrx_word' id='word_1_424' title='bbox 252 3166 321 3198; x_wconf 82' lang='lat' dir='ltr'>quae</span> <span class='ocrx_word' id='word_1_425' title='bbox 342 3149 485 3187; x_wconf 75' lang='lat' dir='ltr'>omnino</span> <span class='ocrx_word' id='word_1_426' title='bbox 507 3147 728 3183; x_wconf 82' lang='lat' dir='ltr'>Eucharistica</span> <span class='ocrx_word' id='word_1_427' title='bbox 750 3146 832 3186; x_wconf 87' lang='lat' dir='ltr'>fuit,</span> <span class='ocrx_word' id='word_1_428' title='bbox 859 3146 1039 3180; x_wconf 82' lang='lat' dir='ltr'>buccellam</span> <span class='ocrx_word' id='word_1_429' title='bbox 1062 3159 1130 3181; x_wconf 92' lang='lat' dir='ltr'>non</span> 
     </span>
     <span class='ocr_line' id='line_1_60' title="bbox 252 3195 1131 3246; baseline -0.008 -9"><span class='ocrx_word' id='word_1_430' title='bbox 252 3204 383 3246; x_wconf 81' lang='lat' dir='ltr'>sumpsit</span> <span class='ocrx_word' id='word_1_431' title='bbox 407 3227 419 3242; x_wconf 94' lang='lat'>,</span> <span class='ocrx_word' id='word_1_432' title='bbox 455 3199 509 3235; x_wconf 89' lang='lat' dir='ltr'>sed</span> <span class='ocrx_word' id='word_1_433' title='bbox 534 3198 718 3242; x_wconf 74' lang='lat' dir='ltr'>plaspheme</span> <span class='ocrx_word' id='word_1_434' title='bbox 736 3195 973 3231; x_wconf 87' lang='lat' dir='ltr'>demonstravit</span> <span class='ocrx_word' id='word_1_435' title='bbox 993 3196 1108 3239; x_wconf 84' lang='lat' dir='ltr'>Judaeis</span> <span class='ocrx_word' id='word_1_436' title='bbox 1121 3220 1131 3236; x_wconf 93' lang='lat'><strong><em>,</em></strong></span> 
     </span>
     <span class='ocr_line' id='line_1_61' title="bbox 254 3246 1131 3294; baseline -0.007 -9"><span class='ocrx_word' id='word_1_437' title='bbox 254 3265 350 3294; x_wconf 78' lang='lat' dir='ltr'>atque</span> <span class='ocrx_word' id='word_1_438' title='bbox 368 3255 411 3287; x_wconf 87' lang='lat' dir='ltr'>ita</span> <span class='ocrx_word' id='word_1_439' title='bbox 423 3262 491 3285; x_wconf 88' lang='lat' dir='ltr'>non</span> <span class='ocrx_word' id='word_1_440' title='bbox 504 3247 715 3284; x_wconf 75' lang='lat' dir='ltr'>solummodo</span> <span class='ocrx_word' id='word_1_441' title='bbox 725 3247 912 3281; x_wconf 84' lang='lat' dir='ltr'>enuntiavit</span> <span class='ocrx_word' id='word_1_442' title='bbox 925 3246 1112 3288; x_wconf 82' lang='lat' dir='ltr'>mysterium</span> <span class='ocrx_word' id='word_1_443' title='bbox 1121 3270 1131 3286; x_wconf 92' lang='lat'><strong>,</strong></span> 
     </span>
     <span class='ocr_line' id='line_1_62' title="bbox 252 3296 1132 3346; baseline -0.009 -10"><span class='ocrx_word' id='word_1_444' title='bbox 252 3302 308 3336; x_wconf 86' lang='lat' dir='ltr'>sed</span> <span class='ocrx_word' id='word_1_445' title='bbox 321 3302 404 3344; x_wconf 86' lang='lat' dir='ltr'>ipsos</span> <span class='ocrx_word' id='word_1_446' title='bbox 413 3303 541 3346; x_wconf 86' lang='lat' dir='ltr'>insuper</span> <span class='ocrx_word' id='word_1_447' title='bbox 550 3300 586 3334; x_wconf 87' lang='lat' dir='ltr'>in</span> <span class='ocrx_word' id='word_1_448' title='bbox 596 3299 651 3333; x_wconf 87' lang='lat' dir='ltr'>sua</span> <span class='ocrx_word' id='word_1_449' title='bbox 662 3298 796 3343; x_wconf 81' lang='lat' dir='ltr'>perfidia</span> <span class='ocrx_word' id='word_1_450' title='bbox 807 3296 947 3331; x_wconf 83' lang='lat' dir='ltr'>reddidit</span> <span class='ocrx_word' id='word_1_451' title='bbox 964 3306 1132 3330; x_wconf 89' lang='lat' dir='ltr'>contuma—</span> 
     </span>
     <span class='ocr_line' id='line_1_63' title="bbox 255 3345 1131 3386; baseline -0.006 -1"><span class='ocrx_word' id='word_1_452' title='bbox 255 3351 397 3386; x_wconf 84' lang='lat' dir='ltr'>ciffimos</span> <span class='ocrx_word' id='word_1_453' title='bbox 410 3375 416 3381; x_wconf 89' lang='lat'>.</span> <span class='ocrx_word' id='word_1_454' title='bbox 443 3353 534 3384; x_wconf 86' lang='lat' dir='ltr'>Hinc</span> <span class='ocrx_word' id='word_1_455' title='bbox 547 3350 714 3383; x_wconf 87' lang='lat' dir='ltr'>Dominus</span> <span class='ocrx_word' id='word_1_456' title='bbox 726 3349 766 3382; x_wconf 87' lang='lat' dir='ltr'>ad</span> <span class='ocrx_word' id='word_1_457' title='bbox 776 3348 859 3382; x_wconf 85' lang='lat' dir='ltr'>alios</span> <span class='ocrx_word' id='word_1_458' title='bbox 870 3346 1024 3380; x_wconf 87' lang='lat' dir='ltr'>undecim</span> <span class='ocrx_word' id='word_1_459' title='bbox 1046 3345 1131 3380; x_wconf 78' lang='lat' dir='ltr'>dixit</span> 
     </span>
     <span class='ocr_line' id='line_1_64' title="bbox 257 3394 1130 3440; baseline -0.007 -3"><span class='ocrx_word' id='word_1_460' title='bbox 257 3402 296 3437; x_wconf 80' lang='lat' dir='ltr'>de</span> <span class='ocrx_word' id='word_1_461' title='bbox 307 3402 396 3436; x_wconf 88' lang='lat' dir='ltr'>sacro</span> <span class='ocrx_word' id='word_1_462' title='bbox 414 3398 545 3434; x_wconf 86' lang='lat' dir='ltr'>Calice:</span> <span class='ocrx_word' id='word_1_463' title='bbox 574 3400 676 3433; x_wconf 66' lang='lat' dir='ltr'>Bibite</span> <span class='ocrx_word' id='word_1_464' title='bbox 696 3409 734 3431; x_wconf 80' lang='lat' dir='ltr'>ex</span> <span class='ocrx_word' id='word_1_465' title='bbox 746 3409 778 3431; x_wconf 83' lang='lat' dir='ltr'>eo</span> <span class='ocrx_word' id='word_1_466' title='bbox 792 3408 912 3430; x_wconf 77' lang='lat' dir='ltr'>omnes.</span> <span class='ocrx_word' id='word_1_467' title='bbox 939 3394 1056 3431; x_wconf 88' lang='lat' dir='ltr'>Nolite</span> <span class='ocrx_word' id='word_1_468' title='bbox 1078 3397 1130 3440; x_wconf 84' lang='lat' dir='ltr'>ip·—</span> 
     </span>
    </p>
   </div>
   <div class='ocr_carea' id='block_1_6' title="bbox 129 517 247 557">
    <p class='ocr_par' dir='ltr' id='par_1_8' title="bbox 129 517 247 557">
     <span class='ocr_line' id='line_1_65' title="bbox 129 517 247 557; baseline -0.017 -9"><span class='ocrx_word' id='word_1_469' title='bbox 129 517 158 548; x_wconf 67' lang='lat'>1³.</span> <span class='ocrx_word' id='word_1_470' title='bbox 177 526 247 557; x_wconf 77' lang='lat'><strong>³2⁴·</strong></span> 
     </span>
    </p>
   </div>
   <div class='ocr_carea' id='block_1_7' title="bbox 1173 286 1204 1719">
    <p class='ocr_par' dir='ltr' id='par_1_9' title="bbox 1173 286 1204 1719">
     <span class='ocr_line' id='line_1_66' title="bbox 1174 286 1204 1315; baseline 0 -446"><span class='ocrx_word' id='word_1_471' title='bbox 1174 286 1204 1315; x_wconf 95' lang='lat' dir='ltr'>    </span> 
     </span>
     <span class='ocr_line' id='line_1_67' title="bbox 1173 1315 1197 1719; baseline 0 0"><span class='ocrx_word' id='word_1_472' title='bbox 1173 1315 1197 1719; x_wconf 95' lang='lat' dir='ltr'>  </span> 
     </span>
    </p>
   </div>
   <div class='ocr_carea' id='block_1_8' title="bbox 1232 218 1544 248">
    <p class='ocr_par' dir='ltr' id='par_1_10' title="bbox 1232 218 1544 248">
     <span class='ocr_line' id='line_1_68' title="bbox 1232 218 1544 248; baseline 0.01 -3"><span class='ocrx_word' id='word_1_473' title='bbox 1232 218 1254 245; x_wconf 92' lang='lat' dir='ltr'>L</span> <span class='ocrx_word' id='word_1_474' title='bbox 1327 218 1341 247; x_wconf 90' lang='lat' dir='ltr'>l</span> <span class='ocrx_word' id='word_1_475' title='bbox 1410 220 1442 247; x_wconf 90' lang='lat' dir='ltr'>O</span> <span class='ocrx_word' id='word_1_476' title='bbox 1514 220 1544 248; x_wconf 89' lang='lat' dir='ltr'>N</span> 
     </span>
    </p>
   </div>
   <div class='ocr_carea' id='block_1_9' title="bbox 1190 290 2243 2089">
    <p class='ocr_par' dir='ltr' id='par_1_11' title="bbox 1201 290 2243 1138">
     <span class='ocr_line' id='line_1_69' title="bbox 1219 290 2094 343; baseline 0.013 -21"><span class='ocrx_word' id='word_1_477' title='bbox 1219 290 1310 330; x_wconf 89' lang='lat' dir='ltr'>sum,</span> <span class='ocrx_word' id='word_1_478' title='bbox 1336 291 1451 334; x_wconf 82' lang='lat' dir='ltr'>Judam</span> <span class='ocrx_word' id='word_1_479' title='bbox 1466 290 1612 331; x_wconf 63' lang='lat' dir='ltr'>imitati,</span> <span class='ocrx_word' id='word_1_480' title='bbox 1637 291 1921 339; x_wconf 87' lang='lat' dir='ltr'>absconderehic,</span> <span class='ocrx_word' id='word_1_481' title='bbox 1946 298 1982 332; x_wconf 74' lang='grc' dir='ltr'>δε</span> <span class='ocrx_word' id='word_1_482' title='bbox 2002 297 2094 343; x_wconf 84' lang='lat' dir='ltr'>post-</span> 
     </span>
     <span class='ocr_line' id='line_1_70' title="bbox 1214 339 2096 384; baseline 0.01 -11"><span class='ocrx_word' id='word_1_483' title='bbox 1214 340 1318 374; x_wconf 79' lang='lat' dir='ltr'>modo</span> <span class='ocrx_word' id='word_1_484' title='bbox 1330 339 1466 384; x_wconf 80' lang='lat' dir='ltr'>prodere</span> <span class='ocrx_word' id='word_1_485' title='bbox 1476 365 1487 381; x_wconf 92' lang='lat'><strong>,</strong></span> <span class='ocrx_word' id='word_1_486' title='bbox 1513 341 1567 376; x_wconf 89' lang='lat' dir='ltr'>sed</span> <span class='ocrx_word' id='word_1_487' title='bbox 1578 353 1695 377; x_wconf 85' lang='lat' dir='ltr'>omnes</span> <span class='ocrx_word' id='word_1_488' title='bbox 1708 349 1886 381; x_wconf 71' lang='lat' dir='ltr'>reverenter</span> <span class='ocrx_word' id='word_1_489' title='bbox 1896 348 2000 383; x_wconf 89' lang='lat' dir='ltr'>bibite</span> <span class='ocrx_word' id='word_1_490' title='bbox 2010 374 2017 381; x_wconf 94' lang='lat'><strong>.</strong></span> <span class='ocrx_word' id='word_1_491' title='bbox 2043 349 2096 382; x_wconf 87' lang='lat' dir='ltr'>Ita</span> 
     </span>
     <span class='ocr_line' id='line_1_71' title="bbox 1215 390 2094 442; baseline 0.014 -20"><span class='ocrx_word' id='word_1_492' title='bbox 1215 390 1341 434; x_wconf 87' lang='lat' dir='ltr'>insuper</span> <span class='ocrx_word' id='word_1_493' title='bbox 1361 391 1600 426; x_wconf 87' lang='lat' dir='ltr'>demonstravit</span> <span class='ocrx_word' id='word_1_494' title='bbox 1620 394 1823 430; x_wconf 83' lang='lat' dir='ltr'>clandestina</span> <span class='ocrx_word' id='word_1_495' title='bbox 1843 396 1928 440; x_wconf 77' lang='lat' dir='ltr'>Judae</span> <span class='ocrx_word' id='word_1_496' title='bbox 1945 409 2021 433; x_wconf 91' lang='lat' dir='ltr'>cum</span> <span class='ocrx_word' id='word_1_497' title='bbox 2040 398 2094 442; x_wconf 87' lang='lat' dir='ltr'>Ju-</span> 
     </span>
     <span class='ocr_line' id='line_1_72' title="bbox 1213 439 2093 489; baseline 0.01 -15"><span class='ocrx_word' id='word_1_498' title='bbox 1213 439 1289 474; x_wconf 82' lang='lat' dir='ltr'>daeis</span> <span class='ocrx_word' id='word_1_499' title='bbox 1297 441 1445 476; x_wconf 87' lang='lat' dir='ltr'>facinora</span> <span class='ocrx_word' id='word_1_500' title='bbox 1459 454 1526 476; x_wconf 91' lang='lat' dir='ltr'>non</span> <span class='ocrx_word' id='word_1_501' title='bbox 1539 444 1601 477; x_wconf 71' lang='lat' dir='ltr'>esse</span> <span class='ocrx_word' id='word_1_502' title='bbox 1612 443 1671 477; x_wconf 87' lang='lat' dir='ltr'>sibi</span> <span class='ocrx_word' id='word_1_503' title='bbox 1681 445 1798 489; x_wconf 88' lang='lat' dir='ltr'>ignota</span> <span class='ocrx_word' id='word_1_504' title='bbox 1810 471 1817 479; x_wconf 90' lang='lat'><strong><em>.</em></strong></span> <span class='ocrx_word' id='word_1_505' title='bbox 1845 446 1897 480; x_wconf 81' lang='lat' dir='ltr'>Ex</span> <span class='ocrx_word' id='word_1_506' title='bbox 1913 447 1976 484; x_wconf 88' lang='lat' dir='ltr'>hoc</span> <span class='ocrx_word' id='word_1_507' title='bbox 1996 450 2093 484; x_wconf 89' lang='lat' dir='ltr'>fonte</span> 
     </span>
     <span class='ocr_line' id='line_1_73' title="bbox 1213 490 2096 534; baseline 0.011 -10"><span class='ocrx_word' id='word_1_508' title='bbox 1213 490 1313 534; x_wconf 75' lang='lat' dir='ltr'>Judaei</span> <span class='ocrx_word' id='word_1_509' title='bbox 1324 499 1440 525; x_wconf 87' lang='lat' dir='ltr'>contra</span> <span class='ocrx_word' id='word_1_510' title='bbox 1449 493 1684 528; x_wconf 61' lang='lat' dir='ltr'>sacrosanctam</span> <span class='ocrx_word' id='word_1_511' title='bbox 1696 494 1934 532; x_wconf 85' lang='lat' dir='ltr'>Eucharistiam</span> <span class='ocrx_word' id='word_1_512' title='bbox 1956 499 2096 534; x_wconf 85' lang='lat' dir='ltr'>imbibe-</span> 
     </span>
     <span class='ocr_line' id='line_1_74' title="bbox 1213 538 2095 591; baseline 0.011 -17"><span class='ocrx_word' id='word_1_513' title='bbox 1213 546 1288 575; x_wconf 83' lang='lat' dir='ltr'>runt</span> <span class='ocrx_word' id='word_1_514' title='bbox 1318 541 1479 586; x_wconf 82' lang='lat' dir='ltr'>singulare</span> <span class='ocrx_word' id='word_1_515' title='bbox 1501 543 1618 578; x_wconf 88' lang='lat' dir='ltr'>odium</span> <span class='ocrx_word' id='word_1_516' title='bbox 1640 570 1647 576; x_wconf 93' lang='lat'>.</span> <span class='ocrx_word' id='word_1_517' title='bbox 1685 545 1791 589; x_wconf 84' lang='lat' dir='ltr'>Ipsam</span> <span class='ocrx_word' id='word_1_518' title='bbox 1822 538 2022 591; x_wconf 81' lang='lat' dir='ltr'>in&#39;coeperunt</span> <span class='ocrx_word' id='word_1_519' title='bbox 2050 549 2095 583; x_wconf 91' lang='lat' dir='ltr'>de</span> 
     </span>
     <span class='ocr_line' id='line_1_75' title="bbox 1212 589 2094 642; baseline 0.012 -19"><span class='ocrx_word' id='word_1_520' title='bbox 1212 589 1398 634; x_wconf 80' lang='lat' dir='ltr'>Thyestaeis</span> <span class='ocrx_word' id='word_1_521' title='bbox 1408 592 1566 627; x_wconf 84' lang='lat' dir='ltr'>infamare</span> <span class='ocrx_word' id='word_1_522' title='bbox 1575 594 1699 638; x_wconf 88' lang='lat' dir='ltr'>epulis:</span> <span class='ocrx_word' id='word_1_523' title='bbox 1728 597 1772 630; x_wconf 85' lang='lat' dir='ltr'>Et</span> <span class='ocrx_word' id='word_1_524' title='bbox 1782 596 1895 631; x_wconf 91' lang='lat' dir='ltr'>multis</span> <span class='ocrx_word' id='word_1_525' title='bbox 1914 599 2094 642; x_wconf 85' lang='lat' dir='ltr'>gentilibus</span> 
     </span>
     <span class='ocr_line' id='line_1_76' title="bbox 1210 641 2091 691; baseline 0.011 -17"><span class='ocrx_word' id='word_1_526' title='bbox 1210 641 1432 683; x_wconf 86' lang='lat' dir='ltr'>persuaserunt</span> <span class='ocrx_word' id='word_1_527' title='bbox 1452 667 1459 675; x_wconf 93' lang='lat'><em>.</em></span> <span class='ocrx_word' id='word_1_528' title='bbox 1494 643 1586 686; x_wconf 88' lang='lat' dir='ltr'>Ipsos</span> <span class='ocrx_word' id='word_1_529' title='bbox 1607 645 1671 679; x_wconf 80' lang='lat' dir='ltr'>esse</span> <span class='ocrx_word' id='word_1_530' title='bbox 1692 645 1814 689; x_wconf 83' lang='lat' dir='ltr'>primos</span> <span class='ocrx_word' id='word_1_531' title='bbox 1835 646 2028 691; x_wconf 72' lang='lat' dir='ltr'>blasphemas</span> <span class='ocrx_word' id='word_1_532' title='bbox 2052 662 2091 685; x_wconf 87' lang='lat' dir='ltr'>ac</span> 
     </span>
     <span class='ocr_line' id='line_1_77' title="bbox 1210 691 2091 735; baseline 0.012 -11"><span class='ocrx_word' id='word_1_533' title='bbox 1210 691 1398 726; x_wconf 65' lang='lat' dir='ltr'>facinorosas</span> <span class='ocrx_word' id='word_1_534' title='bbox 1415 693 1586 729; x_wconf 67' lang='lat' dir='ltr'>calumniae</span> <span class='ocrx_word' id='word_1_535' title='bbox 1604 697 1751 732; x_wconf 63' lang='lat' dir='ltr'>auctores</span> <span class='ocrx_word' id='word_1_536' title='bbox 1771 696 1888 732; x_wconf 76' lang='lat' dir='ltr'>diserte</span> <span class='ocrx_word' id='word_1_537' title='bbox 1905 699 2042 734; x_wconf 82' lang='lat' dir='ltr'>affirmat</span> <span class='ocrx_word' id='word_1_538' title='bbox 2053 700 2091 735; x_wconf 82' lang='lat' dir='ltr'>in</span> 
     </span>
     <span class='ocr_line' id='line_1_78' title="bbox 1210 742 2243 794; baseline 0.007 -19"><span class='ocrx_word' id='word_1_539' title='bbox 1210 742 1300 776; x_wconf 85' lang='lat' dir='ltr'>sexto</span> <span class='ocrx_word' id='word_1_540' title='bbox 1322 751 1436 776; x_wconf 87' lang='lat' dir='ltr'>contra</span> <span class='ocrx_word' id='word_1_541' title='bbox 1460 743 1597 778; x_wconf 89' lang='lat' dir='ltr'>Celsum</span> <span class='ocrx_word' id='word_1_542' title='bbox 1617 744 1703 781; x_wconf 88' lang='lat' dir='ltr'>libro</span> <span class='ocrx_word' id='word_1_543' title='bbox 1722 747 1888 793; x_wconf 86' lang='lat' dir='ltr'>Origenes</span> <span class='ocrx_word' id='word_1_544' title='bbox 1909 760 1918 781; x_wconf 74' lang='grc' dir='ltr'><strong><em>ε</em></strong></span> <span class='ocrx_word' id='word_1_545' title='bbox 1940 750 2055 794; x_wconf 75' lang='lat' dir='ltr'>Judaei</span> <span class='ocrx_word' id='word_1_546' title='bbox 2078 773 2091 791; x_wconf 84' lang='lat'><strong>,</strong></span> <span class='ocrx_word' id='word_1_547' title='bbox 2110 754 2243 792; x_wconf 75' lang='lat' dir='ltr'>Pol-293.</span> 
     </span>
     <span class='ocr_line' id='line_1_79' title="bbox 1207 791 2089 841; baseline 0.008 -17"><span class='ocrx_word' id='word_1_548' title='bbox 1207 791 1389 832; x_wconf 79' lang='lat' dir='ltr'>cbristtanae</span> <span class='ocrx_word' id='word_1_549' title='bbox 1410 793 1554 828; x_wconf 64' lang='lat' dir='ltr'>doertnae</span> <span class='ocrx_word' id='word_1_550' title='bbox 1573 797 1713 837; x_wconf 74' lang='lat' dir='ltr'>exordio,</span> <span class='ocrx_word' id='word_1_551' title='bbox 1732 795 1908 841; x_wconf 79' lang='lat' dir='ltr'>sparserunt</span> <span class='ocrx_word' id='word_1_552' title='bbox 1930 809 2059 833; x_wconf 72' lang='lat' dir='ltr'>rmmres</span> <span class='ocrx_word' id='word_1_553' title='bbox 2076 822 2089 839; x_wconf 86' lang='lat'><strong>,</strong></span> 
     </span>
     <span class='ocr_line' id='line_1_80' title="bbox 1207 843 2090 890; baseline 0.009 -15"><span class='ocrx_word' id='word_1_554' title='bbox 1207 845 1288 884; x_wconf 70' lang='lat' dir='ltr'>quad</span> <span class='ocrx_word' id='word_1_555' title='bbox 1296 844 1363 884; x_wconf 85' lang='lat' dir='ltr'>ejus</span> <span class='ocrx_word' id='word_1_556' title='bbox 1382 843 1475 878; x_wconf 63' lang='lat' dir='ltr'>Seelae</span> <span class='ocrx_word' id='word_1_557' title='bbox 1486 843 1618 879; x_wconf 71' lang='lat' dir='ltr'>homines</span> <span class='ocrx_word' id='word_1_558' title='bbox 1628 845 1848 890; x_wconf 61' lang='lat' dir='ltr'>madatipum</span> <span class='ocrx_word' id='word_1_559' title='bbox 1863 847 2006 883; x_wconf 76' lang='lat' dir='ltr'>carnibus</span> <span class='ocrx_word' id='word_1_560' title='bbox 2028 860 2090 883; x_wconf 51' lang='lat' dir='ltr'>ve*</span> 
     </span>
     <span class='ocr_line' id='line_1_81' title="bbox 1201 891 2091 935; baseline 0.008 -9"><span class='ocrx_word' id='word_1_561' title='bbox 1201 891 1372 935; x_wconf 65' lang='lat' dir='ltr'>frerentur.</span> <span class='ocrx_word' id='word_1_562' title='bbox 1402 893 1455 927; x_wconf 85' lang='lat' dir='ltr'>Ex</span> <span class='ocrx_word' id='word_1_563' title='bbox 1476 893 1595 929; x_wconf 86' lang='lat' dir='ltr'>eodem</span> <span class='ocrx_word' id='word_1_564' title='bbox 1612 896 1695 931; x_wconf 91' lang='lat' dir='ltr'>odio</span> <span class='ocrx_word' id='word_1_565' title='bbox 1715 899 1897 933; x_wconf 88' lang='lat' dir='ltr'>etiamnum</span> <span class='ocrx_word' id='word_1_566' title='bbox 1923 897 2024 933; x_wconf 74' lang='lat' dir='ltr'>hodie</span> <span class='ocrx_word' id='word_1_567' title='bbox 2045 900 2091 933; x_wconf 90' lang='lat' dir='ltr'>sa-</span> 
     </span>
     <span class='ocr_line' id='line_1_82' title="bbox 1205 943 2089 995; baseline 0.009 -18"><span class='ocrx_word' id='word_1_568' title='bbox 1205 944 1402 995; x_wconf 65' lang='lat' dir='ltr'>crosanaam</span> <span class='ocrx_word' id='word_1_569' title='bbox 1424 943 1664 982; x_wconf 84' lang='lat' dir='ltr'>Eucharistiam</span> <span class='ocrx_word' id='word_1_570' title='bbox 1685 947 1809 992; x_wconf 89' lang='lat' dir='ltr'>ubique</span> <span class='ocrx_word' id='word_1_571' title='bbox 1828 960 1987 984; x_wconf 86' lang='lat' dir='ltr'>venantur</span> <span class='ocrx_word' id='word_1_572' title='bbox 2008 974 2019 991; x_wconf 88' lang='lat'><strong>,</strong></span> <span class='ocrx_word' id='word_1_573' title='bbox 2054 949 2089 984; x_wconf 88' lang='lat'>&amp;</span> 
     </span>
     <span class='ocr_line' id='line_1_83' title="bbox 1203 993 2090 1043; baseline 0.008 -16"><span class='ocrx_word' id='word_1_574' title='bbox 1203 993 1473 1037; x_wconf 84' lang='lat' dir='ltr'>comprehensam</span> <span class='ocrx_word' id='word_1_575' title='bbox 1486 996 1636 1030; x_wconf 90' lang='lat' dir='ltr'>afficiunt</span> <span class='ocrx_word' id='word_1_576' title='bbox 1648 996 1716 1032; x_wconf 85' lang='lat' dir='ltr'>istis</span> <span class='ocrx_word' id='word_1_577' title='bbox 1727 998 1802 1041; x_wconf 82' lang='lat' dir='ltr'>ipsis</span> <span class='ocrx_word' id='word_1_578' title='bbox 1812 1001 1986 1034; x_wconf 86' lang='lat' dir='ltr'>tormentis</span> <span class='ocrx_word' id='word_1_579' title='bbox 1998 1023 2009 1040; x_wconf 90' lang='lat'>‚</span> <span class='ocrx_word' id='word_1_580' title='bbox 2019 1000 2090 1043; x_wconf 87' lang='lat' dir='ltr'>qui-</span> 
     </span>
     <span class='ocr_line' id='line_1_84' title="bbox 1205 1043 2087 1090; baseline 0.008 -12"><span class='ocrx_word' id='word_1_581' title='bbox 1205 1043 1263 1078; x_wconf 90' lang='lat' dir='ltr'>bus</span> <span class='ocrx_word' id='word_1_582' title='bbox 1271 1054 1386 1079; x_wconf 86' lang='lat' dir='ltr'>eorum</span> <span class='ocrx_word' id='word_1_583' title='bbox 1406 1043 1561 1080; x_wconf 86' lang='lat' dir='ltr'>Parentes</span> <span class='ocrx_word' id='word_1_584' title='bbox 1573 1046 1700 1090; x_wconf 70' lang='lat' dir='ltr'>visibile</span> <span class='ocrx_word' id='word_1_585' title='bbox 1719 1048 1844 1084; x_wconf 84' lang='lat' dir='ltr'>Christi</span> <span class='ocrx_word' id='word_1_586' title='bbox 1857 1050 1999 1085; x_wconf 88' lang='lat' dir='ltr'>Domini</span> <span class='ocrx_word' id='word_1_587' title='bbox 2018 1061 2087 1085; x_wconf 84' lang='lat' dir='ltr'>cor-</span> 
     </span>
     <span class='ocr_line' id='line_1_85' title="bbox 1204 1093 1811 1138; baseline 0.003 -9"><span class='ocrx_word' id='word_1_588' title='bbox 1204 1105 1262 1138; x_wconf 82' lang='lat' dir='ltr'>pus</span> <span class='ocrx_word' id='word_1_589' title='bbox 1275 1093 1514 1129; x_wconf 87' lang='lat' dir='ltr'>inhonorarunt</span> <span class='ocrx_word' id='word_1_590' title='bbox 1540 1107 1579 1130; x_wconf 92' lang='lat' dir='ltr'>ac</span> <span class='ocrx_word' id='word_1_591' title='bbox 1589 1097 1794 1133; x_wconf 85' lang='lat' dir='ltr'>trucidarunt</span> <span class='ocrx_word' id='word_1_592' title='bbox 1803 1123 1811 1131; x_wconf 93' lang='lat'><strong>.</strong></span> 
     </span>
    </p>

    <p class='ocr_par' dir='ltr' id='par_1_12' title="bbox 1190 1143 2086 2089">
     <span class='ocr_line' id='line_1_86' title="bbox 1250 1143 2084 1190; baseline 0.008 -12"><span class='ocrx_word' id='word_1_593' title='bbox 1250 1143 1346 1179; x_wconf 85' lang='lat' dir='ltr'>Istius</span> <span class='ocrx_word' id='word_1_594' title='bbox 1367 1144 1489 1179; x_wconf 87' lang='lat' dir='ltr'>Secreti</span> <span class='ocrx_word' id='word_1_595' title='bbox 1512 1156 1551 1180; x_wconf 92' lang='lat' dir='ltr'>ac</span> <span class='ocrx_word' id='word_1_596' title='bbox 1572 1149 1759 1183; x_wconf 78' lang='lat' dir='ltr'>reverentiae</span> <span class='ocrx_word' id='word_1_597' title='bbox 1778 1149 1832 1183; x_wconf 84' lang='lat' dir='ltr'>lex</span> <span class='ocrx_word' id='word_1_598' title='bbox 1851 1148 1989 1185; x_wconf 83' lang='lat' dir='ltr'>debetur</span> <span class='ocrx_word' id='word_1_599' title='bbox 2007 1173 2018 1190; x_wconf 91' lang='lat'><em>‚</em></span> <span class='ocrx_word' id='word_1_600' title='bbox 2044 1161 2084 1184; x_wconf 83' lang='lat' dir='ltr'>ac</span> 
     </span>
     <span class='ocr_line' id='line_1_87' title="bbox 1203 1194 2083 1244; baseline 0.01 -17"><span class='ocrx_word' id='word_1_601' title='bbox 1203 1195 1324 1238; x_wconf 83' lang='lat' dir='ltr'>semper</span> <span class='ocrx_word' id='word_1_602' title='bbox 1349 1195 1495 1244; x_wconf 82' lang='lat' dir='ltr'>impensa</span> <span class='ocrx_word' id='word_1_603' title='bbox 1511 1194 1575 1229; x_wconf 84' lang='lat' dir='ltr'>fuit</span> <span class='ocrx_word' id='word_1_604' title='bbox 1593 1197 1752 1232; x_wconf 86' lang='lat' dir='ltr'>omnibus</span> <span class='ocrx_word' id='word_1_605' title='bbox 1774 1199 1853 1232; x_wconf 86' lang='lat' dir='ltr'>novi</span> <span class='ocrx_word' id='word_1_606' title='bbox 1875 1199 2083 1238; x_wconf 73' lang='lat' dir='ltr'>Testamenti</span> 
     </span>
     <span class='ocr_line' id='line_1_88' title="bbox 1199 1243 2086 1291; baseline 0.01 -14"><span class='ocrx_word' id='word_1_607' title='bbox 1199 1244 1435 1278; x_wconf 78' lang='lat' dir='ltr'>sacramentis.</span> <span class='ocrx_word' id='word_1_608' title='bbox 1464 1243 1534 1279; x_wconf 85' lang='lat' dir='ltr'>Uti</span> <span class='ocrx_word' id='word_1_609' title='bbox 1555 1246 1717 1281; x_wconf 83' lang='lat' dir='ltr'>extraneis</span> <span class='ocrx_word' id='word_1_610' title='bbox 1736 1249 1931 1291; x_wconf 86' lang='lat' dir='ltr'>nequierunt</span> <span class='ocrx_word' id='word_1_611' title='bbox 1949 1250 2006 1284; x_wconf 85' lang='lat' dir='ltr'>illa</span> <span class='ocrx_word' id='word_1_612' title='bbox 2025 1250 2086 1287; x_wconf 85' lang='lat' dir='ltr'>de-</span> 
     </span>
     <span class='ocr_line' id='line_1_89' title="bbox 1201 1292 2086 1344; baseline 0.01 -17"><span class='ocrx_word' id='word_1_613' title='bbox 1201 1293 1390 1335; x_wconf 83' lang='lat' dir='ltr'>monstrari,</span> <span class='ocrx_word' id='word_1_614' title='bbox 1418 1292 1464 1328; x_wconf 86' lang='lat' dir='ltr'>ita</span> <span class='ocrx_word' id='word_1_615' title='bbox 1478 1304 1540 1328; x_wconf 86' lang='lat' dir='ltr'>nec</span> <span class='ocrx_word' id='word_1_616' title='bbox 1550 1296 1733 1330; x_wconf 85' lang='lat' dir='ltr'>enuntiari.</span> <span class='ocrx_word' id='word_1_617' title='bbox 1759 1297 1948 1342; x_wconf 88' lang='lat' dir='ltr'>Nequidem</span> <span class='ocrx_word' id='word_1_618' title='bbox 1960 1299 2086 1344; x_wconf 86' lang='lat' dir='ltr'>Baptis-</span> 
     </span>
     <span class='ocr_line' id='line_1_90' title="bbox 1200 1343 2084 1393; baseline 0.01 -16"><span class='ocrx_word' id='word_1_619' title='bbox 1200 1354 1291 1377; x_wconf 86' lang='lat' dir='ltr'>mus.</span> <span class='ocrx_word' id='word_1_620' title='bbox 1318 1343 1414 1377; x_wconf 86' lang='lat' dir='ltr'>Hinc</span> <span class='ocrx_word' id='word_1_621' title='bbox 1433 1343 1586 1378; x_wconf 71' lang='lat' dir='ltr'>Sanctum</span> <span class='ocrx_word' id='word_1_622' title='bbox 1599 1345 1844 1390; x_wconf 83' lang='lat' dir='ltr'>Augustinum,</span> <span class='ocrx_word' id='word_1_623' title='bbox 1872 1348 1962 1393; x_wconf 75' lang='lat' dir='ltr'>quod</span> <span class='ocrx_word' id='word_1_624' title='bbox 1983 1350 2084 1386; x_wconf 88' lang='lat' dir='ltr'>libros</span> 
     </span>
     <span class='ocr_line' id='line_1_91' title="bbox 1198 1392 2086 1439; baseline 0.01 -12"><span class='ocrx_word' id='word_1_625' title='bbox 1198 1392 1239 1428; x_wconf 91' lang='lat' dir='ltr'>de</span> <span class='ocrx_word' id='word_1_626' title='bbox 1251 1393 1422 1437; x_wconf 86' lang='lat' dir='ltr'>Baptismo</span> <span class='ocrx_word' id='word_1_627' title='bbox 1432 1394 1619 1437; x_wconf 78' lang='lat' dir='ltr'>scripfiffet‚</span> <span class='ocrx_word' id='word_1_628' title='bbox 1645 1397 1800 1439; x_wconf 82' lang='lat' dir='ltr'>atqueita</span> <span class='ocrx_word' id='word_1_629' title='bbox 1812 1399 1969 1435; x_wconf 84' lang='lat' dir='ltr'>secretum</span> <span class='ocrx_word' id='word_1_630' title='bbox 1988 1399 2086 1435; x_wconf 79' lang='lat' dir='ltr'>Chri-</span> 
     </span>
     <span class='ocr_line' id='line_1_92' title="bbox 1199 1442 2084 1493; baseline 0.009 -14"><span class='ocrx_word' id='word_1_631' title='bbox 1199 1442 1373 1479; x_wconf 84' lang='lat' dir='ltr'>stianitatis</span> <span class='ocrx_word' id='word_1_632' title='bbox 1384 1443 1578 1488; x_wconf 86' lang='lat' dir='ltr'>mysterium</span> <span class='ocrx_word' id='word_1_633' title='bbox 1590 1447 1786 1481; x_wconf 76' lang='lat' dir='ltr'>enuntiasset</span> <span class='ocrx_word' id='word_1_634' title='bbox 1795 1471 1808 1489; x_wconf 89' lang='lat'><em>‚</em></span> <span class='ocrx_word' id='word_1_635' title='bbox 1832 1449 1981 1493; x_wconf 86' lang='lat' dir='ltr'>culpavit</span> <span class='ocrx_word' id='word_1_636' title='bbox 1993 1450 2084 1486; x_wconf 90' lang='lat' dir='ltr'>Con·</span> 
     </span>
     <span class='ocr_line' id='line_1_93' title="bbox 1200 1493 2082 1542; baseline 0.01 -15"><span class='ocrx_word' id='word_1_637' title='bbox 1200 1494 1405 1529; x_wconf 83' lang='lat' dir='ltr'>stantinensis</span> <span class='ocrx_word' id='word_1_638' title='bbox 1417 1493 1665 1534; x_wconf 83' lang='lat' dir='ltr'>Donatistarum</span> <span class='ocrx_word' id='word_1_639' title='bbox 1679 1497 1859 1542; x_wconf 87' lang='lat' dir='ltr'>Episcopus</span> <span class='ocrx_word' id='word_1_640' title='bbox 1879 1499 2058 1536; x_wconf 74' lang='lat' dir='ltr'>petilianus</span> <span class='ocrx_word' id='word_1_641' title='bbox 2069 1515 2082 1536; x_wconf 87' lang='lat'>.-</span> 
     </span>
     <span class='ocr_line' id='line_1_94' title="bbox 1199 1545 2083 1590; baseline 0.008 -12"><span class='ocrx_word' id='word_1_642' title='bbox 1199 1545 1468 1590; x_wconf 73' lang='lat' dir='ltr'>,Quodventilaffet</span> <span class='ocrx_word' id='word_1_643' title='bbox 1477 1549 1510 1576; x_wconf 80' lang='lat' dir='ltr'>in</span> <span class='ocrx_word' id='word_1_644' title='bbox 1522 1545 1712 1587; x_wconf 70' lang='lat' dir='ltr'>publicarem</span> <span class='ocrx_word' id='word_1_645' title='bbox 1723 1550 1888 1582; x_wconf 63' lang='lat' dir='ltr'>secrimtm.&gt;</span> <span class='ocrx_word' id='word_1_646' title='bbox 1916 1551 1959 1585; x_wconf 81' lang='lat' dir='ltr'>Et</span> <span class='ocrx_word' id='word_1_647' title='bbox 1982 1551 2017 1584; x_wconf 87' lang='lat' dir='ltr'>in</span> <span class='ocrx_word' id='word_1_648' title='bbox 2042 1552 2083 1585; x_wconf 87' lang='lat' dir='ltr'>li-</span> 
     </span>
     <span class='ocr_line' id='line_1_95' title="bbox 1199 1593 2082 1644; baseline 0.007 -14"><span class='ocrx_word' id='word_1_649' title='bbox 1199 1596 1257 1630; x_wconf 84' lang='lat' dir='ltr'>bro</span> <span class='ocrx_word' id='word_1_650' title='bbox 1268 1593 1310 1630; x_wconf 89' lang='lat' dir='ltr'>de</span> <span class='ocrx_word' id='word_1_651' title='bbox 1322 1595 1424 1629; x_wconf 90' lang='lat' dir='ltr'>unico</span> <span class='ocrx_word' id='word_1_652' title='bbox 1435 1594 1604 1637; x_wconf 86' lang='lat' dir='ltr'>Baptismo</span> <span class='ocrx_word' id='word_1_653' title='bbox 1615 1597 1749 1631; x_wconf 64' lang='lat' dir='ltr'>Sanaus</span> <span class='ocrx_word' id='word_1_654' title='bbox 1761 1599 1981 1644; x_wconf 79' lang='lat' dir='ltr'>Augustinus,</span> <span class='ocrx_word' id='word_1_655' title='bbox 1989 1600 2082 1636; x_wconf 86' lang='lat' dir='ltr'>aliud</span> 
     </span>
     <span class='ocr_line' id='line_1_96' title="bbox 1192 1643 2081 1694; baseline 0.009 -16"><span class='ocrx_word' id='word_1_656' title='bbox 1192 1645 1389 1689; x_wconf 67' lang='lat' dir='ltr'>‘respondere</span> <span class='ocrx_word' id='word_1_657' title='bbox 1399 1656 1468 1678; x_wconf 91' lang='lat' dir='ltr'>non</span> <span class='ocrx_word' id='word_1_658' title='bbox 1479 1643 1573 1679; x_wconf 80' lang='lat' dir='ltr'>scivit</span> <span class='ocrx_word' id='word_1_659' title='bbox 1584 1669 1596 1686; x_wconf 91' lang='lat'>,</span> <span class='ocrx_word' id='word_1_660' title='bbox 1622 1647 1720 1690; x_wconf 72' lang='lat' dir='ltr'>quam</span> <span class='ocrx_word' id='word_1_661' title='bbox 1731 1648 1878 1683; x_wconf 85' lang='lat' dir='ltr'>nostrum</span> <span class='ocrx_word' id='word_1_662' title='bbox 1893 1650 2081 1694; x_wconf 71' lang='lat' dir='ltr'>Baptifina,</span> 
     </span>
     <span class='ocr_line' id='line_1_97' title="bbox 1197 1695 2083 1741; baseline 0.008 -12"><span class='ocrx_word' id='word_1_663' title='bbox 1197 1696 1274 1731; x_wconf 77' lang='lat' dir='ltr'>licet</span> <span class='ocrx_word' id='word_1_664' title='bbox 1283 1696 1393 1730; x_wconf 74' lang='lat' dir='ltr'>coram</span> <span class='ocrx_word' id='word_1_665' title='bbox 1404 1695 1550 1739; x_wconf 83' lang='lat' dir='ltr'>profanis</span> <span class='ocrx_word' id='word_1_666' title='bbox 1566 1695 1636 1730; x_wconf 81' lang='lat' dir='ltr'>dari</span> <span class='ocrx_word' id='word_1_667' title='bbox 1660 1707 1728 1731; x_wconf 89' lang='lat' dir='ltr'>non</span> <span class='ocrx_word' id='word_1_668' title='bbox 1739 1697 1857 1741; x_wconf 84' lang='lat' dir='ltr'>possit,</span> <span class='ocrx_word' id='word_1_669' title='bbox 1882 1698 1901 1732; x_wconf 74' lang='grc' dir='ltr'>ὲ</span> <span class='ocrx_word' id='word_1_670' title='bbox 1920 1699 2015 1735; x_wconf 89' lang='lat' dir='ltr'>nullo</span> <span class='ocrx_word' id='word_1_671' title='bbox 2034 1709 2083 1736; x_wconf 81' lang='lat' dir='ltr'>ta-</span> 
     </span>
     <span class='ocr_line' id='line_1_98' title="bbox 1196 1745 2082 1793; baseline 0.006 -12"><span class='ocrx_word' id='word_1_672' title='bbox 1196 1757 1271 1781; x_wconf 87' lang='lat' dir='ltr'>men</span> <span class='ocrx_word' id='word_1_673' title='bbox 1294 1747 1434 1790; x_wconf 86' lang='lat' dir='ltr'>profano</span> <span class='ocrx_word' id='word_1_674' title='bbox 1452 1745 1518 1788; x_wconf 86' lang='lat' dir='ltr'>jam</span> <span class='ocrx_word' id='word_1_675' title='bbox 1540 1745 1711 1790; x_wconf 76' lang='lat' dir='ltr'>ignorari,</span> <span class='ocrx_word' id='word_1_676' title='bbox 1736 1747 1879 1793; x_wconf 88' lang='lat' dir='ltr'>ideoque</span> <span class='ocrx_word' id='word_1_677' title='bbox 1895 1749 1926 1784; x_wconf 92' lang='lat' dir='ltr'>se</span> <span class='ocrx_word' id='word_1_678' title='bbox 1938 1761 2006 1785; x_wconf 90' lang='lat' dir='ltr'>non</span> <span class='ocrx_word' id='word_1_679' title='bbox 2017 1752 2082 1786; x_wconf 78' lang='lat' dir='ltr'>esse</span> 
     </span>
     <span class='ocr_line' id='line_1_99' title="bbox 1195 1795 2081 1843; baseline 0.006 -13"><span class='ocrx_word' id='word_1_680' title='bbox 1195 1807 1285 1830; x_wconf 90' lang='lat' dir='ltr'>reum</span> <span class='ocrx_word' id='word_1_681' title='bbox 1297 1795 1460 1831; x_wconf 83' lang='lat' dir='ltr'>enuntiati</span> <span class='ocrx_word' id='word_1_682' title='bbox 1481 1795 1645 1838; x_wconf 86' lang='lat' dir='ltr'>mysterii.</span> <span class='ocrx_word' id='word_1_683' title='bbox 1673 1796 1718 1832; x_wconf 87' lang='lat' dir='ltr'>Et</span> <span class='ocrx_word' id='word_1_684' title='bbox 1738 1798 1825 1832; x_wconf 75' lang='lat' dir='ltr'>&#39;certe</span> <span class='ocrx_word' id='word_1_685' title='bbox 1835 1799 1935 1834; x_wconf 86' lang='lat' dir='ltr'>etiam</span> <span class='ocrx_word' id='word_1_686' title='bbox 1955 1800 2014 1834; x_wconf 92' lang='lat' dir='ltr'>sub</span> <span class='ocrx_word' id='word_1_687' title='bbox 2025 1812 2081 1843; x_wconf 84' lang='lat' dir='ltr'>pa—</span> 
     </span>
     <span class='ocr_line' id='line_1_100' title="bbox 1193 1843 2078 1890; baseline 0.007 -11"><span class='ocrx_word' id='word_1_688' title='bbox 1193 1847 1289 1890; x_wconf 82' lang='lat' dir='ltr'>ganis</span> <span class='ocrx_word' id='word_1_689' title='bbox 1309 1843 1560 1888; x_wconf 86' lang='lat' dir='ltr'>Imperatoribus</span> <span class='ocrx_word' id='word_1_690' title='bbox 1583 1846 1746 1887; x_wconf 84' lang='lat' dir='ltr'>Baptisma</span> <span class='ocrx_word' id='word_1_691' title='bbox 1767 1859 1836 1882; x_wconf 86' lang='lat' dir='ltr'>erat</span> <span class='ocrx_word' id='word_1_692' title='bbox 1845 1850 1970 1883; x_wconf 66' lang='lat' dir='ltr'>cunctis</span> <span class='ocrx_word' id='word_1_693' title='bbox 1993 1850 2078 1886; x_wconf 76' lang='lat' dir='ltr'>aded</span> 
     </span>
     <span class='ocr_line' id='line_1_101' title="bbox 1195 1892 2076 1938; baseline 0.007 -8"><span class='ocrx_word' id='word_1_694' title='bbox 1195 1906 1331 1936; x_wconf 82' lang='lat' dir='ltr'>notum,</span> <span class='ocrx_word' id='word_1_695' title='bbox 1358 1904 1395 1927; x_wconf 86' lang='lat' dir='ltr'>ut</span> <span class='ocrx_word' id='word_1_696' title='bbox 1415 1893 1557 1938; x_wconf 85' lang='lat' dir='ltr'>gentiles</span> <span class='ocrx_word' id='word_1_697' title='bbox 1577 1892 1679 1928; x_wconf 89' lang='lat' dir='ltr'>Mimi</span> <span class='ocrx_word' id='word_1_698' title='bbox 1705 1896 1810 1938; x_wconf 82' lang='lat' dir='ltr'>ipsum</span> <span class='ocrx_word' id='word_1_699' title='bbox 1824 1899 1858 1931; x_wconf 87' lang='lat' dir='ltr'>in</span> <span class='ocrx_word' id='word_1_700' title='bbox 1880 1898 2013 1934; x_wconf 87' lang='lat' dir='ltr'>theatris</span> <span class='ocrx_word' id='word_1_701' title='bbox 2033 1901 2076 1936; x_wconf 88' lang='lat' dir='ltr'>ad</span> 
     </span>
     <span class='ocr_line' id='line_1_102' title="bbox 1194 1944 2077 1993; baseline 0.007 -14"><span class='ocrx_word' id='word_1_702' title='bbox 1194 1946 1308 1989; x_wconf 87' lang='lat' dir='ltr'>populi</span> <span class='ocrx_word' id='word_1_703' title='bbox 1335 1944 1435 1978; x_wconf 86' lang='lat' dir='ltr'>risum</span> <span class='ocrx_word' id='word_1_704' title='bbox 1449 1967 1461 1983; x_wconf 91' lang='lat'>,</span> <span class='ocrx_word' id='word_1_705' title='bbox 1487 1953 1585 1986; x_wconf 85' lang='lat' dir='ltr'>quem</span> <span class='ocrx_word' id='word_1_706' title='bbox 1605 1944 1731 1979; x_wconf 87' lang='lat' dir='ltr'>Divina</span> <span class='ocrx_word' id='word_1_707' title='bbox 1753 1946 1857 1990; x_wconf 86' lang='lat' dir='ltr'>gratia</span> <span class='ocrx_word' id='word_1_708' title='bbox 1875 1950 2077 1993; x_wconf 86' lang='lat' dir='ltr'>quandoque</span> 
     </span>
     <span class='ocr_line' id='line_1_103' title="bbox 1194 1989 2076 2044; baseline 0.009 -17"><span class='ocrx_word' id='word_1_709' title='bbox 1194 1996 1227 2027; x_wconf 91' lang='lat' dir='ltr'>in</span> <span class='ocrx_word' id='word_1_710' title='bbox 1239 1994 1319 2027; x_wconf 89' lang='lat' dir='ltr'>seria</span> <span class='ocrx_word' id='word_1_711' title='bbox 1331 1992 1445 2032; x_wconf 85' lang='lat' dir='ltr'>vertit,</span> <span class='ocrx_word' id='word_1_712' title='bbox 1470 1989 1682 2026; x_wconf 84' lang='lat' dir='ltr'>exhiberent.</span> <span class='ocrx_word' id='word_1_713' title='bbox 1711 1994 1753 2027; x_wconf 86' lang='lat' dir='ltr'>Et</span> <span class='ocrx_word' id='word_1_714' title='bbox 1776 1996 1949 2032; x_wconf 74' lang='lat' dir='ltr'>adversum</span> <span class='ocrx_word' id='word_1_715' title='bbox 1969 2000 2076 2044; x_wconf 80' lang='lat' dir='ltr'>Impe-</span> 
     </span>
     <span class='ocr_line' id='line_1_104' title="bbox 1190 2039 2078 2089; baseline 0.003 -10"><span class='ocrx_word' id='word_1_716' title='bbox 1190 2043 1307 2079; x_wconf 78' lang='lat' dir='ltr'>ratoris</span> <span class='ocrx_word' id='word_1_717' title='bbox 1320 2040 1442 2086; x_wconf 85' lang='lat' dir='ltr'>Juliani</span> <span class='ocrx_word' id='word_1_718' title='bbox 1454 2039 1621 2084; x_wconf 80' lang='lat' dir='ltr'>Apostatae</span> <span class='ocrx_word' id='word_1_719' title='bbox 1631 2041 1821 2077; x_wconf 82' lang='lat' dir='ltr'>calumnias-</span> <span class='ocrx_word' id='word_1_720' title='bbox 1831 2045 1866 2078; x_wconf 88' lang='lat' dir='ltr'>in</span> <span class='ocrx_word' id='word_1_721' title='bbox 1879 2046 2017 2089; x_wconf 85' lang='lat' dir='ltr'>septimo</span> <span class='ocrx_word' id='word_1_722' title='bbox 2040 2050 2078 2082; x_wconf 89' lang='lat' dir='ltr'>li-</span> 
     </span>
    </p>
   </div>
   <div class='ocr_carea' id='block_1_10' title="bbox 1162 2090 2078 2134">
    <p class='ocr_par' dir='ltr' id='par_1_13' title="bbox 1162 2090 2078 2134">
     <span class='ocr_line' id='line_1_105' title="bbox 1162 2090 2078 2134; baseline 0.002 -6"><span class='ocrx_word' id='word_1_723' title='bbox 1162 2094 1163 2097; x_wconf 73' lang='grc'>’</span> <span class='ocrx_word' id='word_1_724' title='bbox 1193 2093 1253 2129; x_wconf 90' lang='lat' dir='ltr'>bro</span> <span class='ocrx_word' id='word_1_725' title='bbox 1277 2093 1410 2128; x_wconf 70' lang='lat' dir='ltr'>Sanetus</span> <span class='ocrx_word' id='word_1_726' title='bbox 1431 2090 1580 2134; x_wconf 88' lang='lat' dir='ltr'>Cyrillus</span> <span class='ocrx_word' id='word_1_727' title='bbox 1613 2090 1803 2128; x_wconf 87' lang='lat' dir='ltr'>Patriarcha</span> <span class='ocrx_word' id='word_1_728' title='bbox 1830 2094 2078 2133; x_wconf 81' lang='lat' dir='ltr'>Alexandrinus</span> 
     </span>
    </p>
   </div>
   <div class='ocr_carea' id='block_1_11' title="bbox 1190 2140 2078 2634">
    <p class='ocr_par' dir='ltr' id='par_1_14' title="bbox 1190 2140 2078 2437">
     <span class='ocr_line' id='line_1_106' title="bbox 1192 2140 2078 2189; baseline 0 -10"><span class='ocrx_word' id='word_1_729' title='bbox 1192 2143 1301 2180; x_wconf 90' lang='lat' dir='ltr'>scribit</span> <span class='ocrx_word' id='word_1_730' title='bbox 1312 2140 1476 2186; x_wconf 84' lang='lat' dir='ltr'>Baptisma</span> <span class='ocrx_word' id='word_1_731' title='bbox 1488 2141 1551 2175; x_wconf 84' lang='lat' dir='ltr'>effe</span> <span class='ocrx_word' id='word_1_732' title='bbox 1562 2141 1726 2176; x_wconf 89' lang='lat' dir='ltr'>Divinum</span> <span class='ocrx_word' id='word_1_733' title='bbox 1753 2154 1792 2178; x_wconf 87' lang='lat' dir='ltr'>ac</span> <span class='ocrx_word' id='word_1_734' title='bbox 1804 2145 1948 2179; x_wconf 58' lang='lat' dir='ltr'>sanetum</span> <span class='ocrx_word' id='word_1_735' title='bbox 1960 2147 2078 2189; x_wconf 86' lang='lat' dir='ltr'>myste-</span> 
     </span>
     <span class='ocr_line' id='line_1_107' title="bbox 1191 2189 2076 2238; baseline 0.005 -10"><span class='ocrx_word' id='word_1_736' title='bbox 1191 2197 1275 2229; x_wconf 88' lang='lat' dir='ltr'>rium</span> <span class='ocrx_word' id='word_1_737' title='bbox 1287 2217 1299 2234; x_wconf 93' lang='lat'><strong>,</strong></span> <span class='ocrx_word' id='word_1_738' title='bbox 1324 2202 1423 2236; x_wconf 87' lang='lat' dir='ltr'>atque</span> <span class='ocrx_word' id='word_1_739' title='bbox 1442 2189 1594 2236; x_wconf 82' lang='lat' dir='ltr'>adjungit</span> <span class='ocrx_word' id='word_1_740' title='bbox 1615 2203 1623 2223; x_wconf 91' lang='lat'>:</span> <span class='ocrx_word' id='word_1_741' title='bbox 1651 2195 1704 2225; x_wconf 83' lang='lat' dir='ltr'>Ne</span> <span class='ocrx_word' id='word_1_742' title='bbox 1722 2196 1790 2237; x_wconf 63' lang='lat' dir='ltr'>erga</span> <span class='ocrx_word' id='word_1_743' title='bbox 1811 2196 1857 2227; x_wconf 81' lang='lat' dir='ltr'>ad</span> <span class='ocrx_word' id='word_1_744' title='bbox 1877 2196 2076 2238; x_wconf 84' lang='lat' dir='ltr'>profanorum</span> 
     </span>
     <span class='ocr_line' id='line_1_108' title="bbox 1191 2239 2071 2284; baseline -0.002 -6"><span class='ocrx_word' id='word_1_745' title='bbox 1191 2255 1276 2279; x_wconf 81' lang='lat' dir='ltr'>aures</span> <span class='ocrx_word' id='word_1_746' title='bbox 1291 2247 1407 2277; x_wconf 75' lang='lat' dir='ltr'>Arcana</span> <span class='ocrx_word' id='word_1_747' title='bbox 1417 2241 1555 2283; x_wconf 84' lang='lat' dir='ltr'>deferens</span> <span class='ocrx_word' id='word_1_748' title='bbox 1567 2239 1715 2281; x_wconf 84' lang='lat' dir='ltr'>offendam</span> <span class='ocrx_word' id='word_1_749' title='bbox 1738 2242 1888 2284; x_wconf 63' lang='lat' dir='ltr'>christum</span> <span class='ocrx_word' id='word_1_750' title='bbox 1911 2247 2071 2282; x_wconf 63' lang='lat' dir='ltr'>dit-enum.</span> 
     </span>
     <span class='ocr_line' id='line_1_109' title="bbox 1191 2292 2077 2338; baseline -0.007 -8"><span class='ocrx_word' id='word_1_751' title='bbox 1191 2297 1245 2330; x_wconf 90' lang='lat' dir='ltr'>Ne</span> <span class='ocrx_word' id='word_1_752' title='bbox 1263 2294 1347 2328; x_wconf 88' lang='lat' dir='ltr'>detis</span> <span class='ocrx_word' id='word_1_753' title='bbox 1369 2293 1482 2327; x_wconf 65' lang='lat' dir='ltr'>Sansta</span> <span class='ocrx_word' id='word_1_754' title='bbox 1495 2292 1654 2333; x_wconf 89' lang='lat' dir='ltr'>canibus,</span> <span class='ocrx_word' id='word_1_755' title='bbox 1679 2304 1783 2337; x_wconf 89' lang='lat' dir='ltr'>neque</span> <span class='ocrx_word' id='word_1_756' title='bbox 1796 2296 1974 2338; x_wconf 83' lang='lat' dir='ltr'>projiciatis</span> <span class='ocrx_word' id='word_1_757' title='bbox 1994 2309 2077 2333; x_wconf 87' lang='lat' dir='ltr'>mar.</span> 
     </span>
     <span class='ocr_line' id='line_1_110' title="bbox 1191 2342 2078 2392; baseline -0.003 -12"><span class='ocrx_word' id='word_1_758' title='bbox 1191 2345 1311 2391; x_wconf 86' lang='lat' dir='ltr'>garitas</span> <span class='ocrx_word' id='word_1_759' title='bbox 1322 2342 1438 2378; x_wconf 87' lang='lat' dir='ltr'>vestras</span> <span class='ocrx_word' id='word_1_760' title='bbox 1448 2352 1524 2376; x_wconf 87' lang='lat' dir='ltr'>aute</span> <span class='ocrx_word' id='word_1_761' title='bbox 1537 2353 1652 2385; x_wconf 90' lang='lat' dir='ltr'>porcos</span> <span class='ocrx_word' id='word_1_762' title='bbox 1661 2367 1672 2383; x_wconf 91' lang='lat'>‚</span> <span class='ocrx_word' id='word_1_763' title='bbox 1701 2344 1866 2387; x_wconf 70' lang='lat' dir='ltr'>relinquam</span> <span class='ocrx_word' id='word_1_764' title='bbox 1877 2357 1912 2379; x_wconf 84' lang='lat' dir='ltr'>ea</span> <span class='ocrx_word' id='word_1_765' title='bbox 1925 2358 1993 2390; x_wconf 79' lang='lat' dir='ltr'>quae</span> <span class='ocrx_word' id='word_1_766' title='bbox 2001 2346 2078 2392; x_wconf 74' lang='lat' dir='ltr'>sunt</span> 
     </span>
     <span class='ocr_line' id='line_1_111' title="bbox 1190 2394 1547 2437; baseline -0.011 -10"><span class='ocrx_word' id='word_1_767' title='bbox 1190 2399 1304 2429; x_wconf 68' lang='lat' dir='ltr'>altiorir</span> <span class='ocrx_word' id='word_1_768' title='bbox 1322 2394 1528 2437; x_wconf 74' lang='lat' dir='ltr'>intelligennae</span> <span class='ocrx_word' id='word_1_769' title='bbox 1539 2415 1547 2423; x_wconf 91' lang='lat'>.</span> 
     </span>
    </p>

    <p class='ocr_par' dir='ltr' id='par_1_15' title="bbox 1190 2439 2077 2634">
     <span class='ocr_line' id='line_1_112' title="bbox 1242 2439 2077 2482; baseline 0.005 -4"><span class='ocrx_word' id='word_1_770' title='bbox 1242 2444 1353 2478; x_wconf 84' lang='lat' dir='ltr'>Etiam</span> <span class='ocrx_word' id='word_1_771' title='bbox 1369 2442 1412 2477; x_wconf 90' lang='lat' dir='ltr'>de</span> <span class='ocrx_word' id='word_1_772' title='bbox 1422 2439 1614 2476; x_wconf 68' lang='lat' dir='ltr'>Christianae</span> <span class='ocrx_word' id='word_1_773' title='bbox 1624 2442 1901 2479; x_wconf 85' lang='lat' dir='ltr'>Confirmationis</span> <span class='ocrx_word' id='word_1_774' title='bbox 1916 2448 2022 2481; x_wconf 86' lang='lat' dir='ltr'>forma</span> <span class='ocrx_word' id='word_1_775' title='bbox 2034 2447 2077 2482; x_wconf 85' lang='lat' dir='ltr'>ad</span> 
     </span>
     <span class='ocr_line' id='line_1_113' title="bbox 1192 2491 2076 2540; baseline -0.001 -10"><span class='ocrx_word' id='word_1_776' title='bbox 1192 2493 1390 2530; x_wconf 87' lang='lat' dir='ltr'>Decentium</span> <span class='ocrx_word' id='word_1_777' title='bbox 1405 2491 1622 2536; x_wconf 88' lang='lat' dir='ltr'>Eugubinum</span> <span class='ocrx_word' id='word_1_778' title='bbox 1646 2492 1864 2538; x_wconf 86' lang='lat' dir='ltr'>Episcopum,</span> <span class='ocrx_word' id='word_1_779' title='bbox 1890 2497 1946 2539; x_wconf 92' lang='lat' dir='ltr'>qui</span> <span class='ocrx_word' id='word_1_780' title='bbox 1972 2496 2076 2540; x_wconf 86' lang='lat' dir='ltr'>ipsam</span> 
     </span>
     <span class='ocr_line' id='line_1_114' title="bbox 1190 2541 2076 2587; baseline 0.001 -8"><span class='ocrx_word' id='word_1_781' title='bbox 1190 2545 1249 2580; x_wconf 87' lang='lat' dir='ltr'>fibi</span> <span class='ocrx_word' id='word_1_782' title='bbox 1270 2541 1443 2579; x_wconf 46' lang='lat' dir='ltr'>transcribi</span> <span class='ocrx_word' id='word_1_783' title='bbox 1463 2542 1696 2585; x_wconf 87' lang='lat' dir='ltr'>supplicaverat</span> <span class='ocrx_word' id='word_1_784' title='bbox 1715 2567 1726 2583; x_wconf 92' lang='lat'>‚</span> <span class='ocrx_word' id='word_1_785' title='bbox 1766 2545 1923 2587; x_wconf 83' lang='lat' dir='ltr'>rescripsit</span> <span class='ocrx_word' id='word_1_786' title='bbox 1943 2546 2076 2582; x_wconf 58' lang='lat' dir='ltr'>Sanctus</span> 
     </span>
     <span class='ocr_line' id='line_1_115' title="bbox 1192 2593 2075 2634; baseline 0 -4"><span class='ocrx_word' id='word_1_787' title='bbox 1192 2594 1349 2630; x_wconf 81' lang='lat' dir='ltr'>Pontifex</span> <span class='ocrx_word' id='word_1_788' title='bbox 1371 2593 1588 2628; x_wconf 85' lang='lat' dir='ltr'>Innocentius</span> <span class='ocrx_word' id='word_1_789' title='bbox 1610 2593 1752 2634; x_wconf 83' lang='lat' dir='ltr'>primus:</span> <span class='ocrx_word' id='word_1_790' title='bbox 1783 2593 1881 2627; x_wconf 81' lang='lat' dir='ltr'>Verba</span> <span class='ocrx_word' id='word_1_791' title='bbox 1900 2596 1994 2630; x_wconf 69' lang='lat' dir='ltr'>dicere</span> <span class='ocrx_word' id='word_1_792' title='bbox 2016 2608 2075 2630; x_wconf 79' lang='lat' dir='ltr'>non</span> 
     </span>
    </p>
   </div>
   <div class='ocr_carea' id='block_1_12' title="bbox 1187 2644 2077 2690">
    <p class='ocr_par' dir='ltr' id='par_1_16' title="bbox 1187 2644 2077 2690">
     <span class='ocr_line' id='line_1_116' title="bbox 1187 2644 2077 2690; baseline 0.003 -12"><span class='ocrx_word' id='word_1_793' title='bbox 1187 2646 1253 2689; x_wconf 75' lang='lat' dir='ltr'>poss</span> <span class='ocrx_word' id='word_1_794' title='bbox 1249 2656 1297 2678; x_wconf 86' lang='lat' dir='ltr'>um</span> <span class='ocrx_word' id='word_1_795' title='bbox 1308 2669 1318 2686; x_wconf 94' lang='lat'>‚</span> <span class='ocrx_word' id='word_1_796' title='bbox 1345 2654 1380 2677; x_wconf 89' lang='lat' dir='ltr'>ne</span> <span class='ocrx_word' id='word_1_797' title='bbox 1391 2645 1484 2687; x_wconf 81' lang='lat' dir='ltr'>magls</span> <span class='ocrx_word' id='word_1_798' title='bbox 1491 2644 1618 2684; x_wconf 81' lang='lat' dir='ltr'>prodere</span> <span class='ocrx_word' id='word_1_799' title='bbox 1629 2645 1737 2676; x_wconf 73' lang='lat' dir='ltr'>videar</span> <span class='ocrx_word' id='word_1_800' title='bbox 1749 2664 1761 2680; x_wconf 90' lang='lat'>‚</span> <span class='ocrx_word' id='word_1_801' title='bbox 1789 2647 1883 2687; x_wconf 57' lang='lat' dir='ltr'>quim</span> <span class='ocrx_word' id='word_1_802' title='bbox 1900 2648 1946 2679; x_wconf 82' lang='lat' dir='ltr'>ad</span> <span class='ocrx_word' id='word_1_803' title='bbox 1965 2646 2077 2690; x_wconf 83' lang='lat' dir='ltr'>consul-</span> 
     </span>
    </p>
   </div>
   <div class='ocr_carea' id='block_1_13' title="bbox 1191 2692 2225 3283">
    <p class='ocr_par' dir='ltr' id='par_1_17' title="bbox 1191 2692 2225 3283">
     <span class='ocr_line' id='line_1_117' title="bbox 1191 2692 2077 2737; baseline 0.003 -8"><span class='ocrx_word' id='word_1_804' title='bbox 1191 2702 1334 2730; x_wconf 76' lang='lat' dir='ltr'>tationem</span> <span class='ocrx_word' id='word_1_805' title='bbox 1345 2692 1537 2737; x_wconf 81' lang='lat' dir='ltr'>respondere.</span> <span class='ocrx_word' id='word_1_806' title='bbox 1562 2692 1696 2727; x_wconf 85' lang='lat' dir='ltr'>Timuit</span> <span class='ocrx_word' id='word_1_807' title='bbox 1709 2705 1750 2727; x_wconf 91' lang='lat' dir='ltr'>ne</span> <span class='ocrx_word' id='word_1_808' title='bbox 1759 2694 1867 2729; x_wconf 91' lang='lat' dir='ltr'>forsan</span> <span class='ocrx_word' id='word_1_809' title='bbox 1887 2696 1999 2731; x_wconf 75' lang='lat' dir='ltr'>litteras</span> <span class='ocrx_word' id='word_1_810' title='bbox 2021 2698 2077 2732; x_wconf 79' lang='lat' dir='ltr'>de-</span> 
     </span>
     <span class='ocr_line' id='line_1_118' title="bbox 1192 2742 2076 2782; baseline 0.002 -3"><span class='ocrx_word' id='word_1_811' title='bbox 1192 2743 1385 2780; x_wconf 88' lang='lat' dir='ltr'>venirentin</span> <span class='ocrx_word' id='word_1_812' title='bbox 1399 2754 1516 2778; x_wconf 87' lang='lat' dir='ltr'>manus</span> <span class='ocrx_word' id='word_1_813' title='bbox 1541 2742 1574 2776; x_wconf 92' lang='lat'>&amp;</span> <span class='ocrx_word' id='word_1_814' title='bbox 1591 2743 1708 2777; x_wconf 89' lang='lat' dir='ltr'>oculos</span> <span class='ocrx_word' id='word_1_815' title='bbox 1730 2754 1979 2780; x_wconf 86' lang='lat' dir='ltr'>extraneorum.</span> <span class='ocrx_word' id='word_1_816' title='bbox 2007 2747 2076 2782; x_wconf 81' lang='lat' dir='ltr'>Ad-</span> 
     </span>
     <span class='ocr_line' id='line_1_119' title="bbox 1191 2793 2076 2840; baseline 0.002 -10"><span class='ocrx_word' id='word_1_817' title='bbox 1191 2796 1300 2840; x_wconf 83' lang='lat' dir='ltr'>jungit</span> <span class='ocrx_word' id='word_1_818' title='bbox 1310 2793 1410 2830; x_wconf 85' lang='lat' dir='ltr'>etiam</span> <span class='ocrx_word' id='word_1_819' title='bbox 1421 2793 1461 2827; x_wconf 91' lang='lat' dir='ltr'>de</span> <span class='ocrx_word' id='word_1_820' title='bbox 1477 2793 1637 2827; x_wconf 72' lang='lat' dir='ltr'>Extremae</span> <span class='ocrx_word' id='word_1_821' title='bbox 1660 2793 1844 2829; x_wconf 71' lang='lat' dir='ltr'>Unfflonis</span> <span class='ocrx_word' id='word_1_822' title='bbox 1867 2796 1992 2832; x_wconf 87' lang='lat' dir='ltr'>forma:</span> <span class='ocrx_word' id='word_1_823' title='bbox 2017 2801 2076 2832; x_wconf 74' lang='lat' dir='ltr'>Re-</span> 
     </span>
     <span class='ocr_line' id='line_1_120' title="bbox 1191 2843 2077 2890; baseline 0.005 -12"><span class='ocrx_word' id='word_1_824' title='bbox 1191 2849 1272 2890; x_wconf 77' lang='lat' dir='ltr'>liqua</span> <span class='ocrx_word' id='word_1_825' title='bbox 1284 2856 1352 2889; x_wconf 81' lang='lat' dir='ltr'>quae</span> <span class='ocrx_word' id='word_1_826' title='bbox 1362 2843 1452 2887; x_wconf 77' lang='lat' dir='ltr'>scribi</span> <span class='ocrx_word' id='word_1_827' title='bbox 1455 2843 1515 2885; x_wconf 89' lang='lat' dir='ltr'>fas</span> <span class='ocrx_word' id='word_1_828' title='bbox 1526 2854 1584 2876; x_wconf 87' lang='lat' dir='ltr'>non</span> <span class='ocrx_word' id='word_1_829' title='bbox 1595 2852 1662 2876; x_wconf 84' lang='lat' dir='ltr'>erat</span> <span class='ocrx_word' id='word_1_830' title='bbox 1673 2868 1684 2883; x_wconf 95' lang='lat'>,</span> <span class='ocrx_word' id='word_1_831' title='bbox 1709 2845 1775 2877; x_wconf 71' lang='lat' dir='ltr'>cam</span> <span class='ocrx_word' id='word_1_832' title='bbox 1792 2845 1929 2887; x_wconf 66' lang='lat' dir='ltr'>adfueris</span> <span class='ocrx_word' id='word_1_833' title='bbox 1939 2872 1951 2889; x_wconf 82' lang='lat'><strong>,</strong></span> <span class='ocrx_word' id='word_1_834' title='bbox 1976 2853 2077 2882; x_wconf 74' lang='lat' dir='ltr'>inter·-</span> 
     </span>
     <span class='ocr_line' id='line_1_121' title="bbox 1192 2893 2078 2941; baseline 0.005 -12"><span class='ocrx_word' id='word_1_835' title='bbox 1192 2902 1286 2941; x_wconf 75' lang='lat' dir='ltr'>rogati</span> <span class='ocrx_word' id='word_1_836' title='bbox 1293 2900 1455 2939; x_wconf 69' lang='lat' dir='ltr'>poterimus</span> <span class='ocrx_word' id='word_1_837' title='bbox 1466 2896 1577 2927; x_wconf 68' lang='lat' dir='ltr'>edicere</span> <span class='ocrx_word' id='word_1_838' title='bbox 1587 2917 1595 2924; x_wconf 83' lang='lat'><strong>.</strong></span> <span class='ocrx_word' id='word_1_839' title='bbox 1624 2893 1700 2928; x_wconf 91' lang='lat' dir='ltr'>Nec</span> <span class='ocrx_word' id='word_1_840' title='bbox 1713 2895 1870 2931; x_wconf 89' lang='lat' dir='ltr'>miremur</span> <span class='ocrx_word' id='word_1_841' title='bbox 1890 2897 1952 2931; x_wconf 84' lang='lat' dir='ltr'>ista</span> <span class='ocrx_word' id='word_1_842' title='bbox 1962 2898 2004 2932; x_wconf 90' lang='lat' dir='ltr'>de</span> <span class='ocrx_word' id='word_1_843' title='bbox 2017 2909 2078 2933; x_wconf 88' lang='lat' dir='ltr'>no·</span> 
     </span>
     <span class='ocr_line' id='line_1_122' title="bbox 1194 2943 2077 2992; baseline 0.002 -12"><span class='ocrx_word' id='word_1_844' title='bbox 1194 2948 1226 2980; x_wconf 86' lang='lat' dir='ltr'>vi</span> <span class='ocrx_word' id='word_1_845' title='bbox 1239 2945 1448 2986; x_wconf 78' lang='lat' dir='ltr'>Testamenti</span> <span class='ocrx_word' id='word_1_846' title='bbox 1460 2943 1691 2977; x_wconf 88' lang='lat' dir='ltr'>Sacramentis.</span> <span class='ocrx_word' id='word_1_847' title='bbox 1720 2945 1853 2981; x_wconf 88' lang='lat' dir='ltr'>Etenim</span> <span class='ocrx_word' id='word_1_848' title='bbox 1863 2947 1962 2982; x_wconf 90' lang='lat' dir='ltr'>etiam</span> <span class='ocrx_word' id='word_1_849' title='bbox 1973 2948 2015 2982; x_wconf 88' lang='lat' dir='ltr'>de</span> <span class='ocrx_word' id='word_1_850' title='bbox 2023 2949 2077 2992; x_wconf 89' lang='lat' dir='ltr'>Ju-</span> 
     </span>
     <span class='ocr_line' id='line_1_123' title="bbox 1192 2993 2088 3039; baseline 0 -8"><span class='ocrx_word' id='word_1_851' title='bbox 1192 2998 1285 3031; x_wconf 89' lang='lat' dir='ltr'>daica</span> <span class='ocrx_word' id='word_1_852' title='bbox 1298 2994 1554 3030; x_wconf 86' lang='lat' dir='ltr'>Circumcifione</span> <span class='ocrx_word' id='word_1_853' title='bbox 1565 2993 1676 3028; x_wconf 88' lang='lat' dir='ltr'>scribit</span> <span class='ocrx_word' id='word_1_854' title='bbox 1687 2994 1721 3028; x_wconf 92' lang='lat' dir='ltr'>in</span> <span class='ocrx_word' id='word_1_855' title='bbox 1733 2996 1853 3038; x_wconf 91' lang='lat' dir='ltr'>quinto</span> <span class='ocrx_word' id='word_1_856' title='bbox 1874 2998 1990 3033; x_wconf 83' lang='lat' dir='ltr'>contra</span> <span class='ocrx_word' id='word_1_857' title='bbox 2002 2997 2088 3039; x_wconf 48' lang='lat' dir='ltr'>Cels</span> 
     </span>
     <span class='ocr_line' id='line_1_124' title="bbox 1193 3043 2225 3100; baseline 0.001 -19"><span class='ocrx_word' id='word_1_858' title='bbox 1193 3049 1262 3081; x_wconf 88' lang='lat' dir='ltr'>sum</span> <span class='ocrx_word' id='word_1_859' title='bbox 1276 3046 1361 3081; x_wconf 88' lang='lat' dir='ltr'>libro</span> <span class='ocrx_word' id='word_1_860' title='bbox 1378 3046 1561 3090; x_wconf 85' lang='lat' dir='ltr'>Origenes:</span> <span class='ocrx_word' id='word_1_861' title='bbox 1588 3045 1697 3077; x_wconf 60' lang='lat' dir='ltr'>Veram</span> <span class='ocrx_word' id='word_1_862' title='bbox 1706 3043 1762 3085; x_wconf 75' lang='lat' dir='ltr'>ista</span> <span class='ocrx_word' id='word_1_863' title='bbox 1773 3046 1947 3088; x_wconf 73' lang='lat' dir='ltr'>curiofitatis</span> <span class='ocrx_word' id='word_1_864' title='bbox 1965 3059 2074 3090; x_wconf 78' lang='lat' dir='ltr'>quam·-</span> <span class='ocrx_word' id='word_1_865' title='bbox 2090 3060 2225 3100; x_wconf 62' lang='lat'>1:01‚253,</span> 
     </span>
     <span class='ocr_line' id='line_1_125' title="bbox 1194 3092 2074 3141; baseline 0.001 -11"><span class='ocrx_word' id='word_1_866' title='bbox 1194 3099 1266 3131; x_wconf 84' lang='lat' dir='ltr'>dam</span> <span class='ocrx_word' id='word_1_867' title='bbox 1280 3096 1407 3141; x_wconf 77' lang='lat' dir='ltr'>speciem</span> <span class='ocrx_word' id='word_1_868' title='bbox 1422 3103 1489 3137; x_wconf 78' lang='lat' dir='ltr'>prae</span> <span class='ocrx_word' id='word_1_869' title='bbox 1508 3092 1542 3136; x_wconf 78' lang='lat' dir='ltr'>se</span> <span class='ocrx_word' id='word_1_870' title='bbox 1547 3093 1685 3135; x_wconf 80' lang='lat' dir='ltr'>ferentia</span> <span class='ocrx_word' id='word_1_871' title='bbox 1697 3119 1709 3136; x_wconf 90' lang='lat'>‚</span> <span class='ocrx_word' id='word_1_872' title='bbox 1735 3106 1789 3129; x_wconf 86' lang='lat' dir='ltr'>nec</span> <span class='ocrx_word' id='word_1_873' title='bbox 1804 3095 1887 3140; x_wconf 72' lang='lat' dir='ltr'>satis</span> <span class='ocrx_word' id='word_1_874' title='bbox 1898 3105 1975 3139; x_wconf 83' lang='lat' dir='ltr'>apta</span> <span class='ocrx_word' id='word_1_875' title='bbox 1992 3098 2074 3140; x_wconf 66' lang='lat' dir='ltr'>vulgi</span> 
     </span>
     <span class='ocr_line' id='line_1_126' title="bbox 1194 3141 2074 3188; baseline -0.009 -7"><span class='ocrx_word' id='word_1_876' title='bbox 1194 3148 1318 3181; x_wconf 73' lang='lat' dir='ltr'>auribus</span> <span class='ocrx_word' id='word_1_877' title='bbox 1328 3172 1339 3188; x_wconf 89' lang='lat'>‚</span> <span class='ocrx_word' id='word_1_878' title='bbox 1364 3145 1505 3179; x_wconf 64' lang='lat' dir='ltr'>haelenas</span> <span class='ocrx_word' id='word_1_879' title='bbox 1511 3143 1578 3186; x_wconf 85' lang='lat' dir='ltr'>sum</span> <span class='ocrx_word' id='word_1_880' title='bbox 1588 3141 1676 3187; x_wconf 75' lang='lat' dir='ltr'>aufics</span> <span class='ocrx_word' id='word_1_881' title='bbox 1682 3147 1809 3187; x_wconf 70' lang='lat' dir='ltr'>prodere</span> <span class='ocrx_word' id='word_1_882' title='bbox 1820 3170 1828 3179; x_wconf 90' lang='lat'><strong>.</strong></span> <span class='ocrx_word' id='word_1_883' title='bbox 1854 3148 1896 3182; x_wconf 67' lang='lat' dir='ltr'>Se</span> <span class='ocrx_word' id='word_1_884' title='bbox 1907 3148 1948 3182; x_wconf 72' lang='lat' dir='ltr'>de</span> <span class='ocrx_word' id='word_1_885' title='bbox 1967 3147 2074 3180; x_wconf 70' lang='lat' dir='ltr'>exces-</span> 
     </span>
     <span class='ocr_line' id='line_1_127' title="bbox 1194 3191 2075 3242; baseline -0.003 -10"><span class='ocrx_word' id='word_1_886' title='bbox 1194 3200 1229 3232; x_wconf 88' lang='lat' dir='ltr'>su</span> <span class='ocrx_word' id='word_1_887' title='bbox 1251 3208 1368 3242; x_wconf 85' lang='lat' dir='ltr'>purgat</span> <span class='ocrx_word' id='word_1_888' title='bbox 1389 3195 1472 3238; x_wconf 83' lang='lat' dir='ltr'>apud</span> <span class='ocrx_word' id='word_1_889' title='bbox 1495 3194 1626 3228; x_wconf 88' lang='lat' dir='ltr'>fidelem</span> <span class='ocrx_word' id='word_1_890' title='bbox 1649 3195 1835 3240; x_wconf 68' lang='lat' dir='ltr'>Lectorem.</span> <span class='ocrx_word' id='word_1_891' title='bbox 1862 3195 1948 3231; x_wconf 86' lang='lat' dir='ltr'>Sacri</span> <span class='ocrx_word' id='word_1_892' title='bbox 1965 3191 2075 3229; x_wconf 85' lang='lat' dir='ltr'>Chris-</span> 
     </span>
     <span class='ocr_line' id='line_1_128' title="bbox 1194 3245 2073 3283; baseline -0.001 -1"><span class='ocrx_word' id='word_1_893' title='bbox 1194 3248 1288 3283; x_wconf 83' lang='lat' dir='ltr'>matis</span> <span class='ocrx_word' id='word_1_894' title='bbox 1299 3245 1580 3281; x_wconf 73' lang='lat' dir='ltr'>consectationem</span> <span class='ocrx_word' id='word_1_895' title='bbox 1601 3255 1660 3279; x_wconf 90' lang='lat' dir='ltr'>nec</span> <span class='ocrx_word' id='word_1_896' title='bbox 1672 3246 1777 3280; x_wconf 83' lang='lat' dir='ltr'>fidelis</span> <span class='ocrx_word' id='word_1_897' title='bbox 1786 3246 1870 3280; x_wconf 86' lang='lat' dir='ltr'>olim</span> <span class='ocrx_word' id='word_1_898' title='bbox 1886 3246 2073 3281; x_wconf 80' lang='lat' dir='ltr'>Graecorum</span> 
     </span>
    </p>
   </div>
   <div class='ocr_carea' id='block_1_14' title="bbox 1193 3294 2076 3391">
    <p class='ocr_par' dir='ltr' id='par_1_18' title="bbox 1193 3294 2076 3391">
     <span class='ocr_line' id='line_1_129' title="bbox 1193 3294 2075 3342; baseline -0.006 -10"><span class='ocrx_word' id='word_1_899' title='bbox 1193 3299 1332 3342; x_wconf 85' lang='lat' dir='ltr'>populus</span> <span class='ocrx_word' id='word_1_900' title='bbox 1351 3295 1512 3340; x_wconf 84' lang='lat' dir='ltr'>adspicere</span> <span class='ocrx_word' id='word_1_901' title='bbox 1524 3304 1673 3339; x_wconf 86' lang='lat' dir='ltr'>poterat.-</span> <span class='ocrx_word' id='word_1_902' title='bbox 1699 3295 1803 3341; x_wconf 80' lang='lat' dir='ltr'>Quod</span> <span class='ocrx_word' id='word_1_903' title='bbox 1822 3295 1923 3337; x_wconf 85' lang='lat' dir='ltr'>ipsam</span> <span class='ocrx_word' id='word_1_904' title='bbox 1945 3294 2075 3337; x_wconf 62' lang='lat' dir='ltr'>public&amp;</span> 
     </span>
     <span class='ocr_line' id='line_1_130' title="bbox 1193 3344 2076 3391; baseline -0.003 -11"><span class='ocrx_word' id='word_1_905' title='bbox 1193 3348 1314 3391; x_wconf 88' lang='lat' dir='ltr'>primus</span> <span class='ocrx_word' id='word_1_906' title='bbox 1333 3347 1447 3381; x_wconf 86' lang='lat' dir='ltr'>fecerit</span> <span class='ocrx_word' id='word_1_907' title='bbox 1466 3369 1479 3385; x_wconf 87' lang='lat'>‚</span> <span class='ocrx_word' id='word_1_908' title='bbox 1520 3346 1556 3378; x_wconf 76' lang='grc' dir='ltr'>δε</span> <span class='ocrx_word' id='word_1_909' title='bbox 1579 3344 1763 3378; x_wconf 85' lang='lat' dir='ltr'>faciendam</span> <span class='ocrx_word' id='word_1_910' title='bbox 1797 3344 1939 3378; x_wconf 87' lang='lat' dir='ltr'>sanxerit</span> <span class='ocrx_word' id='word_1_911' title='bbox 1960 3344 2076 3382; x_wconf 82' lang='lat' dir='ltr'>Petrus</span> 
     </span>
    </p>
   </div>
   <div class='ocr_carea' id='block_1_15' title="bbox 1193 3392 2077 3479">
    <p class='ocr_par' dir='ltr' id='par_1_19' title="bbox 1193 3392 2077 3479">
     <span class='ocr_line' id='line_1_131' title="bbox 1193 3392 2077 3477; baseline -0.008 -46"><span class='ocrx_word' id='word_1_912' title='bbox 1193 3397 1293 3431; x_wconf 85' lang='lat' dir='ltr'>Fullo</span> <span class='ocrx_word' id='word_1_913' title='bbox 1314 3393 1502 3431; x_wconf 76' lang='lat' dir='ltr'>patriarcha</span> <span class='ocrx_word' id='word_1_914' title='bbox 1529 3392 1782 3433; x_wconf 86' lang='lat' dir='ltr'>Antiochenus,</span> <span class='ocrx_word' id='word_1_915' title='bbox 1808 3393 1939 3429; x_wconf 86' lang='lat' dir='ltr'>testatur</span> <span class='ocrx_word' id='word_1_916' title='bbox 1950 3395 2077 3477; x_wconf 72' lang='lat' dir='ltr'>inlCol.</span> 
     </span>
     <span class='ocr_line' id='line_1_132' title="bbox 2000 3455 2029 3479; baseline 0 -9"><span class='ocrx_word' id='word_1_917' title='bbox 2000 3455 2029 3479; x_wconf 65' lang='lat' dir='ltr'>e.</span> 
     </span>
    </p>
   </div>
  </div>
 </body>
</html>
