2346 3724
82 2324 168 2362 Cap.
185 2334 212 2359 4.

95 2894 156 2926 1-ib.
187 2907 214 2931 7.

94 2943 160 2973 ⁶²1³·
169 2948 215 2973 47·

676 179 720 224 C
788 192 818 223 A
887 191 911 222 ι’
977 182 996 220 1
1069 189 1093 218 τ

227 265 310 302 ribus
322 265 423 298 vixit.
447 263 554 295 Utrum
579 260 640 295 illis
653 259 752 294 adbuc
769 257 972 305 superstitibus
985 279 997 297 2
1023 260 1114 299 ‘mpo-

223 314 291 359 fitts
302 312 439 347 manibus
461 313 584 345 &Petro
604 310 769 355 Episcopus
791 309 994 353 consecratus,
1022 318 1113 350 ‘aqu‘

228 363 393 399 detrec‘lata
418 364 580 395 Provincia
600 362 640 394 ab
653 367 733 395 omm’
756 359 1010 400 administratione
1022 369 1112 391 vaca·

227 418 310 449 verit
323 438 331 445 .
358 417 408 445 Ita
418 417 496 445 enim
506 418 540 446 in
551 413 681 455 quadam
688 411 802 456 scrspfie
810 409 944 453 epistola:
963 408 1110 450 Recedo,

228 475 333 501 exeo,
361 462 459 496 instet
472 463 611 506 populus
622 462 705 497 Dei.
735 461 894 495 Nonnullis
906 461 1043 494 videlicet
1062 458 1114 493 hoc

229 515 315 548 modo
334 511 503 554 consulens.
531 518 618 546 Nam
639 518 672 546 tn
693 510 871 555 quibusdam
893 514 1113 544 commentariis

231 565 277 597 ἵνα
288 561 434 606 scriptum
447 568 611 605 reperimus
621 588 628 594 .
656 563 809 604 Anpotlut
827 560 988 605 secundum
1005 559 1114 603 Aposto-

230 615 273 646 los
286 612 324 645 ab
337 611 479 655 Episcopo
491 613 616 654 Cletofit
630 613 799 654 constitutus
811 638 822 653 ‚
848 613 961 656 liquido
982 623 1039 644 non
1050 622 1114 644 con·

223 663 287 705 stat
300 688 307 695 .
335 665 530 706 ‚Quamquam
555 665 607 697 vel
627 663 682 696 bac
705 664 824 706 quidem
846 670 960 695 ratione
974 670 1115 704 poterant

229 713 408 746 viventibus
422 714 519 747 adbuc
530 713 665 755 Apostolis
677 739 688 754 ,
717 716 805 747 Petro
812 712 923 756 scilicet
948 726 983 746 ac
997 712 1091 745 Paulo
1103 736 1115 752 ‚

232 760 470 807 aliisurrogari,
497 765 577 806 quod
597 766 692 798 eidem
703 765 770 803 illi,
792 764 984 805 praedicandi
1006 766 1115 795 Evan-

227 815 301 856 gelli
308 819 413 855 gratia
427 839 437 854 ,
465 820 496 846 in
506 816 584 847 alias
596 814 682 848 urbes
707 826 742 847 ac
751 819 884 857 regiones
902 813 1116 856 prosec‘lionem

225 861 427 906 Jiaej‘ciperent3
455 875 552 898 carere
563 874 662 897 autem
674 860 818 905 Episcopo
828 868 923 897 Roma
935 875 993 896 non
1005 862 1096 906 poffi’t
1107 886 1114 894 .

231 914 384 955 siquidem
398 915 511 946 Paulus
522 919 555 946 in
565 913 740 955 Hispaniam
748 920 908 955 pervenit.
938 916 1049 947 Petrus
1066 923 1115 945 ve-

230 964 264 995 ro
290 964 419 995 Pontum
446 974 481 995 ac
499 961 671 1002 Bithyniam
689 962 893 1006 saepenumero
913 967 1094 1006 peragravit
1107 986 1114 992 .

231 1016 272 1044 Ac
279 1010 355 1054 sane
362 1012 431 1054 fieri
441 1018 562 1055 potuit,
588 1023 620 1046 ut
628 1014 761 1055 primum
784 1014 936 1047 Clemente
945 1012 1111 1052 constituto,

228 1071 294 1093 eum
315 1067 341 1093 is
362 1062 515 1105 defugeret
534 1086 545 1101 ,
566 1062 598 1102 fi
616 1070 716 1095 tamen
737 1068 783 1095 ita
803 1068 943 1105 contigit,
969 1062 1052 1103 quod
1067 1072 1117 1105 ego

229 1111 377 1152 opinando
385 1111 502 1150 potius,
530 1113 622 1153 quam
634 1113 828 1155 affeverando
845 1114 973 1146 dixerIm
986 1138 995 1153 ,
1017 1112 1116 1154 posted

228 1163 307 1193 Lino
333 1161 366 1193 ό*
378 1159 463 1195 cleto
474 1166 596 1194 mortuis
607 1186 618 1202 ,
644 1167 694 1204 qul
712 1163 864 1197 duodecim
884 1174 1029 1196 annorum
1046 1161 1114 1205 spa-

228 1208 444 1253 nofingulaetim
458 1210 671 1253 Episcopatum
696 1212 888 1246 obtinuerunt
902 1213 966 1255 post
979 1213 1115 1255 Apostolo-

230 1270 297 1293 rum
312 1262 395 1291 Petri
421 1270 455 1292 ac
470 1261 559 1293 Pauli
571 1273 691 1302 necem,
716 1274 784 1304 quae
795 1268 827 1295 in
849 1275 962 1296 annum
983 1267 1115 1295 Neronis

229 1309 434 1343 duodecimum
455 1311 597 1349 incurrit,
623 1319 684 1344 tum
696 1314 815 1345 demum
840 1314 1049 1355 Pontificatum
1071 1323 1115 1345 ca—

226 1359 338 1402 peffere
344 1357 384 1400 fit
401 1358 560 1402 compulsus
573 1385 581 1392 .
608 1363 668 1394 Sed
684 1371 840 1405 utcumque
864 1374 911 1395 res
927 1362 988 1406 sese
1011 1362 1117 1394 babue-

228 1414 273 1444 rit
283 1432 294 1448 ‚
321 1412 518 1442 Romanorum
531 1410 708 1451 Pontificum
721 1410 776 1451 ista
788 1412 828 1452 est
836 1410 978 1454 fiecctffio:
1007 1415 1115 1445 Petrus

229 1459 264 1491 6·
286 1458 403 1490 Paulus·
422 1481 434 1497 ‚
461 1461 556 1491 Linus
581 1461 615 1493 ὁ·
638 1462 741 1494 Cletus
767 1485 778 1500 ‚
804 1462 943 1496 Clemens
968 1488 978 1502 ,
1005 1465 1118 1495 Evari-

222 1507 312 1549 flus,
338 1508 531 1547 Alexander,
558 1509 661 1548 Xistus
676 1534 687 1550 ‚
715 1509 906 1552 Telesphorus
920 1535 930 1550 ,
944 1511 1118 1551 Evarrflus,

229 1561 363 1600 Hyginus
376 1580 387 1596 ,
416 1559 507 1596 Pius,
536 1562 694 1592 Anicetus.
721 1558 823 1594 Ponit
845 1559 895 1594 bis
916 1560 1097 1595 Evaristum
1110 1586 1117 1594 .

223 1606 287 1646 Χ,Δῐι
309 1606 348 1640 fit
368 1606 507 1641 Librarii
537 1608 673 1651 alicujus
684 1610 824 1649 vitium,
850 1622 891 1644 an
905 1612 1115 1646 memoriaein

228 1646 422 1700 Epiphanio
434 1657 562 1701 lapsus,
591 1660 728 1703 ignoro.
758 1660 908 1695 Primum
926 1660 1050 1695 videtur
1061 1673 1118 1695 ve-

230 1704 297 1740 rius
318 1729 326 1737 .
355 1704 491 1740 Etenim
525 1707 591 1750 jam
613 1708 704 1753 supra
726 1709 810 1744 dixit
822 1711 1003 1756 Hyginum
1025 1711 1117 1746 fuiffe

232 1765 364 1789 nonum
377 1755 574 1793 Pontificem
586 1785 593 1793 .
623 1775 625 1778 >

244 1819 246 1822 ·
280 1804 435 1856 Affirmat
446 1807 531 1841 varia
547 1833 554 1840 .
580 1808 716 1851 Primo,
743 1812 833 1853 quod
846 1813 970 1855 primus
988 1813 1117 1848 Roma·
1140 1824 1142 1827 ·

229 1865 351 1890 norum
376 1856 557 1900 Episcopus
580 1860 679 1893 fuerit
699 1861 831 1894 Sanetus
852 1862 986 1897 Petrus.
1014 1862 1116 1910 Qod

229 1905 286 1948 ipsi
302 1905 361 1938 soli
373 1906 530 1941 adscribat
543 1908 753 1943 Cardinalem
767 1910 855 1944 urbis
869 1913 1118 1956 Episcopatum,

228 1955 288 1989 suo
309 1955 385 1990 loco
407 1956 683 1992 demonstrabitur
703 1984 711 1991 .
740 1960 893 1994 Secundo
916 1962 996 1996 dicit
1018 1962 1117 1997 Petro

227 2006 407 2040 succeffiffe
422 2006 577 2046 Linum,
606 2008 695 2041 Lino
726 2009 880 2042 Cletum.
908 2011 954 2044 Et
975 2012 1115 2053 ipsorum

230 2065 395 2096 quemque
417 2055 527 2088 sedisse
549 2055 726 2089 duodecim
755 2059 865 2103 annis.
896 2059 1017 2093 Tertio
1034 2060 1123 2094 dicit

231 2103 440 2138 Clementem
462 2103 556 2139 fuiffe
580 2116 718 2150 utroque
743 2108 902 2151 seniorem
936 2122 947 2141 :¹
983 2109 1118 2155 Utpote

232 2152 325 2187 aetate
339 2164 445 2198 parem
469 2153 658 2199 Apostolis.
686 2156 799 2192 Et'ita
823 2160 966 2194 omnino
977 2161 1041 2194 est.
1069 2160 1117 2193 11-

229 2202 301 2236 lum
323 2204 415 2238 enim
441 2204 476 2238 in
513 2206 647 2249 epistola
669 2207 709 2241 ad
737 2206 962 2254 Philippenses
983 2211 1118 2245 Sanctus

227 2252 355 2287 Paulus
376 2265 526 2289 numerat
549 2257 634 2290 inter
658 2257 742 2291 fidos
764 2260 838 2292 suos
863 2261 1028 2295 ac'firmos
1053 2261 1116 2295 Co—

229 2313 434 2347 operatores.
461 2305 574 2352 Qare
595 2307 657 2340 fuit
679 2308 852 2344 amborum
879 2311 1116 2355 Apostolorum

229 2355 416 2388 communis
427 2353 515 2389 filius
540 2368 578 2389 ac
594 2357 792 2400 discipulus.
822 2360 951 2407 Qartd
976 2360 1116 2404 Epipha-

229 2404 306 2436 nius
326 2403 410 2437 dicit
430 2406 583 2439 Sanstum
607 2407 815 2441 Clementem
836 2410 931 2442 fuiffe
948 2411 966 2443 ὲ
997 2410 1116 2443 Sancto

227 2451 327 2486 Petro
339 2454 562 2488 consecratum
583 2455 615 2488 in
631 2456 858 2492 succeffionem
883 2459 1029 2492 Romani
1044 2459 1118 2503 Epi·

226 2503 375 2545 scopatus
417 2504 550 2550 Qinto
562 2505 760 2549 dicitipsum
775 2508 863 2542 Lino
891 2510 924 2542 δε
952 2508 1051 2543 Cleto
1063 2509 1118 2543 ad—

229 2551 294 2586 huc
306 2552 490 2587 viventibus
501 2554 595 2588 fuisse
603 2556 802 2591 ordinatum.
832 2558 958 2592 Verum
974 2571 1048 2593 cum
1061 2559 1115 2593 du·

229 2601 304 2635 bio.
335 2602 488 2636 Affirmat
504 2606 566 2638 effe
587 2605 668 2641 duas
681 2608 876 2649 sententias,
905 2621 1041 2653 quarum
1066 2610 1115 2644 al·-

229 2661 298 2684 tera
320 2652 431 2685 asserat
454 2652 660 2689 Clementem
687 2670 754 2692 non
769 2659 824 2691 nifi
841 2660 911 2702 post
928 2661 1015 2693 Cleti
1030 2671 1113 2694 mor-

227 2711 296 2734 tem
310 2726 319 2740 ,
346 2709 401 2734 aut
422 2702 507 2736 certe
534 2715 601 2738 non
616 2706 673 2739 nifi
694 2708 712 2740 a
735 2709 898 2743 morlente
911 2710 1008 2744 Cleto
1021 2710 1114 2744 fuiffe

228 2752 366 2785 electum
385 2752 662 2788 &constitutum
690 2756 838 2792 Priorem
850 2759 1043 2794 sententiam
1057 2758 1114 2794 hic

229 2802 415 2834 constanter
436 2803 580 2845 sequitur
601 2806 710 2840 noster
733 2809 910 2851 Septimius
933 2833 939 2840 .
970 2809 1013 2842 Et
1037 2807 1113 2843 sane

229 2851 297 2893 ejus
308 2851 532 2886 testimonium
543 2855 587 2888 est
603 2857 739 2891 maximi
752 2858 925 2901 ponderis.
954 2858 1043 2893 Istud
1060 2860 1113 2903 ip-

230 2901 298 2934 sum
322 2901 444 2935 habent
463 2902 594 2938 Author
615 2905 884 2949 Apostolicarum
906 2909 1112 2944 constitutio-

229 2963 310 2985 num
325 2977 334 2991 ,
361 2952 485 2985 Auctor
504 2954 646 2996 epistolae
668 2956 709 2990 de
729 2957 837 2992 Gestis
848 2959 953 2992 Sansti
967 2958 1055 2993 Petri
1068 2960 1111 2994 A·

229 3001 374 3045 postoli,
403 3014 470 3045 quae
493 3004 603 3046 paffim
626 3005 723 3040 fertur
744 3009 850 3042 Sancti
864 3009 1047 3043 Clementis
1070 3010 1110 3045 ad

229 3052 379 3086 Saneium
394 3052 551 3094 Iacobum
565 3053 763 3098 Apostolum
778 3082 788 3098 ‚
814 3059 850 3093 &
867 3058 901 3092 in
925 3059 1112 3102 praefatione

230 3102 270 3135 ad
295 3103 578 3146 Recognitionum
615 3105 715 3140 libros
739 3106 914 3151 Presbyter
940 3109 1108 3144 Ruffinus.

230 3151 329 3187 Sexto
342 3151 546 3195 Epiphanius
569 3155 705 3190 affirmat
723 3157 930 3193 Clementem
942 3159 977 3194 in
990 3160 1110 3195 Roma·

229 3210 276 3234 no
289 3201 485 3246 Episcopatu
507 3215 575 3238 non
600 3206 692 3240 fuisse
714 3208 874 3250 positum,
900 3209 957 3242 nili
983 3211 1054 3253 post
1066 3212 1110 3245 vi·
1135 3231 1138 3234 ⁴

229 3249 312 3293 giuti
324 3263 463 3295 quatuor
486 3266 590 3288 annos
612 3255 652 3289 ab
674 3257 909 3300 Apostolorum
923 3261 1081 3303 martyrio
1101 3288 1108 3295 .
1135 3256 1138 3272 ³

230 3299 303 3334 Tot
314 3303 401 3336 enim
427 3304 522 3339 annis
545 3304 655 3339 sediffe
679 3309 816 3342 affirmat
838 3308 963 3344 Linum
990 3311 1110 3346 &Cle-

230 3357 321 3383 tum.
352 3351 447 3386 Illum
470 3356 601 3389 Saucius
623 3357 850 3402 Hieronymus
867 3358 976 3396 scribit
996 3361 1109 3397 obiisse

331 3398 436 3441 Cbrtst-
451 3407 530 3447 Lupi
541 3410 638 3448 opera
649 3411 681 3440 T.
691 3411 748 3442 1x.

1164 174 1181 220 1'
1252 172 1282 219 ς’
1375 169 1617 217 XXXII.
1884 174 1988 230 *265

1173 255 1270 292 tertio
1281 266 1371 290 anno
1383 255 1541 298 Trajani,
1568 253 1741 287 centefimo
1763 255 1907 291 seeundo
1929 254 2053 292 Christi

1173 305 1332 342 Domini.
1362 305 1464 353 Qod
1477 306 1498 340 fi
1510 315 1621 340 vetum
1631 303 1669 338 fit
1683 327 1695 345 ‚
1722 302 1876 339 Clemens
1900 307 1985 342 vixit
2006 308 2056 353 ulf

1174 369 1221 393 tra
1243 365 1376 392 centum
1395 368 1519 391 annos.
2046 377 2055 386 2

1222 407 1267 442 Et
1287 406 1366 440 hine
1391 405 1728 450 nascunturquaedam
1750 403 1959 448 quaestiones.
1987 407 2057 442 Pri.

1174 469 1226 493 ma
1238 457 1285 492 est
1298 482 1309 498 ,
1336 459 1392 492 An
1407 458 1511 492 Linus
1536 457 1570 490 &
1592 458 1706 491 Cletus
1718 456 1839 490 fuerint
1851 455 2059 490 consecratio,
2100 488 2105 495 ,

1174 510 1290 544 Sansto
1301 506 1420 542 Petro?
1434 508 1632 551 Respondeo
1641 508 1703 542 effe
1716 507 1893 540 incertum.
1923 506 2058 541 Etenim

1175 559 1440 603 Apostolicarum
1455 558 1744 592 Constitutionum
1754 557 1878 591 Auctor
1889 555 1973 589 inter
1985 556 2062 598 Epi-

1176 611 1289 653 scopos
1298 608 1339 643 ab
1351 609 1421 652 ipfis
1434 608 1605 652 Apostolis
1615 610 1819 643 consecratos
1841 616 1990 640 numerat
2008 606 2063 639 Li-

1176 672 1254 693 num
1267 657 1411 694 Claudiae
1422 658 1526 693 filium
1537 684 1548 700 ,
1577 659 1727 693 Ecclefiae
1741 658 1972 692 Romanorum
1985 655 2065 698 Epi-

1176 711 1307 754 scopum
1319 710 1459 752 primum
1471 733 1481 750 ‚
1508 710 1527 744 a
1539 708 1643 743 Paulo
1656 709 1843 743 ordinatum
1857 729 1868 748 ,
1893 708 1964 751 post
1979 718 2064 742 mor-

1176 771 1243 794 tem
1255 760 1330 794 vero
1341 760 1420 794 Lini
1432 760 1638 794 Clementem
1650 784 1660 799 ,
1690 770 1787 802 quem
1810 758 1925 792 Petrus
1950 759 2068 791 secun·

1176 810 1255 844 dum
1266 811 1430 845 ordinavit
1443 835 1450 842 .
1479 810 1607 845 Eodem
1621 809 1722 844 modo
1736 810 1874 844 affirmat
1887 808 2006 842 fastum
2028 808 2065 841 in

1176 859 1388 895 Antiochena
1413 860 1573 895 Ecclesia:
1603 860 1768 895 Evodium
1792 860 1944 899 &Petu-0,
1971 858 2067 903 Igna!

1177 912 1259 944 tium
1271 911 1364 946 fuisse
1375 911 1562 946 ordinatum
1574 912 1591 946 a
1604 911 1710 945 Paulo
1721 936 1728 943 .
1757 911 1800 945 Et
1814 908 1853 943 ad
1876 909 1943 942 haec
1954 907 2067 943 scribit:

1179 962 1210 993 in
1224 961 1286 995 suis
1298 961 1486 995 Annalibus
1497 961 1664 997 Dominus
1676 961 1864 996 Cardinalis
1876 961 1981 994 Caesar
2005 958 2068 992 Ba·

1178 1011 1290 1045 ronius
1313 1024 1319 1043 :
1360 1014 1501 1055 Legimus
1524 1013 1609 1053 apud
1626 1014 1792 1046 Clementis
1818 1010 2070 1049 constitutionem

1177 1061 1281 1102 quibus
1294 1063 1445 1096 interdum
1457 1061 1574 1105 ufisunt
1584 1061 1823 1105 vlrisano‘i‘t'fflmi
1834 1087 1844 1102 ‚
1871 1072 1920 1094 nec
1933 1071 1991 1094 non
2000 1068 2069 1093 eru·

1177 1112 1307 1151 dittffimi
1322 1135 1333 1151 ‚
1361 1112 1495 1153 Ecclefiae
1521 1104 1707 1146 Antiochense
1731 1114 1751 1143 ᾶ
1774 1115 1863 1144 Petro
1886 1111 2072 1151 Evodium-;

1179 1165 1330 1204 Ignatium
1354 1164 1427 1194 vero
1446 1163 1575 1195 &Paulo
1589 1163 1640 1204 effe
1663 1169 1776 1194 creatos
1789 1159 1969 1201 Epis'copos.
1999 1164 2070 1193 Neo

1173 1209 1249 1254 sam³
1258 1222 1348 1243 unum
1355 1210 1418 1252 poll
1429 1211 1520 1244 alium
1532 1235 1543 1250 ‚
1567 1218 1600 1244 ue
1612 1211 1647 1242 de
1657 1216 1775 1242 caeterz's
1802 1211 1843 1242 ibt*
1856 1212 1966 1243 dicitur
1978 1233 1989 1249 ,
2013 1207 2072 1249 sed

1171 1260 1274 1303 fimul.
1304 1261 1398 1304 ‚Quod
1417 1269 1486 1294 tunc
1508 1260 1753 1303 'qutdemfaelum
1779 1260 1821 1292 ibt
1835 1260 1980 1299 videtur,
2005 1258 2073 1290 cum

1179 1309 1304 1354 drffinfio
1314 1311 1367 1343 illa
1377 1315 1456 1344 inter
1475 1311 1582 1353 fideles
1594 1317 1644 1353 qu}
1662 1322 1699 1344 ex
1713 1309 1931 1350 Circumcifione
1940 1333 1950 1348 ‚
1982 1309 2016 1341 (τ
2026 1317 2075 1353 ⁶¹⁰5.

1180 1367 1231 1403 qut·
1251 1361 1441 1404 exgentibus
1463 1362 1507 1393 ad
1521 1362 1614 1404 fidem
1627 1369 1775 1393 ‘venerant
1789 1384 1799 1399 ‚
1826 1359 1891 1401 esset
1903 1357 2049 1392 concitata
2061 1376 2075 1388 .-

1181 1413 1325 1453 ,Quocirca
1347 1412 1491 1452 quamdiu
1519 1412 1573 1443 illa
1582 1411 1788 1451 perduravit,
1815 1410 1893 1441 :llud
1910 1409 2076 1441 remedium

1173 1460 1263 1503 fut'ffe
1277 1460 1445 1494 adhibitum
1459 1485 1470 1501 ‚
1495 1469 1528 1492 ut
1538 1468 1657 1502 uterque
1666 1458 1779 1502 sederet
1792 1483 1802 1498 ‚
1829 1461 1964 1501 alterque
1972 1468 2077 1491 eorum·

1178 1511 1313 1552 praeeffet
1324 1517 1368 1543 ets
1376 1535 1387 1551 ,
1416 1516 1517 1556 quiex
1529 1511 1668 1553 gentibus
1681 1511 1725 1541 ad
1734 1508 1894 1550 Ecclesiam
1908 1508 2051 1549 veniffent
2062 1509 2077 1539 ,ἶ

1181 1559 1290 1593 Verum
1316 1571 1347 1592 eo
1371 1559 1495 1591 tandem
1513 1557 1628 1600 sublato
1640 1558 1834 1597 distinc‘lionis
1851 1564 1993 1600 pariete,
2016 1557 2076 1599 [ub

1181 1620 1237 1642 uno
1248 1609 1404 1652 eodemque
1429 1607 1544 1648 Pastore
1557 1618 1682 1651 utraque
1702 1608 1818 1642 colleo‘i'a
1836 1607 1985 1650 Ecclefia,
2012 1617 2073 1646 npn

1181 1661 1309 1700 amplius
1332 1659 1466 1699 duobus,
1490 1658 1549 1702 sed
1558 1671 1614 1692 uno
1624 1660 1744 1692 tantum
1749 1659 1817 1701 fuit
1830 1667 1903 1702 opus
1915 1662 1944 1690 E
1943 1657 2078 1701 piscopo.'

1181 1710 1282 1757 Qod
1296 1720 1337 1742 an
1352 1709 1494 1743 subsistat
1504 1734 1514 1749 ‚
1543 1708 1661 1754 ignoto
1673 1734 1680 1741 .
1708 1710 1841 1743 Etenim
1854 1709 2004 1743 Evodius
2020 1709 2073 1752 Ju-

1181 1760 1322 1793 daeorum
1334 1783 1345 1799 ‚
1373 1759 1521 1802 Ignatius
1532 1758 1689 1794 debuisset
1713 1760 1806 1793 fuisse
1816 1760 1969 1803 gentium
1993 1757 2072 1800 Epi·

1172 1807 1317 1852 scopus,
1342 1802 1490 1851 adeoque
1515 1807 1714 1853 &gentilis-
1743 1808 1792 1842 At
1803 1807 1879 1842 vero
1903 1807 1996 1842 fuisse
2020 1808 2074 1851 Ju-

1179 1858 1283 1892 daeum
1294 1880 1305 1896 ,
1332 1858 1376 1892 est
1390 1858 1543 1892 constans
1555 1859 1689 1892 traditio
1704 1858 1851 1892 Ecclefiae
1870 1858 2051 1893 orientalis
2065 1883 2074 1890 .

1180 1910 1284 1952 Ipsam
1297 1908 1435 1952 exponit
1447 1909 1480 1941 in
1494 1908 1669 1953 marginali
1683 1908 1722 1942 ad
1737 1909 1885 1942 estavam
1897 1908 2074 1950 synodum

1180 1956 1318 1993 Scholio
1356 1958 1544 1991 Anastalius
1580 1957 1861 1991 Bibliothecarius-
1885 1971 1892 1989 :
1931 1960 2073 1990 Tradunt

1182 2011 1302 2045 Grai,
1329 2009 1409 2049 quod
1423 2009 1595 2048 parvulus,
1622 2019 1708 2050 quem
1722 2010 1866 2040 Dominus
1887 2008 2072 2041 advocatum

1174 2057 1281 2096 statuit
1304 2061 1338 2095 in
1359 2058 1472 2096 medio,
1499 2059 1624 2095 dicens,
1650 2057 1722 2090 Nili
1745 2057 1889 2091 conversi
1918 2059 2071 2099 fueritis,

1181 2107 1415 2141 &efficiamini
1427 2108 1504 2141 licut
1517 2107 1572 2140 hic
1588 2107 1760 2150 parvulus,
1781 2108 1839 2141 ἃς.
1868 2107 1922 2147 Iste
1931 2111 2071 2152 Ignattus

1175 2157 1257 2200 fuit.
1287 2159 1333 2189 Et
1354 2159 1459 2190 idcirco
1481 2157 1556 2190 bunc
1578 2157 1730 2198 Deift‘rum
1750 2167 1944 2200 nuncupant.
1974 2159 2074 2202 Quod

1182 2218 1233 2240 nee
1249 2206 1371 2249 Apostoli
1392 2206 1455 2249 aufi
1462 2206 1582 2248 fuerint
1596 2233 1608 2249 ‚
1635 2209 1701 2241 cum
1713 2209 1757 2241 ad
1766 2208 1901 2249 Ecelefiae
1921 2209 2076 2252 Praesula‘·

1182 2266 1243 2290 tum
1249 2266 1472 2299 promoveretur
1483 2283 1494 2298 ,
1521 2258 1651 2300 amplius
1663 2269 1771 2292 manus
1785 2265 1936 2301 imponere
1946 2283 1955 2298 ,
1981 2261 2071 2293 nimi*

1180 2307 1245 2339 rum
1256 2319 1342 2348 quem
1352 2319 1402 2341 ore
1415 2311 1469 2341 Dei
1481 2309 1638 2343 laudatum
1647 2332 1658 2347 ,
1684 2311 1718 2343 ὡ·
1734 2308 1819 2351 ipsius
1830 2310 1913 2342 tana
1938 2308 2073 2351 sanfflfi·

1183 2366 1282 2390 catum
1297 2362 1500 2399 cognoverint.
1528 2357 1672 2393 Proinde
1693 2360 1750 2393 ista
1772 2359 1905 2393 traditio
1926 2361 2072 2394 affirmat

1183 2406 1286 2449 ipsum
1299 2407 1391 2441 fuiffe
1402 2408 1548 2450 Judaeum
1560 2434 1570 2450 ‚
1599 2410 1632 2442 δε
1645 2420 1711 2442 non
1725 2411 1950 2443 consecratum
1961 2410 1978 2443 a
1991 2411 2071 2444 San·

1181 2458 1233 2491 ἃο
1246 2456 1351 2491 Paulo
1362 2481 1373 2497 ‚
1400 2458 1540 2500 ideoque
1552 2459 1840 2493 Constitutionum
1863 2459 2069 2504 Apostolica-

1181 2518 1251 2541 rum
1264 2506 1398 2540 Auctori
1409 2508 1539 2551 penitus
1550 2509 1751 2543 adversatur.
1779 2509 1876 2544 Plura
1900 2510 1973 2544 istic
1982 2519 2069 2545 errat

1180 2556 1237 2589 iste
1261 2555 1386 2591 Annos
1407 2570 1418 2590 .·
1446 2559 1539 2593 Hinc
1561 2559 1607 2593 est
1630 2559 1743 2602 parum
1766 2558 1944 2593 curandus.
1974 2560 2068 2594 Nam

1179 2606 1258 2639 dicit
1270 2606 1478 2642 Clementem
1492 2620 1559 2643 non
1575 2609 1634 2642 nisi
1649 2609 1719 2653 post
1732 2609 1811 2644 Lini
1824 2620 1964 2644 mortem
1989 2610 2068 2645 fuis·

1178 2657 1208 2689 se
1230 2659 1453 2693 consecratum
1477 2683 1488 2699 ,
1516 2659 1605 2703 quod
1626 2659 1644 2693 ὲ
1666 2658 1760 2693 nullo
1782 2660 1966 2694 admittitur
1984 2684 1991 2692 .
2018 2661 2067 2695 Et:-

1178 2706 1282 2740 forsan
1294 2719 1336 2742 ex
1348 2708 1419 2751 ipso
1431 2710 1523 2743 suum
1544 2709 1683 2743 dubium
1707 2708 1813 2743 hausit
1834 2710 1966 2742 Sanetus
1987 2708 2069 2752 Epi-v

1178 2755 1334 2800 phanius.
1363 2759 1515 2792 Sannum
1529 2759 1653 2792 Linum
1666 2759 1760 2791 fuiffe
1769 2758 1911 2800 primum
1934 2757 2065 2792 Veson-

1176 2807 1359 2841 tionensem
1374 2808 1571 2851 Episcopum
1583 2806 1771 2841 constanter
1781 2806 1919 2840 affirmat
1928 2807 1987 2842 ista
2000 2808 2064 2842 Ec-

1176 2856 1283 2890 clefia.
1310 2857 1355 2890 Et
1378 2856 1471 2891 addit
1492 2868 1562 2891 non
1584 2857 1602 2891 a
1623 2856 1742 2890 Sanfto
1766 2856 1897 2897 Paulo,
1924 2857 1978 2891 sed
2001 2858 2062 2892 fibi

1176 2906 1304 2941 missum
1330 2906 1364 2940 &
1377 2906 1602 2942 consecratum
1614 2907 1632 2940 ὲ
1644 2907 1760 2941 Saneto
1772 2906 1871 2941 Petro
1882 2933 1889 2940 .
1919 2907 1963 2942 Et
1976 2907 2062 2943 certe

1174 2957 1262 3000 quod
1287 2958 1320 2991 in
1335 2957 1429 2991 omni
1451 2957 1560 2992 Gallia
1583 2957 1694 2992 nullus
1716 2966 1826 3000 praeter
1838 2958 1989 2992 Sanstum
2001 2959 2061 2993 Pes

1174 3018 1260 3042 trum
1274 3032 1284 3049 ‚
1312 3016 1368 3042 aut
1379 3007 1500 3052 abipso
1514 3007 1624 3042 miffos
1649 3008 1683 3041 &
1705 3008 1910 3042 consecratos
1928 3009 2063 3052 Episco-

1175 3070 1232 3102 pos
1246 3085 1255 3100 ‚
1284 3057 1459 3092 instituerit
1480 3058 1637 3093 Ecclefias
1656 3082 1667 3098 ,
1695 3058 1910 3093 Innocentius
1934 3059 2063 3102 primus⁴

1174 3109 1330 3143 Pontifex
1353 3109 1389 3142 in
1410 3108 1526 3143 litteris
1553 3109 1592 3142 ad
1616 3108 1816 3144 Decentium
1839 3109 2058 3154 Eugubinum

1174 3159 1370 3194 Antistitem
1382 3159 1518 3193 affirmat
1531 3159 1594 3192 effe
1604 3158 1811 3212 manifestum
1824 3187 1830 3192 .
1859 3161 1971 3209 Qare
1992 3168 2061 3195 cer*

1175 3220 1247 3244 tum
1266 3210 1312 3244 est
1334 3210 1457 3244 Linum
1469 3210 1562 3243 fuisse
1594 3207 1818 3244 consecratum
1839 3210 1986 3244 aSaneto
1997 3210 2058 3244 Pe*
2085 3246 2087 3249 ,

1175 3270 1225 3295 tro
1238 3286 1246 3294 .
1273 3258 1330 3294 An
1342 3260 1382 3294 ad
1395 3257 1604 3293 Cardinalem
1626 3258 1912 3301 Vesontionenfis,
1939 3271 1983 3296 an
2002 3270 2056 3296 απ·-

1175 3321 1241 3345 tem
1268 3310 1308 3344 ad
1321 3309 1487 3344 vicariam
1503 3310 1665 3344 Romanae
1677 3311 1821 3344 Ecclesiae
1833 3310 2052 3346 PraefeRuram

1174 3361 1271 3396 fuerit
1294 3362 1399 3405 primo
1424 3361 1647 3402 consecratus,
1672 3360 1716 3394 est
1728 3360 1857 3404 penitus
1867 3361 2059 3396 incertum-0

1641 3413 1670 3446 Z
1719 3422 1741 3459 3
1942 3412 2003 3446 Ec·

2079 488 2137 518 Lib.
2149 497 2175 522 7.

2075 537 2136 565 cap.
2147 538 2194 564 47.
