2346 3724
153 349 225 387 Cap.
245 356 270 384 5.

157 503 206 535 Lib
228 516 270 535 10-

156 556 218 584 cap.
241 554 272 579 7·

154 1388 287 1425 capus·

180 2070 242 2101 [ib.
256 2079 299 2102 ¹4-

182 2119 245 2147 cap.
257 2117 301 2143 ις.

184 2301 250 2333 Lib.
262 2309 295 2338 13

187 2566 251 2599 Lib.
279 2576 303 2603 3-

159 3456 248 3484 Hom.
271 3457 308 3490 36

731 147 772 191 C
1036 154 1051 185 ι
1122 147 1149 182 τ’

290 233 393 268 rocles
404 257 413 272 ,
440 239 576 275 quorum
589 228 710 274 Scripta
727 239 887 264 memorat
900 225 1089 263 Lassantius
1103 220 1172 280 fir-

291 284 436 317 mianus.
464 276 509 314 Et
529 280 568 313 de
582 281 778 323 Imperatore
788 277 984 321 Vespafiano
998 299 1008 316 ,
1036 274 1177 318 flagitio·

289 333 406 367 fiffimo
417 329 588 365 Sodomita
600 353 610 370 ,
635 340 747 374 praeter
758 329 846 372 spem
855 327 895 362 ad
910 325 1087 369 Imperium
1106 332 1178 356 eve-

293 384 345 416 sto
358 403 368 421 ‚
396 380 503 415 scribit
524 380 696 415 Svetonius
712 378 928 423 Tranquillus
940 389 951 410 .-
979 373 1153 409 Authoritas
1166 395 1176 411 ,

292 433 326 466 (ν
338 429 421 473 quasi
435 429 571 472 majestas
596 430 735 472 quaedam
748 452 759 468 ,
784 437 818 461 ut
834 427 943 471 scilicet
962 431 1117 467 inopinato
1141 423 1175 455 Θ

293 493 370 515 novo
380 479 474 515 adbuc
498 484 655 522 Principi,
679 481 798 512 deerat.
827 481 900 512 Haec
921 486 1032 520 quoque
1051 472 1174 512 acceffit.

294 536 325 565 Ε
340 532 424 573 plebe
434 532 559 574 quidam
577 529 738 565 luminibus
748 528 867 562 orbatus
878 551 888 567 ,
912 533 981 560 item
1000 525 1077 559 alius
1089 522 1178 557 debili

293 593 376 618 crure
398 607 408 622 ‚
438 579 591 624 sedentem
613 588 668 621 pro
686 578 844 612 Tribunali
865 583 986 620 pariter
1013 576 1154 608 adierunt
1169 595 1179 610 ,

295 643 418 667 orantes·
433 639 516 674 opem
527 631 718 671 valetudini,
748 623 978 670 demonstratam
1001 628 1020 658 a
1037 622 1179 664 Serapide

288 691 344 726 per
355 688 505 725 quietem:
533 680 744 721 Restituturum
754 682 867 718 oculos,
890 675 1092 721 fiinspuiffet;
1119 683 1179 704 con-

291 732 484 777 firmaturum
493 743 562 766 crus
574 729 617 772 ‚fi
624 732 798 776 dignaretur
807 731 883 763 calce
894 733 1056 771 contingere
1070 748 1077 756 .
1104 726 1180 755 Cum

297 789 356 817 vix
365 782 444 826 fides
456 783 520 825 effer
530 793 592 816 rem
615 782 673 815 ullo
692 780 776 814 modo
780 777 969 824 succeffuram
983 801 993 817 ,
1019 776 1138 817 ideoque
1146 782 1181 804 ne

296 839 426 876 experiri
445 834 564 874 quidem
585 827 728 872 auderet,
753 831 887 865 extremo
907 824 1098 862 hortantibus
1109 825 1183 855 ami-

295 888 338 917 cis
357 907 368 923 ,
403 884 509 925 palam
531 891 586 924 pro
606 888 737 915 concione
763 890 920 922 utrumque
941 881 1074 913 tentavit*
1096 897 1116 930 ›-
1133 881 1183 929 '¹5⁶

298 943 423 967 evemus
435 932 550 975 defuit.
576 931 678 979 Qod
691 931 793 973 ipsum
806 929 840 964 in
863 928 1085 965 Historiarum
1097 921 1185 957 libris

297 984 471 1018 confirmat
500 981 674 1017 Cornelius
704 981 847 1015 Tacitus
871 1003 883 1019 ,
919 975 1040 1013 addens
1066 983 1185 1008 caecum

297 1032 396 1069 istum
417 1033 510 1067 fuisse
523 1031 725 1076 AEgyptium
738 1054 749 1069 ,
778 1028 918 1071 ideoque
930 1026 1095 1076 monitum
1108 1023 1126 1058 a
1137 1022 1188 1056 Se-

298 1084 429 1126 rapide.
459 1084 503 1117 Et
525 1082 566 1115 de
591 1081 787 1123 Imperatore
810 1078 986 1116 Adriano,
1009 1072 1188 1109 eorundem

300 1133 506 1177 flagitiorum
528 1128 705 1164 soediffimo
717 1129 828 1168 servo,
855 1128 887 1163 &
899 1138 954 1171 per
966 1124 1072 1160 morbi
1090 1123 1190 1165 impa-

301 1183 455 1217 tientiam
484 1179 617 1213 volente
640 1179 847 1220 semetipsum
874 1175 1023 1211 occidere
1045 1199 1055 1214 ‚
1080 1171 1191 1209 scribit

302 1231 419 1266 AElius
430 1230 640 1273 Spartianus:
667 1232 718 1261 Ea
730 1226 898 1269 tempestate
917 1225 1094 1269 supervenit
1112 1234 1191 1266 quae·

302 1284 377 1315 dam
387 1277 509 1319 mulier,
539 1290 607 1322 quae
619 1280 726 1311 diceret
746 1276 857 1319 somnio
873 1275 1081 1322 semonitam,
1107 1277 1192 1307 utin·

299 1331 429 1375 finuaret
453 1332 585 1363 Adriano
604 1351 615 1368 ‚
640 1339 676 1361 ne
690 1326 723 1371 se
745 1329 885 1362 occideret
899 1352 909 1368 ,
935 1327 1015 1369 quod
1033 1325 1097 1368 esset
1119 1322 1190 1357 ben?

303 1384 456 1417 valiturus
480 1405 487 1412 .
515 1380 610 1424 ,Quod
638 1389 701 1412 cum
721 1389 778 1411 non
792 1377 907 1421 feciffn
921 1401 931 1417 ‚
957 1376 1007 1420 effe
1029 1383 1191 1409 caecatam.

296 1434 419 1479 Juffam
440 1441 541 1463 tamen
562 1429 689 1469 iterum,
719 1429 851 1461 Adriano
871 1429 976 1463 eodem
993 1426 1101 1460 diceret
1114 1447 1126 1465 ‚
1152 1431 1196 1454 at-

302 1495 359 1527 que
377 1493 474 1527 genua
484 1483 549 1520 eJ'us
572 1477 773 1520 oscularetur,
801 1485 956 1520 receptura
977 1473 1075 1519 visum
1093 1498 1105 1515 ‚
1126 1471 1197 1514 fise-

301 1534 394 1578 ciffiet.
423 1527 712 1575 ,Quodvinsomm'um
724 1539 789 1560 cum
813 1526 955 1570 impleffet
976 1549 987 1565 ‚
1009 1525 1100 1558 oculos
1126 1532 1197 1556 rece-

297 1590 370 1628 pit,
393 1592 457 1615 cum
469 1592 569 1623 aqua,
597 1583 708 1620 quaein
721 1581 809 1612 Fano
819 1583 910 1616 erat,
935 1587 973 1610 ex
982 1586 1037 1619 quo
1046 1580 1196 1612 venerat,

301 1633 398 1667 oculos
410 1632 558 1672 abluisset.
585 1633 674 1662 Venit
695 1629 730 1663 (5
740 1629 777 1661 de
792 1631 950 1661 Pannonia
969 1626 1094 1669 quidam
1106 1631 1197 1657 natus

303 1694 399 1718 caecus
421 1683 465 1715 ad
478 1680 660 1722 febrientem
684 1680 850 1712 Adrianum
876 1702 888 1718 ,
913 1687 1035 1719 eumque
1057 1677 1200 1718 contigit:

308 1732 471 1777 ,Quofallo
493 1728 598 1773 &ipse
608 1730 700 1761 oculos
711 1735 840 1770 recepit,
867 1728 902 1762 ὦ·
917 1729 1083 1760 adrianum
1095 1723 1199 1766 febris

307 1786 432 1825 reliquit
452 1807 459 1815 .
489 1781 531 1815 Et
553 1780 744 1823 deMopso
764 1803 775 1819 ‚
806 1779 1072 1823 Argonautarum
1095 1773 1204 1811 Vate‘,

309 1831 464 1866 defuncto
476 1831 562 1864 circa
577 1829 725 1863 Africam
737 1853 749 1869 ,
774 1839 813 1862 ac
826 1828 951 1862 ibidem
973 1826 1099 1868 sepulto
1113 1849 1124 1865 ,
1146 1820 1204 1856 ‘ha-

309 1882 366 1917 bet
379 1877 828 1915 Ammianus-Marcellinus.-
853 1875 974 1918 Cespite
999 1878 1110 1908 Punico
1136 1871 1205 1905 tedii

311 1941 415 1965 manes
426 1930 557 1962 dolorum
571 1931 717 1959 varietati
728 1927 886 1958 medentur
895 1950 907 1965 ‚
929 1926 1108 1966 plerumque
1115 1919 1205 1964 sospi-

311 1982 407 2016 tales.
443 1979 484 2009 Ec
507 1973 680 2007 Aristaeum
703 1971 836 2005 Battum
851 1995 862 2010 ‚
891 1972 1083 2013 Cyrenensis
1105 1972 1138 2002 in
1154 1970 1207 2002 Li-

313 2031 396 2071 byca
411 2023 588 2066 Pentapoli
613 2021 758 2056 civitatis
771 2019 989 2055 Conditorem
1010 2030 1047 2054 ac
1058 2020 1184 2063 Regem
1197 2039 1208 2055 ‚

313 2078 355 2112 ad
366 2074 493 2119 Cyreni
516 2073 622 2107 Patris
642 2083 752 2115 preces
773 2082 829 2114 per
853 2070 1050 2114 Apollinem
1083 2067 1207 2103 fuisse&

316 2126 458 2162 naturali
470 2122 614 2158 balbutie
625 2121 798 2156 liberatum
812 2122 952 2155 affirmat
963 2119 1123 2164 Iustinus.
1152 2117 1205 2152 Et·

313 2178 380 2213 iam
410 2172 597 2217 AEsculapii
618 2197 629 2213 ,
658 2171 784 2206 Arissaei
811 2171 1022 2206 Proconnefii
1042 2194 1054 2212 ,
1082 2168 1205 2203 Arissaei

316 2225 553 2262 Clazomenii,
580 2222 773 2257 Cleomedis
790 2221 1023 2265 Astypaleufis,
1051 2220 1206 2254 aliorum-

316 2289 380 2322 que
393 2274 579 2310 Gentilium
593 2272 891 2315 miraculajastavit
903 2271 988 2315 apud
1004 2271 1186 2315 origenem
1197 2293 1207 2308 ‚

300 2323 350 2362 ’ὃς
371 2340 413 2362 cx
436 2323 580 2360 Pindaro
600 2334 639 2356 ac
663 2322 839 2356 Herodoto
860 2321 1070 2356 confirmavit
1095 2320 1208 2354 Celsus

314 2374 537 2420 Philosophus
550 2374 734 2417 Epicuraeus
747 2396 758 2411 ,
783 2370 902 2405 exinde
922 2371 1126 2406 concludens
1139 2369 1208 2402 Do·

314 2429 445 2463 minum
458 2425 603 2458 nostrum
617 2421 773 2466 JESUM
786 2420 954 2455 Christum
978 2421 1012 2454 iu
1028 2420 1122 2454 nullo
1134 2419 1205 2453 fuis·

315 2480 347 2512 se
360 2478 429 2512 istis
450 2475 606 2518 majorem
620 2498 627 2504 .
654 2471 787 2516 Insuper
811 2471 872 2505 alia
886 2472 993 2506 videre
1016 2469 1112 2514 poffis
1124 2467 1207 2513 apud

316 2527 523 2562 Laetantium
536 2522 740 2558 Firmianum
762 2520 795 2555 in
810 2522 952 2556 secundo
974 2520 1060 2555 libro
1070 2519 1207 2554 Divina-

318 2587 390 2612 rum
411 2575 662 2611 Inssitutionum
685 2597 692 2604 .
729 2571 820 2606 Idem
842 2572 981 2605 affirmat
1001 2571 1087 2605 inter
1111 2569 1208 2604 Anti·

319 2626 443 2661 Christi
457 2623 612 2659 miracula
633 2623 704 2657 fore
715 2628 929 2656 mortuorum·
943 2621 1204 2656 suscitationem.

321 2679 367 2712 Et
385 2677 426 2712 de
446 2675 513 2709 istis
535 2673 715 2717 generatim
737 2671 847 2705 scribit
865 2672 900 2705 in
925 2671 1008 2705 libro
1029 2671 1071 2705 de
1083 2671 1207 2705 unitate

322 2725 475 2762 Ecclefiae
485 2726 524 2759 Sa
531 2724 617 2756 nssus
630 2721 834 2766 Augustinus
847 2735 857 2755 ι
876 2722 1092 2754 Exaudiuntur
1102 2722 1205 2760 multi,

325 2781 359 2813 (ς
382 2777 481 2812 multis
502 2775 598 2807 modis
620 2796 631 2812 ,
659 2783 716 2804 non
731 2769 825 2814 solum
852 2770 1017 2810 Christiani
1042 2769 1207 2809 Catholici,

323 2826 378 2873 fed
399 2828 584 2869 (affligant,
602 2822 739 2867 Judaei,
764 2820 940 2854 &haeretici
953 2844 965 2860 ,
988 2825 1087 2853 variis
1107 2826 1208 2856 errori-

327 2881 381 2915 bus
404 2879 438 2912 (5
450 2872 705 2919 superstitionibus
728 2872 844 2904 dediti.
875 2872 1095 2903 Exaudiantur
1113 2878 1209 2904 autem

327 2931 379 2963 vel
398 2931 419 2961 ἃ
437 2924 597 2968 spiritibus
614 2920 817 2966 sedulioribus
837 2945 847 2960 ,
875 2926 927 2963 qui
946 2929 1050 2953 tamen
1071 2919 1148 2954 nibil
1161 2919 1208 2962 fa·

330 2986 410 3014 ciunt
424 3002 435 3018 ‚
461 2973 516 3017 nifi
527 2979 742 3016 permittantur
763 2973 784 3003 ᾶ
795 2974 857 3004 Deo
860 2970 1027 3014 sublimiter
1038 2979 1128 3013 arque
1138 2970 1212 3012 inef-

325 3030 465 3074 fabiliter
478 3027 637 3066 ‚iudicante
659 3023 737 3064 quid
752 3027 854 3063 cuique
874 3021 1065 3058 tribuendum
1079 3019 1138 3062 fit,
1164 3023 1214 3054 vel

331 3082 373 3115 ab
393 3076 456 3122 ipso
475 3079 556 3111 Deo,
583 3074 635 3106 vel
653 3072 695 3104 ad
709 3080 831 3113 pomam
847 3071 972 3104 malmae
989 3071 1055 3113 Juae
1069 3094 1079 3110 ,
1104 3074 1158 3106 vel
1171 3073 1215 3105 ad

331 3131 468 3175 solanum
487 3123 634 3168 miseriae,
661 3123 714 3156 vel
722 3122 767 3154 ad
782 3120 968 3154 monitionem
989 3121 1213 3166 quarendaesa-

336 3183 404 3215 lutis
418 3187 557 3213 aeternae.
586 3174 633 3206 Ad
642 3171 742 3216 ipsam
750 3173 822 3205 vero
826 3170 956 3214 salutem
974 3181 1009 3203 ac
1019 3176 1118 3204 vitam
1127 3181 1213 3207 aeter-

336 3242 406 3264 nam
417 3239 499 3262 nemo
516 3230 660 3269 pervenit
671 3247 682 3263 ,
708 3219 765 3263 nis?
777 3220 928 3264 quihabet
949 3229 1039 3262 caput
1049 3220 1195 3262 Christum
1207 3248 1214 3255 ,

337 3281 368 3314 A
381 3277 558 3322 gentilibus
568 3271 783 3316 scriptoribus
791 3271 857 3314 jam
870 3281 1046 3304 memorata
1060 3272 1215 3307 miracula

336 3331 460 3363 videtur
471 3326 576 3371 palam
597 3323 809 3358 confirmare.
835 3321 874 3354 ln
895 3318 1043 3355 homiliis
1066 3320 1107 3355 ad
1118 3332 1215 3366 popu-

334 3381 404 3414 lum
418 3374 664 3410 Antiochenum
675 3372 869 3408 confirmare
887 3370 1013 3405 videtur
1029 3371 1130 3405 etiam
1141 3373 1216 3407 San-

336 3433 404 3465 aos
418 3427 556 3470 Joannes
568 3423 821 3467 Chrysostomus
832 3435 843 3455 .·
863 3420 987 3457 Ethnici
999 3423 1216 3461 Doemoniorum

845 157 871 186 A
944 158 966 187 1’

1219 152 1233 183 1
1305 151 1323 181 S

1429 139 1663 186 XMV.
1964 158 2057 202 379

1240 227 1305 253 arte
1315 219 1430 253 morbos
1447 218 1530 264 saepe
1545 233 1684 255 curarunt
1697 249 1706 263 ‚
1731 227 1763 259 (ff
1776 234 1895 271 aegrotos
1903 226 2032 271 sanitati
2041 226 2124 267 resti-

1211 303 1214 306 ,
1239 278 1357 305 suerunt
1380 294 1387 302 .
1424 270 1595 315 Fugienda
1630 271 1692 306 effe
1713 275 1870 317 ejusmodi
1892 278 2048 312 miracula
2071 278 2127 312 de·

1240 318 1397 354 monstrat
1419 332 1459 355 ex
1476 321 1732 357 Deuteronomii
1756 325 1939 367 Manciam,
1965 340 2003 363 ac
2019 329 2128 373 ipsum

1238 370 1375 413 exponit
1395 382 1403 403 ε
1430 373 1462 405 si
1485 371 1635 414 Propheta
1658 371 1805 416 quispiam
1821 373 1982 416 surrexerit
2003 403 2014 420 ‚
2039 380 2074 414 <s-
2089 376 2130 421 fi·

1234 431 1330 464 gnum
1343 420 1470 454 ediderit
1483 445 1494 462 ‚
1522 423 1575 456 vel
1593 433 1738 457 mortuum
1760 430 1959 467 excitaverit,-
1984 426 2129 462 velmuti-

1238 471 1359 504 daverit
1381 470 1546 515 leprosum,
1573 474 1627 507 vel
1645 473 1770 507 debilem
1788 472 1946 516 sanaverit
1965 500 1975 515 ‚
1994 477 2131 521 signoque

1239 521 1317 554 edito
1337 530 1366 554 te
1379 526 1563 557 invitaverit
1578 525 1625 556 ad
1644 529 1827 566 impietatem
1839 548 1850 564 ‚
1875 536 1912 557 ne
1928 533 2050 567 propter
2055 520 2132 572 signi

1239 579 1378 605 eventum
1389 571 1507 606 obedias
1518 598 1525 605 .
1555 571 1715 608 Admittit
1727 573 1793 608 haec
1805 575 1918 609 omnia
1931 587 1997 610 non
2010 578 2134 621 semper

1241 619 1463 665 phantastice,
1490 621 1541 656 sed
1564 624 1764 667 quandoque
1785 625 1885 658 etiam
1899 626 2029 660 veritate
2042 626 2137 668 fiedg

1241 682 1339 714 atque
1364 671 1538 718 adjungit:
1567 675 1712 713 Permiffio
1732 674 1787 714 ista
1808 677 1828 707 ἃ
1843 678 1902 708 Deo
1918 676 1956 718 fit
1972 678 2072 710 adrui
2082 689 2134 711 ex-

1238 723 1454 763 plorationem,
1482 734 1541 756 non
1563 724 1642 766 quod
1664 727 1745 757 Deus
1769 721 1898 767 nefi‘iat,
1918 724 1978 768 sed
1988 736 2021 760 ut
2033 725 2132 770 d0'scas

1243 772 1308 814 istos
1329 781 1422 805 etiam
1442 774 1597 807 Doemones
1618 775 1712 817 missos
1729 772 1838 814 facere
1850 800 1861 816 ‚
1887 781 1939 818 qui
1960 776 2134 810 medentur.

1245 823 1328 869 Qae
1338 821 1450 856 omnia
1462 823 1576 866 repetit
1588 823 1622 857 in
1647 825 1733 859 sexta
1746 824 1885 859 homilia
1896 825 2066 860 adversum
2083 826 2140 869 Ju-

1245 872 1330 907 daeos
1344 884 1355 906 .-
1380 873 1411 904 5i
1425 870 1524 916 falsus
1547 872 1698 916 Propheta
1715 875 1796 915 poffit
1819 876 1931 909 mederi
1952 887 2028 910 caeco
2045 900 2057 917 ,
2084 882 2137 908 aut

1246 929 1376 957 excitare
1401 932 1546 957 mortuum
1570 948 1580 964 ‚
1616 935 1668 959 nec
1692 924 1745 964 ista
1767 924 1927 966 praestanti
1951 927 2114 959 credideris
2128 949 2138 957 .

1248 973 1375 1016 Quare?
1400 975 1448 1007 Εὸ
1470 975 1552 1016 quod
1561 977 1639 1007 Deus
1660 983 1784 1007 tentans
1805 983 1833 1007 te
1852 975 2006 1018 permisit,
2033 984 2066 1008 ut
2089 976 2138 1009 ille

1249 1022 1386 1064 hocpoffit
1400 1047 1407 1054 .
1437 1027 1509 1057 Non
1532 1024 1614 1065 quod
1631 1026 1679 1058 ille
1703 1036 1759 1057 non
1770 1026 1856 1068 noffet
1878 1031 2013 1058 animum
2032 1033 2116 1058 tuum
2130 1048 2144 1064 ,

1247 1071 1303 1115 sed
1312 1082 1346 1105 ut
1367 1072 1615 1114 tibiprobationis
1635 1074 1800 1116 occafionem
1815 1074 1986 1115 exhiberet,
2019 1086 2060 1108 an
2071 1074 2145 1108 verr?

1253 1124 1390 1168 diligeres
1409 1125 1518 1156 Deum.
1549 1123 1680 1158 Lucide
1703 1122 1856 1168 supponit
1878 1125 1895 1159 ὲ
1915 1124 2146 1160 Pseudo-Pro-

1256 1172 1360 1217 phetis
1384 1173 1471 1215 poffe
1491 1173 1714 1208 &illuminari
1735 1186 1854 1213 caecos‚
1880 1176 1914 1209 ὅ(
1928 1186 2077 1210 mortuos
2099 1174 2150 1207 su·

1257 1221 1380 1258 scitari.
1407 1221 1648 1257 Haereticorum
1671 1223 1849 1267 intemplis
1862 1224 2069 1264 sanationes,
2095 1235 2150 1257 ex-

1257 1274 1417 1318 pulfiones
1441 1272 1698 1306 Doemoniorum
1719 1297 1730 1312 ‚
1755 1273 1883 1317 aliaque
1904 1274 1972 1308 fieri
1995 1273 2153 1308 miracula.
2169 1287 2289 1325 (λψς.

1257 1335 1353 1368 atque
1377 1323 1510 1355 virtutes
1531 1346 1541 1362 ‚
1580 1322 1734 1366 supponit
1762 1324 1848 1366 apud
1873 1325 2027 1358 Sanetum
2053 1323 2154 1368 Justi-

1261 1386 1337 1407 num
1351 1372 1535 1415 Martyrem
1545 1372 1644 1406 etiam
1656 1370 1787 1407 Author
1797 1372 2056 1408 Christianarum
2066 1374 2157 1421 Qe-

1261 1425 1423 1457 stronum.
1452 1421 1535 1456 Item
1556 1421 1598 1456 de
1618 1421 1931 1466 Pseudo-Prophetis
1953 1425 1985 1457 in
2006 1423 2157 1467 Dialogo

1261 1485 1336 1510 cum
1369 1470 1559 1516 Tryphone
1582 1472 1693 1515 Judaeo
1720 1473 1873 1517 supponit
1901 1474 1969 1517 ipse
1993 1474 2159 1517 justinus.

1263 1522 1448 1571 Qomodo
1459 1522 1593 1556 cuidam
1604 1522 1717 1565 Judaeo
1728 1546 1740 1563 ‚
1760 1524 1823 1567 uqui
1836 1523 1953 1568 pluries
1971 1524 2042 1559 fiste
2056 1522 2161 1567 bapti·

1264 1585 1355 1608 zatus
1375 1573 1474 1607 etiam
1499 1571 1640 1607 Paulum
1662 1572 2073 1621 Constgntinopolitanum
2093 1573 2164 1607 No-

1267 1622 1500 1658 vatianenfium
1515 1622 1714 1669 Episcopum
1727 1622 1990 1659 circumscribere
2001 1623 2165 1664 tentabat,

1268 1674 1346 1709 sacri
1360 1673 1476 1707 Fontis
1499 1684 1618 1717 aquam
1644 1671 1850 1710 substraxerit
1864 1675 1989 1709 Divina
2011 1673 2139 1718 Justitia
2153 1697 2168 1713 ,

1270 1734 1374 1759 narrat
1398 1723 1567 1763 SocrateS,
1593 1733 1691 1766 atque
1711 1723 1882 1769 adjungit:
1911 1729 1971 1758 Hoc
1991 1724 2170 1767 miraculum
2186 1732 2247 1768 Lib·
2262 1744 2292 1771 7·

1266 1783 1320 1817 per
1334 1774 1462 1807 Paulum
1478 1771 1543 1813 fuit
1561 1773 1682 1806 editum.
1715 1773 1891 1807 Ecclesiam
1904 1775 1984 1808 item
1996 1768 2089 1808 fuisse
2101 1772 2172 1818 ejus
2185 1783 2253 1814 cap·
2272 1777 2319 1808 17·

1271 1823 1419 1868 precibus
1430 1821 1601 1855 liberatam
1625 1819 1738 1855 scribit
1758 1821 1801 1855 ab
1813 1820 2172 1865 horrendoincendio,

1271 1867 1510 1906 &concluditz
1537 1873 1620 1902 Deus
1634 1875 1725 1912 igitur
1747 1873 1813 1911 ejus
1833 1880 1937 1913 preces
1959 1875 2097 1908 audivit.
2127 1873 2173 1908 Et

1272 1924 1312 1955 de
1334 1918 1547 1960 Eutychiano
1573 1941 1583 1957 ‚
1610 1916 1846 1954 Novatianenfi
1870 1922 1986 1956 itidem
2009 1924 2097 1967 apud
2116 1923 2174 1965 Bi·
2186 1931 2250 1962 Lib.
2274 1942 2299 1961 ι.

1272 1968 1398 2011 thynos
1424 1965 1600 2001 Monacho
1612 1992 1622 2008 ,
1650 1967 1759 2003 scribit
1773 1969 1930 2006 Hermias
1941 1973 2170 2009 Zozomenus:
2185 1980 2247 2010 cap.
2262 1982 2305 2008 ¹4·

1272 2021 1402 2052 sanavit
1423 2017 1557 2058 morbos,
1584 2018 1619 2051 &
1631 2017 1723 2059 falia
1743 2020 1897 2055 mirabilia
1918 2024 2032 2057 edidit.
2064 2025 2106 2058 Et
2128 2023 2171 2060 de

1274 2069 1403 2103 Ariano
1417 2066 1554 2101 homine
1567 2067 1710 2103 Eusebio
1722 2069 1891 2114 Episcopo
1903 2073 2084 2108 Emesenoz
2097 2078 2172 2108 Fer·
2183 2086 2246 2118 Lib,
2273 2098 2303 2125 3·

1273 2129 1323 2154 tur
1335 2121 1418 2152 Deus
1431 2119 1588 2160 multaper
1602 2116 1697 2160 ipsum
1709 2120 1830 2163 edidiffe
1842 2124 1988 2157 miracula
2001 2149 2011 2164 ,
2023 2129 2069 2158 uti
2081 2128 2172 2159 Geor·
2184 2137 2248 2168 cap·
2267 2139 2292 2164 5.

1267 2175 1339 2215 gius
1352 2167 1680 2212 Laodicenfistestatur.
1708 2168 1804 2206 Plura
1829 2172 1903 2208 sunt
1928 2173 2020 2209 istius
2040 2175 2172 2220 generis

1274 2220 1423 2264 exempla
1435 2246 1443 2253 .

1324 2270 1522 2314 Respondeo
1538 2281 1648 2306 tamen
1663 2273 1792 2308 nullum
1815 2287 1973 2323 umquam
1993 2277 2011 2312 a
2024 2276 2169 2323 Paganis

1275 2321 1464 2356 suscitatum
1488 2332 1653 2357 mortuum
1674 2347 1685 2364 ,
1712 2325 1841 2360 nullum
1869 2329 2023 2362 veraciter
2043 2339 2168 2363 caecum

1276 2372 1499 2406 illuminatum
1513 2397 1523 2412 ,
1552 2373 1681 2407 nullum
1690 2385 1882 2418 germanum
1893 2378 2018 2413 editum
2032 2379 2168 2412 miracu·

1276 2422 1344 2455 lum
1357 2446 1364 2453 .
1394 2421 1565 2456 Veriffime
1586 2425 1676 2457 enim
1697 2424 1731 2458 in
1744 2424 1827 2460 libro
1839 2428 2064 2472 Apologetico
2086 2429 2169 2462 affir-
2184 2443 2259 2482 Cap,
2272 2452 2320 2472 ῃ,

1277 2482 1344 2506 mat
1354 2472 1479 2507 Dotior
1489 2472 1596 2508 noster
1608 2475 1733 2509 summa
1744 2477 1921 2519 gentilium
1936 2479 2091 2512 miracula
2105 2479 2168 2512 esse
2188 2491 2232 2519 23.

1276 2520 1498 2565 phantasmata
1510 2523 1685 2558 Castorum
1698 2549 1708 2565 ‚
1735 2536 1851 2567 aquam
1869 2528 1976 2562 cribro
1989 2528 2144 2572 gestatam
2156 2553 2167 2569 ,

1275 2583 1390 2607 navem
1400 2572 1536 2618 cingulo
1559 2576 1771 2616 protractam,
1800 2575 1928 2611 barbam
1951 2580 2038 2612 tastu
2048 2578 2167 2614 inrufa-

1275 2633 1341 2657 tam
1351 2645 1362 2662 ,
1387 2633 1554 2667 caprarum
1564 2623 1599 2657 &
1611 2626 1794 2659 mensarum
1807 2627 2042 2662 Divinationes
2054 2653 2065 2668 ,
2090 2628 2167 2665 ulia-

1274 2683 1337 2716 que
1348 2672 1382 2707 id
1394 2684 1457 2718 gen
1463 2672 1500 2707 Cis
1511 2697 1522 2713 ‚
1549 2672 1637 2707 edita
1649 2682 1681 2706 ut
1694 2681 1818 2707 numina
1827 2679 1945 2717 lapides
1955 2679 2142 2710 crederentur
2154 2700 2166 2717 ,

1273 2726 1307 2756 (5
1322 2726 1401 2754 Deus
1414 2734 1505 2755 verus
1523 2734 1580 2754 non
1590 2731 1768 2763 quaereretur
1781 2747 1788 2754 .
1817 2725 1923 2760 Addit
1950 2726 1984 2759 in
1997 2724 2114 2760 eodem
2127 2727 2163 2760 li-

1274 2772 1330 2805 bro
1343 2785 1354 2804 .·
1385 2772 1539 2804 Pindarus
1562 2769 1771 2813 AEsculapium
1792 2780 1872 2807 canit
1883 2774 2028 2809 avaritiae
2040 2783 2165 2818 merito,
2181 2788 2255 2828 Cap,
2266 2799 2312 2825 14-

1272 2827 1343 2864 quia
1364 2822 1541 2855 medicinam
1562 2831 1696 2854 nocenter
1707 2823 1877 2865 exercebat,
1895 2824 2029 2866 fulmine
2045 2828 2166 2868 judica-

1274 2882 1355 2903 tum.
1383 2870 1723 2914 NicolausRigaltius
1744 2872 1825 2906 recte
1846 2876 2003 2918 exponit:
2033 2878 2164 2911 Gentiles

1267 2922 1451 2963 fabulantur
1463 2920 1670 2964 AEsculapium
1686 2922 1914 2965 adversusfata
1924 2948 1936 2964 ,
1961 2925 2011 2960 hoc
2023 2926 2061 2967 est
2073 2950 2084 2966 ,
2109 2928 2164 2960 ad-

1275 2973 1378 3005 versus
1392 2972 1578 3005 voluntatem
1582 2975 1614 3015 J
1618 2975 1683 3004 ovis
1694 2996 1704 3011 ,
1730 2984 1857 3007 mortuos
1870 2974 2014 3017 quosdam
2026 3001 2036 3016 ,
2063 2983 2164 3021 ingen-

1275 3029 1299 3055 ti
1307 3030 1404 3064 pretio
1416 3030 1535 3064 captum
1544 3046 1553 3061 ‚
1569 3023 1615 3054 ad
1623 3027 1721 3054 vitam
1733 3026 1874 3067 revocaffe
1883 3028 1893 3057 '.
1919 3026 2044 3060 Cunsta
2058 3027 2164 3061 istius·

1276 3072 1366 3106 modi
1391 3071 1547 3106 miracula
1570 3072 1697 3106 Docto:
1723 3074 1892 3115 proscribit
1918 3076 1958 3109 ad
1987 3076 2161 3121 figmenta.

1279 3124 1385 3158 Etiam
1410 3123 1588 3167 Magorum
1610 3122 1643 3155 in
1660 3121 1816 3166 AEgypto
1836 3125 1988 3160 adversus
2007 3125 2162 3171 Moysem

1278 3173 1430 3207 miracula
1451 3174 1588 3206 affirmat
1611 3171 1703 3205 fuiffe
1725 3173 1818 3208 fucos
1840 3175 2034 3211 Diabolicos
2052 3201 2059 3208 .
2088 3178 2164 3212 Alii

1278 3234 1385 3258 tamen
1398 3223 1557 3256 affirmant
1580 3221 1648 3255 haec
1670 3223 1762 3256 fuiffe
1774 3224 1957 3259 veritatem.
1986 3225 2163 3274 Quidquid

1278 3275 1314 3308 fit
1334 3300 1344 3315 ,
1372 3273 1574 3317 Imperatoris
1602 3270 1790 3314 Vespasiani
1818 3276 1974 3311 miracula
1995 3277 2162 3323 infigniter

1278 3324 1414 3367 exponit
1436 3323 1468 3356 in
1488 3326 1602 3365 quarto
1629 3322 1849 3358 Historiarum
1878 3325 1962 3360 libro
1989 3326 2163 3362 Cornelius

1279 3375 1420 3409 Tacitus
1432 3386 1443 3406 .·
1471 3375 1529 3405 Per
1547 3384 1593 3405 eos
1615 3370 1750 3414 menses,
1775 3375 1880 3416 quibus
1901 3373 2090 3419 Vespafianus
2102 3378 2163 3410 Ale·
2178 3365 2249 3403 cm
2266 3365 2292 3394 3'

1281 3426 1420 3459 xandriae
1435 3422 1523 3464 statos
1536 3421 1644 3463 aestivis
1666 3422 1790 3464 flatibus
1812 3424 1874 3458 dies
1885 3451 1896 3468 ,
1923 3430 1957 3461 Θ
1970 3435 2049 3459 certa
2070 3431 2164 3461 maris

1260 3477 1270 3515 l
2011 3482 2119 3519 operie-
