2346 3724
122 2191 186 2220 Ha.
196 2198 242 2223 27·

123 2237 186 2266 cap.
214 2232 240 2258 6.

124 2730 132 2739 ‘
147 2724 209 2758 nb.
220 2734 248 2764 3.

127 2776 193 2806 cap.
222 2778 234 2797 1
242 2783 248 2791 ·

673 135 1093 180 CAP1T

242 222 316 255 sunt
330 215 412 253 adeo
432 216 530 251 densa
551 216 795 256 &constantia,
824 226 858 251 ut
874 215 960 259 atque
981 213 1128 248 similiter

240 271 315 315 quis
341 268 434 312 possit
454 267 496 300 de
518 268 678 301 Romanae
700 267 786 302 urbis
812 266 1004 314 existentia,
1031 266 1127 308 quam

244 322 285 356 de
298 321 453 354 Romano
465 317 571 351 Santii
584 318 677 351 Petri
692 318 886 362 Episcopatu
910 315 1058 350 dubitare
1069 341 1076 348 .

296 367 428 403 Interim
451 367 610 402 Calvinus
633 368 759 413 pergit.-
786 367 872 401 Adde
882 364 1064 408 quodsecum
1079 364 1134 406 ipsi

240 427 380 464 pugnant
391 442 399 450 .
426 420 560 451 Marcum
571 419 675 452 oc¹7avo
684 423 817 452 Neronis
845 429 925 450 anno
938 416 1130 450 Alexandriae

245 477 390 504 mortuum
404 468 457 511 effe
468 471 593 502 tradunt
605 493 615 508 ,
642 472 765 503 Petrum
786 470 855 502 verb
864 466 921 510 sex
933 472 1022 500 annis
1032 466 1131 508 postea

244 515 361 564 fingunt
372 522 474 552 Roma
486 521 506 551 ὰ
518 524 638 553 Nerone
643 519 733 563 futffe
743 517 858 562 occffum
871 543 878 551 .
905 521 925 551 5
927 523 937 549 i
952 518 1132 550 Alexandri-

248 582 320 603 nam
331 568 487 609 Ecclefiam
499 574 635 610 Marcus,
662 579 696 602 ut
725 570 849 610 volunt,
874 566 1040 609 constituit,
1065 568 1132 599 diu-

247 631 304 662 que
315 619 375 652 illic
395 618 574 662 Episcopatu
582 619 710 661 func‘lus
720 618 760 660 est
771 642 781 659 ,
795 630 957 661 numquam
965 617 1060 660 potuit
1077 620 1132 649 Ro-

249 682 307 703 mae
321 669 369 712 esse
380 681 443 702 cum
457 673 561 704 Petro.
587 675 672 703 Nam
694 671 774 711 quod
788 668 936 713 Eusebius
956 671 989 702 (Ὗ
1002 672 1131 704 Hierony-

249 732 317 753 mus
331 724 495 752 Romanam
521 723 606 754 Petri
622 718 764 759 seffionem
775 726 807 753 in
818 725 930 764 viginti
941 725 1069 762 quinque
1080 728 1133 749 an-

249 781 302 803 nos
314 772 482 803 extendunt
491 796 501 812 ‚
527 770 658 812 idfacile
669 770 814 812 refellitur
824 782 861 804 ex
872 776 970 811 primo
991 768 1029 803 ὃ·
1037 766 1134 811 sectm-

246 821 287 852 >do
307 822 352 852 ad
369 822 499 853 Galatas
519 826 630 863 capite.
656 823 733 854 Cum
745 826 846 863 itaque
856 815 1133 860 Marcum-tuncse-

250 881 314 903 cum
324 873 431 904 Petrus
443 876 574 904 comitem
586 870 722 904 habuerit
731 894 741 910 ‚
768 881 832 902 cum
851 869 966 913 scripfit
977 869 1058 901 hanc
1076 871 1134 909 epi-

244 919 371 960 stolam,
396 920 544 960 Babylone
548 920 637 962 fuisse
647 919 828 963 probabilius
848 920 885 959 est
899 945 906 952 .
935 920 1007 953 Res
1004 918 1134 961 pondeo

251 981 314 1004 nos
333 981 401 1003 non
423 971 566 1015 fingere,
592 970 650 1013 qui
673 982 712 1004 ex
724 970 901 1004 denfiffima
922 967 1136 1003 authentico-

248 1031 322 1054 rum
347 1020 609 1055 testimoniorum
631 1020 718 1055 nube
737 1019 928 1062 loquimur,
955 1017 1008 1051 sed
1026 1016 1135 1051 Calvi-

249 1080 329 1102 num
341 1070 513 1103 manifesto
526 1071 694 1112 imponere
706 1092 718 1108 ,
743 1070 800 1111 qui
820 1067 886 1101 fine
897 1068 976 1101 teste
991 1066 1136 1110 loquitur

248 1130 291 1152 ex
306 1119 437 1161 proprio
446 1118 595 1152 cerebro.
623 1117 722 1152 Certe
733 1117 938 1152 Timotheus
959 1115 1137 1161 Ephefinus

250 1179 289 1202 ac
308 1168 362 1200 alii
387 1168 574 1202 Orientales
599 1167 753 1211 Episcopi
776 1168 921 1203 Romam
942 1168 1137 1202 accesserunt

249 1217 291 1252 ad
306 1218 455 1251 Sanctum
470 1217 627 1252 Paulum:
656 1219 725 1253 Cur
737 1217 837 1263 igitur
848 1219 982 1253 Marcus
996 1218 1138 1252 Alexan·

250 1268 326 1302 driae
349 1266 496 1302 Antistes
519 1278 657 1312 nequeat
679 1268 721 1302 eo
745 1269 903 1303 accessisse
926 1268 967 1302 ad
986 1267 1138 1302 Sanstum

251 1318 388 1352 Petrum
411 1320 424 1351 ?
450 1317 540 1361 Ipsos
564 1318 608 1352 ibi
629 1319 720 1353 fimul
740 1342 750 1357 ,
779 1320 812 1352 &
833 1318 967 1362 quidem
995 1327 1141 1361 tempore

253 1369 375 1410 scripta:
387 1367 478 1401 istius
490 1368 634 1411 epistolae
643 1393 653 1409 ‚
683 1368 775 1402 fuisse
784 1367 922 1403 affirmat
932 1367 1141 1402 Eusebiusex

251 1416 413 1451 Romano
437 1417 635 1458 Clemente,
660 1430 697 1452 ac
720 1418 839 1452 saneto
851 1418 977 1462 Papia,
1002 1418 1141 1461 antiquo

251 1466 468 1513 Hierapolios
489 1468 575 1511 apud
589 1467 737 1512 Phrygas
749 1467 913 1512 Episcopo
925 1493 932 1500 .
961 1469 1030 1502 Cur
1047 1468 1141 1511 poffit

251 1514 390 1558 Marcus
400 1515 544 1550 Romam
558 1516 666 1550 minus
676 1518 833 1551 acceffisse
845 1541 856 1557 ‚
883 1528 979 1563 quam
1003 1517 1142 1560 Babylo·

256 1576 333 1600 nem
347 1591 356 1598 .
384 1566 495 1601 Etiam
509 1565 703 1610 Apostolica
726 1567 766 1602 ad
779 1567 914 1602 Galatas
926 1567 1061 1611 epistola
1074 1578 1142 1600 non

256 1616 344 1650 favet
357 1616 492 1650 Calvini
506 1617 674 1661 figmentis
685 1643 692 1650 .
721 1618 853 1651 Etenim
866 1617 933 1651 haec
946 1617 1027 1651 nihil
1040 1616 1120 1650 dicit
1133 1641 1143 1656 ‚

254 1665 315 1700 nisi
338 1666 427 1709 quod
451 1666 569 1700 Petrus
587 1668 671 1702 circa
684 1678 809 1702 nonum
821 1668 1028 1712 Imperatoris
1048 1667 1144 1700 Clau-

254 1715 325 1754 dii,
352 1713 628 1751 ChristiDomini
650 1717 954 1762 quinquagesimum
979 1717 1145 1760 primum,

256 1775 295 1799 ac
305 1765 351 1797 sui
365 1765 516 1800 Rotnani
534 1766 747 1811 Episcopatus
759 1769 932 1811 septimum
946 1779 1068 1802 annum
1080 1768 1145 1800 fue-

255 1815 299 1849 rit
319 1813 509 1849 Antiochiae
534 1828 573 1850 ac
598 1818 843 1860 Hierosolymis
867 1841 879 1857 ,
919 1817 1144 1860 Apostolicam

255 1864 330 1899 istic
349 1864 519 1906 Synodum
543 1865 752 1900 celebraverit
765 1889 777 1905 ‚
803 1867 837 1899 δε
859 1866 922 1899 alia
937 1868 1040 1911 egerit
1053 1866 1085 1899 id
1097 1876 1148 1909 ge-

256 1914 321 1949 nus
343 1939 352 1947 .
378 1915 461 1962 Qae
487 1925 556 1950 non
581 1926 731 1950 evertunt
755 1916 948 1950 Romanum
974 1915 1148 1959 Episcopa-

256 1974 350 1999 tum.
377 1965 511 2000 Etenim
533 1976 626 1999 nono
651 1966 699 1998 sui
723 1966 855 2007 Imperii
874 1977 964 1999 anno
989 1966 1148 2001 Claudius

256 2025 374 2049 omnes
386 2015 510 2056 Judaeos
520 2015 700 2056 proscripfit
712 2025 752 2047 ex
764 2013 856 2047 ltalia
870 2038 881 2055 ‚
909 2024 1006 2057 atque
1017 2014 1062 2048 ita
1087 2013 1151 2048 Pe-

257 2072 328 2097 trus
340 2063 466 2100 redivit,
478 2063 514 2097 iu
537 2062 680 2106 Judaeam
692 2086 701 2094 .

309 2111 413 2160 Qod
438 2122 519 2146 tunc
541 2113 622 2146 item
642 2113 677 2146 in
692 2111 860 2154 Pontum,
886 2112 1074 2154 Galatiam,
1103 2111 1153 2154 A<

259 2164 362 2203 fiam,
388 2160 608 2205 Bithyniam,
633 2163 666 2196 δε
690 2163 936 2207 Cappadociam
959 2164 1077 2204 iverit,
1107 2165 1149 2197 af-

259 2214 367 2248 firmat
379 2213 511 2247 Sanetus
523 2211 744 2256 Epiphanius:
774 2216 885 2247 Petrus
899 2216 1027 2247 Pontum
1047 2224 1083 2247 ac
1095 2215 1147 2246 Bi-

262 2263 395 2302 thyniam
421 2260 610 2305 sepenumero
628 2268 808 2306 peragravit
830 2285 838 2294 .
865 2263 922 2297 An
946 2264 1046 2297 etiam
1069 2271 1148 2297 tunc

260 2312 471 2356 Babylonem
493 2312 612 2353 iverit,
638 2324 677 2347 ac
690 2313 766 2347 inde
780 2314 868 2347 suam
883 2313 1019 2356 primam
1034 2313 1149 2357 episto-

259 2364 330 2397 lam
353 2362 532 2406 scripserit,
557 2372 626 2396 non
648 2362 925 2406 estimpoffibile,
951 2363 1004 2398 sed
1021 2362 1149 2404 antiqui

261 2411 413 2448 Ecclefiae
431 2411 546 2447 Patres
567 2413 625 2446 suo
648 2410 862 2457 irrefragabili
887 2412 1079 2447 testimonio
1095 2411 1148 2446 ad-

263 2463 430 2496 versantur
453 2485 460 2493 .
487 2459 665 2496 Affirmant
694 2462 850 2503 Petrum,
876 2456 1052 2507 antequam
1080 2462 1149 2496 Ro-

262 2523 353 2547 mam
373 2510 566 2552 accederet,
589 2514 749 2546 eresturus
773 2512 1003 2557 Episcopalem
1030 2511 1148 2548 Cathe-

262 2563 376 2601 dram,
402 2560 470 2595 istis
483 2561 663 2606 praedicaffe
673 2561 871 2603 Provinciis,
899 2564 932 2598 δε
945 2564 1088 2598 Romam
1099 2561 1150 2597 ad·

263 2612 398 2646 ductum
409 2621 488 2644 mox
501 2610 629 2646 easdem
642 2613 676 2646 in
690 2611 753 2647 fide
765 2624 820 2656 per
836 2613 1008 2657 epistolam
1031 2613 1150 2648 confir.

263 2662 383 2696 masse.
409 2660 459 2696 Ita
479 2661 618 2697 affirmat
630 2662 665 2696 in
681 2662 900 2698 Ecclefiastica
924 2663 1058 2699 historia
1085 2664 1150 2698 Eu·

265 2710 391 2745 sebius:
420 2712 553 2751 Petrus,
578 2719 614 2746 ut
627 2713 769 2754 videtur,
789 2715 919 2756 Judaeis
929 2719 1023 2757 quiin
1036 2716 1150 2753 Ponto,

269 2762 415 2800 Galatia,
441 2759 604 2801 Bithynia,
632 2764 823 2804 Cappadocia
847 2787 859 2803 ,
884 2775 920 2798 ac
944 2763 1008 2805 Aſsa
1029 2760 1156 2806 disperfi

265 2818 434 2850 vixerunt,
461 2810 583 2843 verbum
595 2815 654 2846 Dei
667 2814 854 2855 praedicavlt
867 2838 874 2846 .
895 2812 1051 2849 Affirmat
1075 2824 1150 2857 prae·

265 2862 385 2898 dicaffe
405 2868 480 2894 ante
499 2861 659 2905 accessum
670 2862 711 2897 ad
724 2863 836 2899 urbem
849 2888 857 2895 .
886 2864 931 2897 Et
956 2864 993 2897 in
1005 2863 1147 2898 virorum

266 2910 443 2950 illustrium
463 2911 616 2955 catalogo
627 2912 760 2948 sanstus
776 2914 1021 2957 Hieronymus:
1051 2915 1148 2948 simon

250 2966 377 2999 'Petrus
394 2959 455 3003 poli
466 2959 682 3004 Episcopatum
705 2962 901 3005 Antiochensis
925 2961 1060 3005 Ecclefiae
1078 2987 1089 3004 ,
1116 2965 1149 2999 (5

138 3302 194 3330 Ser.
207 3307 251 3334 77.

138 3348 174 3371 ca

177 3349 204 3378 p·
230 3347 259 3375 ς-

263 3012 509 3057 praedicationem
533 3009 718 3054 dispersionis
733 3024 830 3047 eorum
844 3038 855 3054 ,
879 3021 932 3057 qui
945 3016 981 3048 de
994 3020 1147 3048 Circumci-

264 3062 340 3104 fione
361 3061 549 3095 crediderant
570 3067 603 3095 in
615 3064 709 3095 Ponto
721 3087 732 3103 ,
759 3066 885 3097 Galatia
898 3089 908 3104 ‚
935 3066 1126 3107 Cappadocia
1138 3087 1149 3106 ,

270 3113 354 3155 Asia,
382 3109 594 3151 &Bithynm
616 3110 742 3155 secundo
753 3114 985 3155 claudttanm,
1007 3116 1151 3158 adea-pu·

266 3164 423 3206 gnandum
434 3163 578 3197 Simonem
590 3166 734 3207 Magum,
761 3166 886 3198 Romam
903 3171 1022 3209 pergit.
1050 3165 1095 3199 Et
1114 3166 1149 3201 in

271 3212 379 3256 primo
410 3212 451 3247 de
474 3212 713 3256 Apostolorum
738 3213 948 3258 Principibus
969 3217 1149 3251 sermonem

272 3260 416 3306 Magnus
442 3261 529 3307 Papa
563 3263 634 3298 Leo
658 3264 819 3299 declamat
850 3264 891 3299 ad
918 3266 1070 3300 SanCtum
1092 3266 1148 3301 Pe-

272 3320 380 3348 trum:
400 3317 432 3357 J
434 3325 483 3349 am
503 3314 626 3358 populos
647 3320 698 3357 qui
715 3326 754 3350 ex
776 3314 994 3359 Circumcifione
1014 3317 1148 3353 credide-

1165 147 1180 176 1
1251 145 1270 175 s
1376 131 1640 176 XXXVI.
1902 147 1994 186 291

1188 221 1259 247 rant
1275 237 1285 253 ,
1306 213 1460 246 erudieras
1475 236 1482 244 .
1500 217 1533 256 J
1536 224 1586 244 am
1599 212 1818 258 antiochensem
1830 220 1859 250 E
1862 217 1987 259 cclefiam
1991 218 2069 260 fun-

1189 266 1321 297 dave-ras
1335 287 1342 295 .
1364 265 1394 306 J
1397 275 1445 295 am
1460 266 1586 296 Pontum
1598 287 1608 302 ,
1624 263 1779 295 Galatiam
1789 289 1800 304 ,
1826 270 2045 309 cappadocffam
2057 291 2069 308 ‚

1192 314 1287 357 Afiam
1299 339 1309 353 ,
1336 323 1428 356 atque
1439 312 1615 352 Bithyniam
1630 311 1741 356 legibus
1757 316 1785 346 E
1789 319 1947 357 vangelicae
1955 321 2071 360 praedi·

1191 370 1317 399 cationis
1330 366 1527 406 impleveras.
1561 363 1695 407 Utique
1706 373 1783 397 ante
1804 367 1958 399 accessum
1970 369 2009 402 ad
2023 380 2072 410 url-

1192 415 1281 449 bem.
1313 414 1355 447 Et
1368 413 1407 448 ad
1420 413 1506 448 hanc
1518 413 1643 448 delatus
1656 425 1735 448 mox
1747 413 1863 457 scripfit
1876 415 1993 456 priores
2005 420 2073 452 suas

1193 465 1314 499 litteras
1327 489 1338 506 ‚
1364 473 1461 506 atque
1476 465 1521 498 ita
1535 464 1634 508 ipsam
1657 464 1833 507 appellavit
1847 463 2052 507 Babylonem
2065 491 2075 500 .

1193 513 1364 562 Qidquid
1390 516 1428 548 fit
1442 539 1452 555 ,
1478 526 1519 548 ex
1533 513 1612 549 urbe
1633 526 1670 551 ac
1683 515 1777 548 ltalia
1793 515 1988 559 proscriptus
2002 539 2012 553 ‚
2040 516 2076 550 in

1195 565 1300 609 Judaea
1312 566 1342 599 se
1353 565 1445 610 geffit
1468 576 1505 598 ut
1520 565 1709 599 Romanum
1723 565 1923 608 Episcopum
1936 590 1944 598 .
1973 564 2079 599 Diser-

1195 615 1226 649 te
1240 615 1304 650 hoc
1317 616 1487 659 profitetur
1510 616 1543 649 in
1558 616 1673 650 litteris
1696 614 1737 650 ad
1749 615 1914 660 Magnum
1930 615 2081 650 Leonem

1194 665 1431 700 Theodoretus
1445 679 1456 698 .·
1484 668 1515 699 51
1532 668 1644 700 Paulus
1658 690 1669 706 ,
1699 669 1801 699 Praeco
1811 671 1955 700 veritatis
1968 690 1978 706 ,
2004 665 2078 699 tuba

1194 717 1325 759 Spiritus
1352 715 1473 755 sanc‘Jt',
1499 717 1544 749 ad
1566 720 1709 760 Magnum
1736 719 1860 749 Petrum
1884 715 1917 759 β·
1937 717 2081 757 contulit,

1196 775 1226 798 ut
1239 773 1276 798 iis
1298 771 1349 809 qui
1371 765 1523 807 Antiochiq
1545 769 1582 800 de
1599 768 1688 810 legali
1714 765 1935 809 conversatione
1955 767 2083 810 ambige-

1197 817 1271 849 bant
1284 842 1294 856 ‚
1321 817 1547 858 explicationem
1569 817 1609 850 ab
1629 818 1679 850 illo
1703 817 1852 858 referret,
1879 817 1969 851 multo
1984 822 2083 860 magis

1198 878 1248 899 nos
1270 866 1393 900 humiles
1419 866 1558 909 &pusilli
1578 869 1623 900 ad
1634 866 1824 910 Apostolrcam
1842 868 1944 901 sedem
1956 866 2084 907 vestram

1197 922 1375 951 accurrimus
1397 942 1408 959 ,
1433 927 1467 951 ut
1487 917 1682 960 Ecclefiarum
1708 917 1853 951 ulceribus
1879 919 2040 952 remedium
2063 918 2085 950 a

1199 967 1285 1000 vobis
1298 973 1481 1012 accipiamus
1494 992 1502 1000 .
1529 967 1708 1004 Cerinthus
1720 980 1774 1012 per
1791 969 1862 1002 suas
1872 967 1913 1002 de
1927 967 2086 1012 legalium

1200 1017 1381 1053 necestitate
1409 1029 1514 1063 nugas
1539 1029 1620 1053 tunc
1646 1018 1796 1053 turbabat
1824 1019 1984 1054 Ecclesias
2003 1043 2010 1051 .
2039 1017 2086 1052 Et

1201 1068 1371 1110 praesertirn
1389 1069 1495 1102 sanai
1514 1067 1609 1102 Pauli
1631 1069 1717 1112 apud
1745 1069 1870 1103 Gentes
1891 1067 2088 1112 praedicatio·

1201 1128 1295 1150 nem.
1321 1118 1432 1163 Quare
1454 1115 1509 1151 hic
1532 1119 1790 1163 Evangelicam,
1816 1130 1886 1161 quae
1904 1118 1981 1153 fidei
2006 1129 2090 1160 quae·

1202 1167 1325 1201 stiones
1347 1167 1449 1201 sancit
1461 1166 1721 1202 Christianitatis
1744 1166 1891 1211 Principi
1913 1168 2089 1208 reservari,

1202 1218 1235 1251 ὅ(
1249 1217 1314 1251 fine
1343 1217 1414 1261 ipso
1436 1226 1524 1251 vetat
1540 1217 1694 1258 definiri,
1721 1217 1867 1262 regulam
1891 1217 2090 1256 observans,

1202 1267 1344 1310 Judaeam
1366 1266 1512 1308 acceffit,
1541 1268 1575 1302 &
1597 1267 1698 1302 Petro
1721 1269 1836 1301 omnia
1862 1268 1994 1308 retulit,
2020 1267 2090 1311 ejus

1202 1318 1370 1351 oraculum
1380 1327 1570 1360 accepturus
1594 1318 1825 1352 &secuturus.
1854 1318 1937 1351 Non
1959 1317 2093 1351 utifixn-

1204 1368 1322 1411 plicem
1333 1367 1507 1412 Collegam
1519 1368 1648 1401 acceffit
1660 1391 1671 1407 ‚
1697 1366 1751 1401 sed
1764 1367 1811 1400 uti
1824 1366 1934 1410 Caput
1951 1369 1984 1402 &
1997 1367 2092 1401 Prin·

1195 1417 1307 1460 'cipem
1320 1442 1327 1449 .
1356 1418 1400 1451 Et
1413 1418 1435 1450 fi
1451 1426 1530 1451 tunc
1541 1417 1648 1451 fuiffet
1661 1417 1776 1451 Petrus
1793 1416 1911 1451 Romae
1923 1442 1933 1458 ‚
1959 1416 2000 1451 eo
2012 1417 2094 1452 Pau-

1206 1468 1255 1501 lus
1278 1466 1422 1501 omnino
1451 1467 1624 1502 acceffiffet
1647 1492 1655 1500 .
1696 1467 1775 1501 Erat
1800 1466 1907 1511 gravis
1932 1467 2091 1511 qnaestio.

1206 1516 1298 1551 Hinc
1316 1517 1542 1561 apostolicam
1556 1516 1730 1559 Synodum
1744 1519 1854 1561 coegit
1871 1517 1986 1551 Petrus
1999 1540 2009 1556 ,
2035 1518 2093 1560 ipsi

1206 1565 1349 1609 praesedit
1375 1590 1387 1606 ,
1415 1564 1530 1600 habuit
1553 1566 1739 1601 Relationis
1762 1565 1995 1602 authoritatem
2022 1592 2032 1607 ,
2059 1568 2095 1601 &

1207 1616 1461 1660 Praerogativam
1486 1615 1649 1662 suffragii.
1677 1617 1760 1665 Qae
1781 1618 1895 1652 omnia
1918 1618 1952 1651 in
1966 1628 2096 1663 genera·

1209 1666 1292 1700 libus
1306 1666 1454 1701 Ecclefiae
1468 1666 1613 1709 Synodis
1632 1665 1728 1702 habet
1742 1668 1841 1704 etiam
1864 1668 2097 1703 Romanorum

1211 1716 1405 1759 Episcopus.
1436 1717 1527 1764 Qia
1549 1716 1665 1760 nempe
1690 1719 1833 1752 succedit
1857 1718 1972 1761 injura
1987 1716 2096 1752 Sancti

1209 1766 1319 1800 Petri.
1350 1767 1393 1800 Et
1417 1766 1451 1799 in
1468 1767 1532 1800 isto
1554 1766 1660 1800 Sancti
1682 1766 1778 1800 Pauli
1801 1769 1886 1800 facto
1901 1766 2096 1801 Theodore-

1209 1826 1259 1849 tus
1271 1815 1353 1849 reste
1375 1816 1515 1849 affirmat
1540 1815 1671 1849 fundari
1684 1814 1855 1850 Romanas
1866 1818 2018 1851 omniurn
2038 1817 2099 1850 Ec-

1209 1865 1373 1899 clefiarum
1386 1864 1597 1899 Relationes.
1627 1865 1702 1899 Has
1724 1868 1787 1901 effe
1812 1866 1987 1901 Canonem
2005 1867 2099 1910 Apo-

1211 1915 1386 1949 stolicum.
1415 1915 1524 1948 Immo
1546 1914 1592 1947 est
1619 1915 1651 1947 &
1671 1915 1889 1959 Evangelicus
1913 1940 1919 1947 .
1950 1918 2000 1949 Ex
2028 1915 2094 1950 hoc

1210 1965 1298 1997 enim
1310 1964 1431 1996 Paulus
1454 1964 1518 1996 fuit
1546 1973 1715 2006 operatus.
1744 1964 1830 1998 Ecce
1851 1964 2009 2000 Calvinus
2020 1966 2092 2000 ubi-

1211 2024 1273 2056 que
1286 2012 1521 2046 contunditur.

1261 2062 1304 2097 Et
1323 2061 1401 2097 hinc
1412 2061 1453 2096 de
1466 2061 1527 2097 hac
1541 2061 1610 2105 ejus
1623 2063 1768 2099 vanitate
1781 2076 1896 2100 omnes
1908 2065 1972 2108 jam
1986 2065 2097 2110 paffim

1212 2113 1399 2148 Calvinistae
1409 2112 1600 2148 erubescunt
1611 2139 1618 2146 .
1646 2115 1750 2157 Ipsam
1763 2125 1871 2150 tamen
1886 2128 1954 2151 non
1976 2118 2021 2152 ita
2035 2118 2099 2160 pri-

2099 680 2221 717 Ep.1x3.

1212 2162 1287 2197 dem
1300 2163 1334 2196 in
1348 2162 1447 2197 Notis
1459 2163 1500 2197 ad
1513 2164 1618 2198 SanCti
1631 2164 1761 2208 Sulpitii
1775 2167 1879 2200 Severi
1901 2165 2123 2205 Chronicou»

1213 2213 1377 2256 resumpsit
1399 2212 1506 2248 homo
1528 2213 1709 2250 Calvinista
1734 2215 1897 2261 Georgius
1924 2217 2100 2253 Hornius:

1212 2265 1243 2295 δι’
1264 2266 1373 2297 Petrus
1386 2274 1548 2306 numquam
1565 2265 1758 2307 Romaefuit‚
1783 2268 1975 2309 quomodoibi
1999 2276 2100 2304 cruci-i

1208 2311 1290 2354 fixus
1309 2313 1322 2345 ?
1350 2318 1437 2347 Nam
1460 2314 1606 2354 Babylone
1628 2317 1752 2350 videtur
1774 2320 1955 2356 Martyrium
1970 2319 2099 2361 passus,

1211 2362 1260 2395 ubi
1279 2367 1379 2395 vixit.
1407 2364 1475 2396 Ideo
1496 2366 1633 2398 Clemens
1645 2371 1678 2399 in
1714 2365 1830 2408 epistola
1850 2368 1895 2400 ad
1904 2368 2101 2409 Corinthios,

1211 2412 1275 2445 cum
1287 2412 1401 2455 dixiffet
1412 2414 1540 2447 Paulum
1547 2411 1602 2457 suh
1612 2419 1754 2449 Romanis
1770 2417 1961 2459 Principibus
1967 2419 2098 2462 paffum,

1207 2461 1306 2504 postea
1313 2461 1469 2507 subjungit
1482 2467 1605 2498 Petrum
1617 2465 1668 2508 esse
1676 2467 1789 2509 passum
1803 2475 1978 2506 martyrium
1988 2493 1999 2509 ‚
2025 2471 2097 2502 nul-

1211 2512 1270 2545 lius
1295 2513 1345 2545 loci
1375 2520 1522 2548 mentione
1537 2514 1648 2557 falla.
1675 2518 1759 2558 ,Quia
1779 2519 1858 2551 locus
1878 2519 2019 2560 pafflonis
2030 2520 2097 2559 ejus

1210 2570 1279 2595 tunc
1299 2563 1511 2606 ignorabatur.
1538 2569 1625 2598 Nam
1648 2566 1781 2604 Babylon
1801 2576 1869 2600 erat
1896 2566 1953 2610 sub
1976 2577 2099 2602 externa

1212 2615 1367 2646 Dominio.
1397 2614 1547 2657 Exponit
1562 2614 1721 2657 Eutychii
1735 2614 1930 2652 patriarchae
1952 2617 2097 2653 Alexan-

1211 2662 1294 2696 drini
1321 2686 1333 2704 ,
1360 2662 1449 2698 Petri
1471 2663 1650 2707 paffionem
1674 2665 1914 2702 transcribentis
1935 2669 1971 2701 in
1992 2669 2098 2702 Nero-

1212 2712 1302 2747 niani
1325 2712 1458 2757 Imperii
1479 2715 1638 2755 exordia,
1666 2716 1860 2759 opinionem
1887 2716 2096 2757 &errorem,

1210 2772 1306 2806 atque
1316 2761 1508 2797 concludit:
1534 2769 1585 2797 Ex
1597 2764 1705 2805 quibus
1714 2771 1800 2805 patet
1819 2770 1948 2797 incertas
1961 2774 2096 2800 veterum

1209 2813 1388 2846 traditiones
1402 2823 1466 2847 tum
1476 2814 1602 2854 deloco,
1628 2821 1693 2846 tum
1703 2815 1739 2847 de
1749 2822 1877 2855 tempore
1885 2814 2016 2856 paffionis
2038 2819 2095 2850 Pe-

1212 2868 1252 2896 tri
1254 2862 1341 2905 fuisse
1354 2885 1363 2899 ,
1388 2863 1555 2896 &tandem
1561 2861 1712 2905 plerosque
1737 2868 1769 2895 in
1780 2870 1967 2905 receptiorem
1987 2871 2096 2907 opinio·

1211 2925 1276 2948 nem
1296 2910 1472 2956 consen-fille,
1497 2913 1664 2955 crucifixum
1685 2917 1806 2954 Rome,
1835 2915 1900 2948 cum
1920 2917 2000 2958 quod
2017 2919 2094 2950 certo

1210 2964 1363 3007 assererent
1389 2987 1400 3004 ,
1426 2974 1485 2996 non
1507 2962 1650 2997 haherent
1667 2987 1674 2996 .
1704 2963 1900 3007 Respondeo
1924 2964 2096 3002 hominem

1212 3014 1295 3048 varie
1308 3012 1374 3047 labi
1387 3039 1395 3046 .
1425 3013 1509 3060 Qis
1521 3014 1610 3047 enim
1623 3011 1775 3059 antiquus
1788 3014 1932 3050 Ecclefiae
1950 3016 2097 3060 scriptor

1211 3065 1347 3099 affirmat
1369 3063 1502 3099 Petrum
1534 3063 1709 3107 Babylone
1724 3064 1861 3106 vixisse,
1886 3076 1943 3100 aut
1966 3067 2028 3100 eise
2041 3065 2097 3101 de-

1211 3116 1357 3150 functum
1370 3115 1387 3147 ,²
1414 3112 1550 3148 penitas
1562 3125 1662 3148 nemo
1672 3139 1679 3146 .
1707 3116 1826 3150 Homo
1839 3127 1880 3150 ex
1895 3117 1953 3150 suo
1964 3115 2097 3150 cerebro

1211 3165 1370 3201 fabulatur
1379 3190 1386 3197 .
1415 3164 1524 3199 Etiam
1537 3165 1682 3199 Romani
1696 3165 1879 3200 Clementis
1891 3165 2014 3200 litteras
2026 3177 2097 3210 pra-

1212 3215 1251 3251 νὲ
1262 3217 1498 3259 interpretatur.
1524 3214 1626 3261 Qod
1640 3213 1729 3250 enim
1743 3214 1791 3251 hae
1801 3216 1962 3250 affirment
1974 3225 2096 3251 utrum-

1214 3278 1277 3310 que
1288 3265 1485 3310 Apostolum
1497 3264 1614 3300 eodem
1632 3265 1667 3300 in
1679 3265 1775 3305 loco,
1801 3266 1984 3309 eodemque
2003 3276 2095 3300 anno

1214 3317 1249 3352 ὃ(
1261 3317 1314 3353 die
1325 3317 1446 3363 passum
1462 3339 1474 3358 ,
1497 3316 1586 3361 ,supra
1597 3314 1693 3351 nobis
1702 3316 1789 3352 dixit
1799 3315 1947 3353 Michael
1960 3315 2096 3399 Glgcas.

2029 3374 2043 3399 t
