2346 3724
371 127 465 174 362
854 115 1186 162 Seno

296 204 374 238 rcnfi
389 200 497 245 postea
510 199 676 238 mandavit
687 201 902 238 Innocentius
913 202 1046 238 tertius.
1071 202 1113 236 Et
1125 201 1175 233 ad-

164 276 215 305 m,
297 254 391 289 duna
403 263 459 297 per
471 251 573 294 ipsum
585 252 667 289 ratio
688 252 797 288 locum
809 251 907 287 habet
927 253 959 284 in
975 252 1092 296 quovis
1104 252 1174 286 Cle-

122 289 281 347 merenti-³.
298 303 389 345 rico,
417 302 556 350 ideoque
574 303 715 338 omnino
727 303 853 336 videtur
875 303 906 335 se
916 300 1096 336 fundarein
1110 302 1174 336 lau-

123 367 149 394 ς,
164 366 189 389 c.
208 364 251 389 ω,
296 353 377 389 dato
398 353 541 388 Decreto
559 352 710 389 Urbani.
737 352 831 387 Hinc
851 351 932 386 item
956 363 1029 387 nata
1053 352 1099 385 est
1118 353 1172 385 illa

298 403 451 440 Mauritii
466 402 669 439 Piaavienfis
683 401 836 444 Episcopi
860 400 1000 442 techna,
1024 401 1172 437 adversus

162 471 223 504 Lib,
250 482 278 509 3·
299 465 397 499 quam
411 452 558 487 laudatus
578 452 807 486 innocentius,
835 453 1012 486 Audivimus
1033 453 1169 497 quodan-

137 514 189 552 ΕΡ,
213 515 277 552 184·
295 510 514 548 nopraetcriro,
526 511 688 546 antequam
701 502 830 537 Ordines
840 502 1003 537 celebrares
1018 526 1027 541 ,
1050 511 1106 544 per
1116 501 1167 543 of.

289 556 420 601 ficialem
441 563 525 588 tuum
546 553 567 587 ἃ
590 553 723 587 ducentis
741 550 810 594 fere*
822 553 947 586 clericis
967 554 1146 586 ordinandis
1159 576 1167 591 ,

294 613 328 640 in
339 603 490 646 elusionem
513 601 720 643 constitutionis
733 601 912 645 Aptfiolicae,
936 614 996 644 qua
1006 603 1165 636 Ordinatis

284 656 349 699 fine
370 655 454 691 titulo
472 662 527 695 per
547 653 743 687 ordinatores
764 675 775 691 ‚
803 653 854 687 vel
871 651 1142 695 Repraej'entatores
1156 677 1166 694 ,

290 715 344 739 aut
355 706 520 747 Successorcs
532 713 628 736 eorum
651 704 787 738 volumus
793 704 952 746 provideri
963 727 973 741 ,
992 701 1092 744 fecisti
1103 707 1164 736 exi-

282 763 318 803 gi
337 758 472 797 &recipi
486 755 687 794 Juramenta,
713 754 792 794 quod
812 753 925 787 nullam
948 755 968 787 ei
992 750 1163 795 teprovlsio-

287 818 356 841 nem
382 810 530 850 exigerent
552 808 667 837 ratione
686 804 892 836 Ordinationis
917 803 998 836 illius
1013 827 1020 835 .
1047 806 1084 836 In
1107 814 1163 845 quo

285 867 350 891 cum
361 866 417 889 non
430 853 570 888 habueris
574 854 723 895 judicium
735 853 936 892 necjullitiam
950 877 960 892 ‚
981 850 1109 898 sedjuri
1127 855 1161 887 6·

284 903 527 947 sedtapostoltcae
548 906 693 947 injuriam
708 902 816 947 feceris
828 901 1014 944 manifestam
1029 926 1040 943 ‚
1063 902 1160 947 trans-

278 957 409 1002 gnffonl
418 961 572 991 Canonum
583 955 760 996 adaperiens
771 954 889 987 aditum
902 977 913 994 ‚
925 955 959 988 (⁸1
973 959 1071 988 nitens
1084 954 1158 987 clau-

280 1007 352 1040 dere
371 1011 456 1040 viam
475 1003 636 1047 provistom
654 1011 817 1047 pauperum
825 1003 1020 1039 „clericorum
1031 1028 1042 1044 ‚
1067 1014 1159 1047 quam

279 1061 325 1092 eis
333 1065 389 1099 per
405 1054 642 1096 constitutionem
663 1053 789 1094 nostram
798 1052 1021 1096 misericorditer
1037 1059 1153 1087 curavi-

277 1118 342 1142 mus
363 1112 494 1148 aperire,
527 1106 605 1141 Haec
624 1104 691 1147 ejus
715 1103 910 1139 constitutio
931 1105 977 1139 est
991 1104 1154 1139 laudarum

279 1157 485 1200 Rescriptum
498 1154 537 1190 ad
555 1154 750 1199 Episcopum
764 1152 1011 1189 Zamorrensern
1023 1179 1030 1188 .
1047 1154 1154 1189 Etiam

275 1208 309 1243 in
324 1206 427 1243 hocce
449 1204 489 1239 ad
502 1204 696 1240 Mauritium
711 1204 881 1248 Rescripto
899 1204 1045 1249 loquitur
1058 1216 1153 1249 gene-

273 1257 385 1293 raliter
403 1257 449 1292 de
465 1255 559 1290 omni
580 1254 711 1289 Clerico
732 1279 742 1295 ,
769 1265 866 1296 atque
886 1255 930 1288 ita
956 1255 989 1287 in
1017 1264 1154 1296 utroque

273 1306 411 1343 Urbani
438 1305 714 1342 tertiiDecretum
738 1303 879 1340 omnino
903 1302 1029 1340 videtur
1038 1305 1153 1340 confir-

260 1368 360 1392 vmare
370 1380 377 1390 .

322 1405 446 1440 Verum
458 1404 572 1440 abusus
586 1403 783 1446 pedetentim
797 1401 879 1436 adeo
890 1402 1007 1437 revixit
1023 1427 1033 1443 ,
1058 1413 1094 1436 ut
1107 1403 1149 1437 in-

267 1465 316 1491 ter
325 1467 459 1492 centum
472 1454 622 1490 adversus
634 1454 767 1487 Clerum
781 1464 848 1487 non
861 1453 1028 1487 toleranda
1040 1464 1150 1497 grava-

267 1507 358 1543 mina
372 1531 382 1547 ‚
393 1517 462 1550 quae
475 1505 492 1542 ὲ
504 1505 682 1539 Conventu
698 1503 970 1549 Nurembergenfi
982 1503 1021 1537 ad
1035 1503 1149 1538 Adria>

265 1568 347 1593 num
361 1558 485 1596 sextum
500 1555 610 1591 retulit
622 1579 633 1596 ,
659 1554 693 1587 ὅ(
705 1554 826 1598 porrigi
839 1553 955 1588 institit
968 1554 1058 1589 natio
1071 1553 1148 1587 Ger-

263 1608 396 1644 manica
409 1632 419 1647 ‚
446 1605 704 1650 quadragesimus
726 1605 881 1647 septimus
900 1604 1054 1639 articulus
1069 1603 1150 1637 affir-

263 1667 329 1694 met
341 1657 381 1693 ab
393 1656 562 1700 Episcopis
573 1654 683 1699 passim
708 1654 773 1690 fine
794 1654 827 1688 ἀ
844 1653 990 1687 beneficii
1007 1654 1040 1688 δε
1054 1654 1147 1698 patri-

261 1707 480 1744 moniititulo
502 1706 645 1741 ordinari
659 1703 1037 1748 hominesineptiffimos
1053 1727 1066 1747 ‚
1091 1703 1147 1749 qui

260 1758 371 1803 postea
381 1769 422 1790 ex
435 1755 625 1790 scandalofis
639 1754 787 1788 sordibus
799 1754 832 1788 ἀ
850 1755 954 1797 pravis
965 1753 1086 1788 artibus
1095 1765 1149 1788 coa

260 1818 380 1852 gantur
393 1817 468 1841 curn
480 1804 672 1839 Christianae
685 1803 872 1846 Religionis
885 1803 1040 1839 dedecore
1061 1803 1147 1837 vieti-

258 1868 328 1891 tare
338 1882 345 1890 .
375 1857 418 1891 Et
432 1856 517 1891 inter
527 1853 670 1896 antiquae
680 1851 858 1895 disciplinae
871 1852 1027 1887 articulos
1041 1876 1051 1891 ,
1063 1864 1147 1896 quos

257 1907 278 1944 ὲ
290 1909 375 1942 sacra
389 1903 589 1938 Tridentina
602 1902 739 1944 synodo
750 1901 874 1934 restitui
896 1902 990 1944 petiit
1008 1902 1146 1936 Carolus

257 1968 367 1992 nonus
380 1954 498 1991 Galliae
511 1953 585 1989 Rex
599 1976 610 1992 ‚
637 1950 691 1985 hic
701 1949 762 1983 fuit
775 1950 889 1984 tertius
899 1963 910 1984 .·
938 1951 1048 1983 Nullus
1061 1951 1147 1993 Pres-

257 2007 336 2045 bmr
358 2005 532 2043 ordinetur,
561 2007 608 2037 cut
628 2012 687 2036 non
709 2001 846 2034 continue
862 1997 1024 2042 secundum
1047 2003 1148 2032 Conci·

257 2061 329 2094 lium
341 2051 576 2096 chalcedonense
585 2053 673 2087 detur
683 2052 745 2084 unci
754 2061 817 2083 cum
827 2051 942 2084 Ordine
954 2049 1123 2092 beneficium
1132 2074 1142 2090 ,

257 2116 310 2142 aut
323 2105 512 2144 ministerium
529 2102 653 2145 aliquod
663 2099 904 2140 Ecclefiasticum·
934 2101 980 2134 Sic
1000 2105 1078 2134 enim
1096 2099 1146 2141 fie-

258 2159 334 2190 bant
345 2157 557 2190 ordinationes
569 2154 589 2187 ἃ
596 2149 702 2195 priscis
714 2151 774 2184 illis
788 2150 932 2184 Patribus
943 2173 955 2190 ,
980 2156 1029 2192 qu}
1042 2153 1144 2184 titulos

258 2206 478 2248 Presbyteralcs
493 2229 504 2245 ,
529 2204 619 2237 multo
632 2201 731 2245 postea
752 2209 881 2242 tempore
901 2206 1038 2234 inventos
1052 2225 1062 2240 ,
1087 2212 1145 2234 non

257 2264 441 2302 agnoverunt
463 2281 471 2291 .
499 2253 680 2289 Postulavit
714 2263 773 2295 pro
810 2251 886 2286 solis
922 2250 1122 2293 Presbyteris
1136 2263 1143 2283 :

256 2308 362 2356 Qod
389 2307 518 2351 plenam
528 2303 629 2340 totius
642 2300 919 2336 Chalcedonensis
940 2301 1088 2335 Canonis
1099 2313 1144 2335 re·

258 2359 463 2404 parationem
487 2356 611 2390 videret
633 2352 814 2395 depravatis
834 2350 1079 2386 noviffimorum
1096 2352 1143 2386 sae·

257 2410 409 2443 culorum
434 2405 581 2441 moribus
592 2402 821 2447 impossibilem
832 2426 839 2433 .
868 2400 1015 2436 Laudata
1035 2411 1142 2435 tamen

259 2459 413 2503 synodus
445 2457 491 2493 est
524 2454 659 2492 ulterius
691 2453 849 2497 progresia
868 2476 875 2485 .
914 2450 1056 2486 Nullum
1077 2451 1144 2484 fine

260 2507 461 2552 competenti
473 2505 636 2542 beneficio
647 2513 702 2538 aut
714 2501 915 2546 patrimonio
932 2501 1075 2545 permisit
1095 2513 1145 2535 or-

260 2558 388 2597 dinari,
414 2557 595 2600 adjungens
617 2565 734 2588 omnes
755 2553 795 2586 ad
808 2549 1145 2595 patrimoniititulum

261 2607 431 2643 ordinatos
450 2605 586 2640 adscribi
610 2603 794 2638 ministerio
816 2613 909 2636 certae
922 2601 1087 2644 Ecclesiae,
1113 2602 1146 2636 δε

264 2658 393 2693 nullum
404 2655 549 2690 ordinari
562 2653 753 2697 permittens
766 2675 776 2690 ,
802 2651 861 2684 nisi
874 2662 955 2693 quos
967 2651 1147 2694 Episcopus

263 2709 303 2742 ad
326 2708 392 2742 tale
415 2704 628 2741 ministerium
651 2700 864 2744 necessarios,
889 2710 945 2735 aut
957 2700 1041 2737 certe
1053 2702 1147 2737 utiles

263 2758 416 2804 judicaret
428 2782 436 2792 .

555 2910 639 2954 Sine
674 2909 814 2952 Matre
823 2939 836 2951 .

302 3058 450 3105 Exponit
462 3055 526 3092 hoc
538 3056 572 3090 in
585 3053 727 3090 secundo
737 3053 778 3088 de
789 3051 1019 3088 Ecclesiasticis
1032 3051 1148 3087 officiis

266 3112 352 3147 libro
361 3111 493 3146 sanetus
504 3105 641 3141 Isidorus
651 3105 831 3149 Epifcopus
843 3103 1042 3146 Hispalensis
1054 3116 1061 3136 :
1083 3107 1150 3139 Duo

205 3158 334 3217 “fur
482 3157 678 3240 φὼς-’τπ-
704 3159 802 3237 ῖῑῑ;“
823 3151 1149 3237 ῗιῑῑίῑίῑξὶῖῑῑτηὲῡ

266 3206 617 3302 ζῖἰέἱῗὶῖσῇξῖιζξὲξιίι,
633 3217 726 3297 θέιῑῖνη
741 3228 907 3297 seq'uantur
929 3212 1148 3298 igrssrantiuni’.

270 3309 432 3344 Absolute
445 3307 615 3343 ordinatos
625 3305 771 3340 Clericos
784 3329 794 3345 ‚
819 3303 909 3347 quod
922 3314 1026 3346 neque
1047 3302 1148 3336 ullam

270 3358 446 3394 Ecclesiam
468 3359 502 3391 in
528 3367 684 3395 matrem,
710 3365 814 3398 neque
832 3353 936 3388 ullum
952 3352 1147 3395 Episcopum

271 3409 415 3445 habeant
435 3406 470 3441 in
492 3417 614 3450 patrem
627 3430 639 3447 ,
665 3405 746 3440 teste
764 3403 937 3449 appellavit
958 3400 1146 3447 acephalos.

1259 130 1279 159 L
1351 129 1363 161 1

1245 200 1283 232 Et
1297 201 1600 245 Regia-Ticin-enfis
1611 202 1778 244 synodus:
1807 206 1904 238 Nulla
1924 210 2039 239 rat-tone
2050 210 2117 240 Cle-

1240 255 1293 282 rici
1319 262 1372 284 aut
1393 254 1412 285 5
1414 253 1562 285 acerdotes
1581 251 1712 285 habenda·
1728 252 1801 295 sunt
1823 279 1834 294 ‚
1856 261 1909 299 qui
1922 254 1983 298 sub
2004 259 2114 290 nullius
2129 249 2190 280 (3²¹¹
2215 257 2257 282 13-

1241 300 1378 344 Episcopi
1391 300 1548 343 disciplina
1559 304 1593 335 (9·
1601 304 1798 344 providentia
1803 305 2011 347 gubernantur
2019 331 2026 339 .
2055 310 2114 340 Ta-

1235 352 1277 383 les
1288 356 1365 385 enim
1375 351 1528 393 acephalos
1536 375 1546 391 ‚
1556 354 1593 385 id
1602 352 1640 393 est
1651 376 1661 392 ‚
1668 351 1729 393 sine
1739 360 1837 394 capite
1848 378 1858 394 ‚
1866 354 1968 398 prisca
1980 357 2112 398 Ecclefiae

1234 400 1405 444 consuetudo
1432 407 1617 444 nuncupavit
1627 428 1635 435 .
1665 401 1841 437 Catholica
1868 403 2003 440 Ecclesia
2023 431 2034 447 ,
2061 408 2111 441 uti

1234 461 1286 493 per
1297 451 1461 495 Baptisma
1471 462 1605 497 generat
1623 465 1680 487 om
1686 463 1741 487 nes
1753 452 1864 487 fideles
1874 478 1885 495 ,
1908 457 2007 491 etiam
2019 456 2112 491 haere-

1233 501 1316 534 ticos
1327 525 1338 541 ,
1366 502 1411 536 ita
1431 513 1485 546 per
1503 503 1740 537 sacrosanctum
1761 503 1990 540 ordinationis
2002 509 2111 542 Sacra-

1233 562 1379 585 mentum
1404 562 1491 586 creat
1502 563 1617 587 omnes
1637 553 1818 596 Episcopos
1829 553 1863 588 ὅ(
1875 553 2018 591 clericos
2028 582 2038 597 ,
2063 569 2109 591 et-

1232 603 1295 636 iam
1317 600 1489 645 acephalos
1510 604 1564 638 seu
1585 603 1732 638 absolute
1756 603 1925 639 ordinatos
1951 629 1960 637 .
1999 607 2107 641 Etiam

1229 650 1394 686 haereticos
1403 678 1410 685 .
1439 652 1533 688 Hinc
1552 653 1642 688 enim
1662 653 1855 689 Patriarchae
1874 664 1931 688 aut
1942 655 2106 700 Metropo—

1228 701 1289 742 litae
1301 702 1500 747 Episcopum
1509 705 1739 738 consecratum
1751 705 1892 739 affistens
1905 705 2082 748 Episcopus
2094 732 2104 746 ‚

1227 751 1375 787 Clericos
1396 754 1624 788 consecratum
1635 753 1798 798 Episcopo
1819 754 1976 789 acclamat
1990 756 2105 789 Archi-

1226 802 1420 838 Diaconus:
1445 804 1633 838 Venerabilis
1653 806 1746 838 Pater
1753 804 1879 847 postulat
1886 803 1995 847 sanc‘Ia
2008 813 2103 838 mares·

1223 852 1348 893 Ecclefia
1358 877 1370 894 ,
1395 861 1429 886 ut
1439 854 1490 887 bos
1515 855 1633 888 Elcc‘los
1652 853 1818 898 confi-cretis
1827 879 1835 887 .
1860 854 1936 888 Sine
1961 854 2024 889 hoc
2038 867 2104 889 ma-

1223 913 1315 936 terno
1326 904 1428 938 totius
1440 905 1548 938 sandiae
1559 906 1592 939 δε
1609 904 1788 940 Catholicae
1798 905 2045 939 communionis
2055 906 2103 938 in-

1221 953 1312 987 fluxu
1336 955 1446 989 nullus
1469 955 1562 998 possit
1588 957 1766 999 regenerari
1789 957 1822 988 in
1854 954 2079 995 Christianum
2091 981 2102 995 ,

1221 1004 1330 1038 nullus
1351 1004 1387 1037 in
1410 1004 1575 1038 Clericum
1586 1005 1790 1048 promoveri.
1817 1004 1891 1040 Nec
1909 1004 1995 1048 apud
2007 1004 2103 1040 haere-

1219 1053 1303 1087 ticos
1314 1078 1321 1085 .
1350 1052 1476 1088 Verum
1489 1065 1607 1098 magna
1619 1055 1678 1089 ista
1696 1066 1798 1089 mater
1809 1055 1879 1089 illic
1889 1066 1944 1099 per
1955 1055 2099 1091 alienum

1220 1113 1346 1137 uterum
1359 1114 1491 1148 generat
1501 1129 1512 1145 ,
1537 1114 1623 1139 creat
1634 1116 1690 1148 per
1701 1105 1823 1139 alienas
1834 1116 1951 1139 manus
1961 1129 1969 1137 .
1996 1106 2052 1139 Ad
2065 1106 2100 1138 il-

1221 1154 1287 1187 lum
1300 1154 1436 1187 modum
1447 1179 1457 1193 ,
1471 1165 1538 1197 quo
1551 1154 1627 1188 Sara
1638 1166 1679 1188 ex
1691 1155 1817 1189 ancillae
1828 1164 1920 1189 utero
1930 1156 2099 1199 generavit

1219 1203 1384 1237 ismaelem
1397 1229 1404 1237 .
1435 1204 1478 1237 Et
1493 1203 1571 1237 hinc
1580 1203 1711 1247 quaestio
1722 1204 1781 1243 est,
1792 1204 1979 1251 Qomodo
1990 1203 2044 1237 hic
2053 1205 2100 1238 di-

1216 1263 1267 1288 cat
1278 1253 1452 1295 Septimius
1462 1252 1608 1288 absolute
1620 1253 1789 1287 ordinatos
1802 1253 1947 1287 Clericos
1956 1254 2019 1288 effe
2030 1253 2099 1288 fine

1217 1313 1315 1337 matre
1326 1305 1339 1336 ἒ
1359 1302 1557 1346 Respondeo
1570 1302 1667 1337 hosce
1679 1303 1826 1337 Clericos
1834 1305 1896 1338 effe
1906 1303 2053 1347 projeffls
2062 1304 2097 1338 dc

1214 1352 1367 1396 expositis
1378 1353 1456 1387 filiis
1466 1352 1604 1392 similes,
1615 1353 1670 1396 qui
1684 1352 1804 1391 habent
1816 1364 1952 1387 matrem
1963 1353 2015 1392 ,δε
2027 1365 2098 1388 non

1217 1402 1346 1437 habent.
1359 1403 1496 1438 Habent
1508 1403 1615 1447 quoad
1625 1403 1882 1448 generationem,
1891 1415 1958 1438 non
1971 1403 2097 1438 habent

1217 1453 1324 1496 quoad
1337 1453 1595 1488 alimentationis
1605 1453 1656 1487 lac
1668 1477 1678 1493 ,
1706 1454 1740 1488 δε
1752 1464 1934 1488 maternum
1945 1453 2096 1488 ministe-

1213 1505 1296 1538 rium
1307 1528 1314 1537 .
1338 1503 1468 1551 Qaevis
1479 1501 1654 1538 Catholica
1669 1503 1809 1539 Ecclesia
1820 1502 1918 1538 habet
1928 1503 1987 1538 fibi
1999 1503 2095 1538 mini-

1212 1554 1381 1588 strantium
1401 1553 1606 1588 Clericorum
1627 1553 1772 1588 tabulam
1794 1578 1806 1594 ,
1830 1554 1932 1598 ipsam
1953 1553 2094 1597 appellat

1211 1605 1421 1638 Matriculam
1431 1629 1441 1644 ,
1453 1604 1486 1638 δε
1497 1604 1553 1647 ipsi
1562 1603 1731 1647 inscriptos
1743 1605 1825 1648 regit
1835 1614 1933 1648 atque
1942 1604 2000 1637 alit
2012 1611 2048 1637 ut
2058 1604 2095 1638 fi-

1210 1652 1356 1689 lios.Alit
1372 1655 1406 1688 &
1419 1654 1452 1688 in
1464 1653 1577 1698 spiritu
1586 1653 1619 1688 &
1631 1654 1665 1687 in
1677 1665 1822 1698 corpore.
1833 1655 1926 1688 Olim
1939 1662 2095 1696 petimen-

1209 1705 1319 1740 surnas
1329 1704 1502 1739 divisiones
1518 1716 1557 1739 ac
1568 1704 1725 1747 sportulas
1738 1726 1749 1743 ‚
1772 1715 1861 1739 nunc
1873 1716 1927 1748 per
1936 1703 2095 1739 beneficia.

1209 1764 1264 1789 aut
1274 1755 1376 1790 alium
1392 1754 1527 1788 modum
1539 1779 1546 1787 .
1572 1754 1649 1788 Istic
1662 1765 1730 1788 non
1749 1752 1886 1800 scriptos
1905 1766 1965 1790 nec
1988 1754 2107 1799 regit,⁴

1208 1816 1268 1838 nec
1280 1805 1344 1839 illis
1360 1805 1434 1839 suos
1444 1805 1559 1839 titulos
1572 1813 1628 1838 aut
1640 1804 1818 1839 ministeria
1831 1804 1951 1840 dividit
1964 1828 1973 1836 .
1996 1803 2090 1836 Hinc

1207 1855 1381 1896 Septimius
1404 1865 1471 1888 non
1494 1863 1610 1887 omnes
1619 1877 1631 1891 ,
1656 1854 1709 1886 sed
1729 1853 1900 1888 dumtaxat
1921 1853 2091 1897 plerosque

1206 1902 1430 1938 haereticorum
1455 1902 1632 1944 Episcopos
1642 1902 1676 1935 &
1688 1900 1834 1936 Clericos
1853 1903 1940 1937 dixit
1949 1906 2013 1939 effe
2022 1904 2089 1937 fine

1206 1963 1308 1986 matre
1318 1976 1325 1984 .
1352 1953 1443 1996 Qia
1453 1951 1571 1992 nempe
1580 1950 1621 1983 ad
1633 1959 1756 1983 certum
1777 1952 1911 1988 titulum
1922 1957 2088 1990 consecra-

1205 2002 1231 2035 ti
1256 2000 1349 2034 illam
1372 1998 1493 2033 habent
1505 2023 1512 2030 .
1539 1997 1601 2031 Ast
1626 1998 1780 2032 ancillam
1806 2011 1844 2033 ac
1863 2003 2062 2044 repudiatam
2073 2030 2085 2046 ‚
2144 2033 2147 2037 ,

1206 2061 1273 2085 non
1297 2049 1432 2085 liberam
1445 2074 1453 2081 .
1482 2048 1669 2082 Creationis
1680 2048 1731 2082 seu
1743 2050 2001 2088 consecrationis
2021 2064 2090 2087 ma-

1205 2111 1253 2135 ter
1276 2100 1320 2133 est
1336 2098 1523 2133 universalis
1533 2123 1546 2139 ,
1572 2098 1742 2132 ministerii
1769 2111 1806 2133 ac
1833 2100 2090 2139 alimentationis

1206 2161 1305 2185 mater
1317 2149 1363 2185 est
1375 2150 1483 2193 aliqua
1496 2149 1665 2195 singularis
1679 2149 1820 2184 Ecclesia
1831 2175 1839 2182 .

1435 131 1467 160 O
1539 134 1569 162 N
1610 139 1613 141 ’

1533 2305 1564 2348 S
1565 2304 1617 2347 ine
1653 2298 1743 2347 Sede
1757 2336 1769 2347 .

1257 2450 1358 2485 Hanc
1367 2449 1483 2485 Sedem
1494 2447 1631 2493 exponit
1646 2449 1712 2493 ipse
1724 2448 1896 2491 Septimius
1907 2450 1940 2484 in
1954 2450 2036 2486 libro
2047 2451 2088 2487 ad

1209 2500 1400 2535 Castitatem
1421 2498 1647 2534 exhortatorio
1659 2513 1670 2533 .-
1698 2499 1905 2539 Differentiam
1923 2507 2002 2535 mter
2012 2503 2087 2533 ordr-

1208 2553 1308 2584 dinem
1321 2551 1476 2592 &plebem
1487 2549 1629 2589 constituit
1641 2547 1771 2589 Ecclefiae
1781 2548 1949 2583 authoritas
1960 2575 1972 2591 ,
1995 2552 2029 2584 (τ
2041 2551 2088 2584 ho-

1208 2613 1259 2634 nor
1269 2609 1324 2643 per
1336 2602 1461 2634 Ordinis
1471 2598 1832 2643 conseffumsanfflficatus
1843 2625 1850 2632 .
1878 2599 1942 2634 Iste
1962 2602 2089 2636 conses-

1204 2652 1259 2684 sus
1282 2652 1334 2683 seu
1355 2649 1414 2683 ista
1427 2649 1521 2684 Sedes
1532 2650 1614 2683 olim
1635 2659 1703 2683 erat
1726 2648 2022 2695 tantaedignitatis,
2049 2661 2089 2686 ut

1208 2701 1249 2735 de
1262 2698 1454 2743 quibusdam
1476 2700 1605 2733 intrusis
1616 2698 1818 2742 Presbyteris
1829 2700 2089 2736 scribarSanstus

1201 2751 1362 2784 ,lrenaeusz
1392 2751 1582 2791 Principalis,
1595 2747 1767 2791 conseffionis
1786 2749 1891 2783 honore
1910 2752 1981 2784 elati
1993 2750 2066 2794 sunt
2080 2775 2090 2784 .
2104 2741 2164 2773 Lib·
2182 2751 2211 2776 ⁴·

1210 2800 1357 2835 Eandem
1366 2801 1564 2844 dignitatem
1585 2799 1621 2832 in
1633 2799 1696 2833 suis
1707 2799 1822 2834 litteris
1838 2800 1946 2835 laudat
1956 2801 2088 2844 Martyr
2102 2790 2214 2822 ⁶²⁹⁴*

1210 2851 1374 2895 ignatius.
1402 2851 1447 2884 Et
1468 2850 1602 2884 San-stus
1623 2848 1809 2893 Cyprianus
1832 2849 1874 2885 de
1895 2850 2033 2886 Aurelio
2053 2853 2088 2887 &

1211 2901 1365 2936 Celerino
1377 2924 1389 2941 ,
1414 2911 1498 2943 quos
1515 2899 1664 2933 Lectores
1674 2901 1872 2934 consecrarat
1882 2924 1894 2941 ,
1919 2903 2037 2945 scripsit
2047 2901 2090 2936 ad
2147 2934 2155 2942 ,

1213 2953 1306 2985 suum
1329 2951 1485 2985 Clerum:
1513 2948 1678 2988 Presbyteri
1697 2949 1833 2983 honorem
1858 2962 1911 2985 nos
1933 2953 1994 2985 illis
2013 2951 2089 2994 defi·
2105 2934 2239 2975 Emst’ss'

1207 3002 1305 3045 gnaffi·
1322 3003 1392 3043 jam
1409 2999 1538 3043 sciatis,
1562 3009 1595 3032 ut
1611 2998 1715 3042 scffurt'
1722 2999 1886 3042 nobiscum.
1914 3002 1958 3036 Et
1968 3002 2009 3037 de
2020 3002 2091 3037 Nu·

1212 3052 1403 3086 midicoase
1415 3050 1450 3083 in
1464 3049 1691 3093 Presbyterum
1710 3051 1916 3086 consecrato:
1942 3053 2089 3086 Numidi*
2104 3054 2153 3091 Ep.
2170 3059 2217 3090 35.

1211 3114 1260 3135 cus
1281 3101 1434 3141 Presbyter
1453 3098 1642 3142 adscribatur
1669 3101 1904 3139 Presbyterorum
1932 3101 2089 3144 Cartbagi-

1213 3151 1339 3191 nenfium
1361 3162 1499 3190 numero,
1528 3151 1564 3183 (ν
1582 3148 1730 3192 nobiscum
1748 3149 1854 3193 sedem
1862 3157 1895 3184 in
1915 3153 2016 3184 Claro.
2045 3149 2087 3182 Et

1213 3203 1247 3236 in
1265 3201 1381 3236 litteris
1403 3200 1443 3234 ad
1465 3200 1615 3234 Sanstum
1637 3199 1760 3244 Papam
1772 3201 1964 3236 Cornelium
1977 3199 2087 3232 laudat
2147 3240 2153 3246 ²

1215 3251 1397 3290 Presbyteros
1410 3262 1474 3284 cum
1485 3247 1546 3291 ipso
1556 3248 1733 3292 confidentes
1743 3276 1751 3283 .
1779 3251 1823 3284 Et
1834 3252 1868 3284 in
1879 3250 1941 3283 alia
1952 3248 1992 3281 ad
2011 3259 2088 3283 eun·
2103 3239 2235 3281 Emi-4²·

1211 3303 1283 3336 dem
1296 3301 1432 3345 epistola
1449 3299 1577 3334 scribit:
1606 3301 1812 3340 Florenttffimo
1820 3300 1879 3332 illic
1888 3299 1972 3330 Clero
1992 3306 2087 3331 tecum
2105 3319 2178 3359 Epist
2196 3329 2208 3355 ς
2216 3327 2239 3354 5·

1207 3351 1383 3394 praefidenri.
1400 3351 1441 3384 Et
1455 3350 1572 3384 iterum
1586 3350 1620 3383 in
1632 3351 1744 3384 eadem
1755 3347 1898 3389 epistola:
1910 3348 1990 3381 Cleri
2002 3347 2087 3387 mstn'
2105 3360 2186 3400 Epist.
2196 3364 2241 3388 66.

1212 3404 1332 3435 sacrum
1343 3425 1355 3443 ,
1380 3401 1638 3441 venerandumque
1655 3395 1821 3440 conj‘effum.
1851 3396 1894 3431 Et
1917 3398 1953 3432 in
1972 3398 2087 3432 litteris

1961 3454 1966 3460 ·
1998 3447 2040 3482 ad
