2346 3724
406 147 504 193 310

324 270 485 316 foedantes
495 297 504 304 .
531 271 625 307 Hinc
637 271 877 315 item-intellige
888 270 953 304 haec
963 271 1072 306 Sanni
1080 270 1219 315 Cypria-

329 322 367 359 ni
378 322 419 358 ad
433 322 667 357 Antonianum
682 321 881 365 Episcopum
899 320 996 356 verba
1017 322 1059 357 de
1079 323 1220 365 Impera·

329 381 403 409 tore
425 374 558 413 Decio,
583 373 619 406 in
641 372 792 405 sanctum
816 371 1012 406 Cornelium
1024 372 1133 407 recens
1154 372 1218 406 ele-

165 424 256 466 Epist.
266 433 313 464 52.
328 425 417 459 &um
439 422 642 458 Pontificem
662 421 812 456 saviente
835 432 843 454 :
871 424 967 456 Multi
984 424 1154 466 patientias
1182 425 1217 458 ό·

325 473 507 509 tolerabilius
520 473 618 506 audiit
627 472 728 506 levari
739 473 890 506 adversas
907 470 941 516 fi*
951 475 1086 508 aemulum
1098 476 1217 507 Princi·

319 528 391 569 pem
418 550 429 566 ‚
457 523 549 568 quim
572 521 702 562 constitui
723 524 826 556 Romae
848 525 987 558 amulum
1007 525 1191 558 Sacerdotem
1206 547 1214 557 .

322 575 520 610 Romanum
540 571 804 608 Christianorum
827 573 1031 619 Episcopum
1053 573 1146 608 fuisse
1168 583 1214 609 et-

321 624 390 660 iam
420 635 500 660 tunc
520 624 632 668 paffim
662 622 868 659 intitulatum
887 625 1085 660 Pontificem
1113 625 1214 658 maxi-

320 684 436 716 mum,
461 675 550 710 lucet
571 683 612 707 ex
633 672 786 718 Septimii
802 674 903 709 nostri
926 672 1011 709 libro
1030 674 1071 709 de
1087 675 1211 719 pudici·

181 729 259 776 cap,
277 743 302 770 1.
319 725 367 760 tia
391 752 400 759 .
425 724 614 772 Augustum
635 724 770 760 titulum
790 725 808 759 a
831 724 1028 760 Christianis
1054 725 1210 769 deinceps

317 783 390 811 tion
416 772 559 819 usurpari
574 775 720 810 edixerat
741 776 890 817 Decius,
916 775 1059 822 ideoque
1084 777 1119 811 δε
1137 776 1207 820 post

316 824 423 861 Sansti
448 824 586 861 Fabiani
607 834 749 861 mortem
774 826 849 861 urbi
873 827 1000 861 nullum
1028 826 1071 861 de
1091 837 1208 862 caetero

313 877 416 911 creari
434 873 654 921 Episcopum.
683 876 744 911 Ast
756 877 953 912 mandatum
966 876 1082 921 sprevit
1095 876 1208 912 urbica

312 923 546 962 christianitas
571 951 583 969 ,
607 927 774 972 elegitque
799 927 835 962 δε
860 927 1064 963 consecravit
1086 929 1209 964 Corne·

312 975 421 1012 lium.
449 978 546 1013 Hinc
571 987 664 1014 tanta
688 977 855 1022 Principis
877 978 1006 1019 rabies,
1032 990 1097 1024 qua
1118 973 1207 1014 hunc

311 1028 366 1062 uti
391 1027 513 1063 Editus
536 1029 601 1063 suis
613 1026 769 1063 rebellem
795 1027 940 1073 quaessvit
959 1029 1074 1074 gladio
1094 1029 1207 1064 ferien-

312 1077 394 1113 dum
421 1101 433 1118 ‚
460 1078 722 1124 crucifigendum
745 1101 756 1121 ,
783 1078 864 1124 igne
880 1080 1094 1114 cremandum
1114 1104 1125 1121 ,
1151 1089 1207 1114 aut

307 1129 375 1163 alio
386 1129 548 1173 supplicio
559 1129 751 1164 laniandum
763 1151 771 1161 .
798 1129 984 1164 Patientius
998 1131 1076 1165 tulit
1098 1130 1117 1164 a
1129 1131 1207 1164 Gal—

305 1179 342 1214 lo
368 1180 402 1214 <Sc
424 1178 608 1214 Volusiano
630 1179 809 1223 Imperium
835 1201 852 1219 ν
882 1179 982 1223 quam
1004 1179 1024 1214 ὲ
1046 1181 1206 1215 Cornelio

306 1228 421 1264 invadi
434 1230 568 1264 titulum
593 1231 711 1264 summi
725 1229 967 1263 Pontificatus.
994 1229 1097 1278 Qod
1119 1240 1205 1265 nem-

305 1279 346 1323 pe
372 1279 430 1314 hic
456 1281 533 1314 esset
559 1281 701 1323 Imperio
724 1280 850 1323 major.
877 1279 922 1314 Et
934 1279 1015 1314 hinc
1038 1279 1147 1314 subdit
1163 1281 1205 1314 de

302 1328 467 1364 Cornelio
491 1329 705 1372 Cyprianust
733 1333 925 1369 Tyrannum,
952 1336 1048 1362 armti·
1076 1334 1110 1364 Θ
1133 1331 1205 1363 bello

297 1379 482 1421 postmodum
491 1377 510 1412 a
522 1375 623 1412 Gallo
651 1379 686 1412 &
699 1377 884 1413 Volusiano
895 1378 1012 1412 offlam
1021 1402 1033 1419 ,
1056 1381 1140 1421 prior
1153 1382 1204 1413 5a·

302 1430 430 1462 cerdone
450 1426 504 1471 fico
528 1432 602 1462 vicit
629 1452 637 1461 .
678 1427 815 1462 Etenim
836 1439 878 1462 eo
901 1428 1008 1462 invito
1028 1431 1203 1473 permanssr

302 1480 452 1513 summus
471 1478 653 1513 Pontifex.
681 1477 734 1511 Ex
745 1490 813 1523 quo
825 1477 1116 1514 videsRomanum
1126 1481 1202 1525 Epi*

262 1543 264 1545 ’
300 1531 470 1573 scopatum
485 1530 608 1573 semper
618 1528 714 1563 fuiffe
739 1531 927 1569 summum,
953 1529 1109 1573 majorem
1132 1531 1203 1566 Ro·

298 1586 402 1615 mano
427 1579 570 1624 Imperio
593 1601 605 1619 ‚
629 1578 870 1617 Pontificatum
891 1574 995 1615 totius
1009 1578 1199 1616 Christiani·

298 1629 390 1666 tatis.

351 1681 494 1716 AEterna
515 1678 610 1716 laude
630 1675 676 1716 ob
699 1679 835 1716 titulum
858 1678 958 1715 istum
980 1679 1141 1725 abjectum
1153 1681 1201 1717 di·

299 1735 387 1775 gnus
398 1731 442 1766 est
454 1732 553 1766 etiam
566 1733 747 1775 Imperator
768 1732 965 1766 Gratianus.
994 1733 1080 1779 Qis
1099 1733 1201 1767 ‘enim

297 1781 453 1826 germane
474 1779 681 1815 Christianus
705 1781 787 1814 velit
828 1783 883 1815 vel
912 1782 984 1815 solo
1013 1782 1115 1817 titulo
1136 1783 1200 1816 esse

297 1833 445 1865 summus
458 1829 615 1863 Pontifex
628 1828 890 1864 Doemoniorum
904 1830 922 1863 ἓ.
947 1830 990 1864 Et
1013 1828 1094 1864 hinc
1119 1833 1198 1865 Gra-

297 1876 382 1916 tiani
405 1878 564 1914 successor
585 1878 801 1914 Theodosius
840 1880 968 1924 gentile
994 1877 1197 1915 Pontificum

300 1929 482 1975 collegium
499 1928 630 1972 penitus
641 1928 802 1962 exstinxit
812 1951 825 1968 ,
854 1930 888 1962 &
900 1929 969 1971 ejus
990 1931 1199 1972 possessiones

305 1980 515 2022 transscripsit
529 1979 564 2012 in
577 1979 670 2011 suurn
687 1977 820 2011 fiscum·
848 1978 983 2024 Qibus
993 1978 1034 2011 de
1051 1977 1145 2012 rebus
1156 1981 1198 2012 vi-

307 2031 447 2066 deantur
461 2029 620 2063 Eruditus
636 2027 834 2071 Onuphrius
855 2026 1025 2061 Panvinus
1045 2028 1078 2061 in
1108 2028 1199 2062 libris

299 2080 342 2117 de
372 2081 529 2116 Romana
550 2078 711 2119 civitate,
736 2078 771 2112 &
796 2077 937 2122 Jacobus
957 2076 1139 2112 Gutherius
1161 2079 1198 2112 in

297 2141 397 2177 opere
419 2131 460 2166 de
484 2128 677 2164 Sacerdotio
701 2129 822 2173 gentili
845 2146 853 2160 ι
882 2127 987 2162 Porro
1013 2126 1197 2163 Flaminica

295 2182 362 2219 fuit
399 2182 452 2216 vel
475 2180 614 2215 foemina
635 2178 773 2213 Flamen
795 2203 808 2221 ,
845 2178 896 2212 vel
929 2178 1014 2213 certe
1035 2178 1197 2213 Flaminis

297 2241 385 2270 uxor
400 2253 412 2273 ‚
440 2242 509 2277 quae
520 2230 570 2265 uti
587 2230 674 2274 apud
687 2241 748 2264 nos
760 2227 968 2264 Christianos
979 2227 1111 2272 majoris
1121 2228 1195 2264 Cle·

296 2284 360 2320 rici
380 2292 466 2319 uxor
490 2300 502 2322 φ
527 2280 636 2326 quoad
664 2280 912 2324 monogamiam
938 2278 1000 2314 fuit
1021 2280 1062 2313 ad
1087 2288 1195 2324 parem

295 2341 375 2370 cum
401 2333 460 2367 suo
485 2333 605 2366 marito
630 2330 737 2375 legem
749 2330 916 2364 adstrista.
945 2329 1085 2371 Nequiit
1097 2330 1194 2365 vidua

296 2382 438 2425 assumi,
464 2390 521 2417 aut
542 2380 614 2426 post
637 2381 697 2416 viri
723 2387 863 2415 mortem
889 2378 930 2413 ad
955 2379 1036 2414 alias
1066 2381 1196 2422 nuptias

296 2435 450 2470 transire..
477 2430 575 2467 Adeo
585 2428 735 2466 accurate
747 2429 896 2464 Doemon
907 2425 954 2463 est
969 2428 1078 2463 nostra
1098 2440 1195 2463 aemu·

297 2485 386 2520 latus
400 2509 407 2517 .
435 2483 481 2518 Et
501 2481 636 2525 quidem
660 2480 750 2525 quod
772 2481 918 2524 Magnus
928 2477 1170 2513 Constantinus
1181 2502 1194 2521 ,

297 2535 423 2578 aliique
439 2534 541 2578 usque
555 2534 596 2567 ad
608 2533 806 2567 Gratianum
817 2528 999 2564 Christiani
1022 2528 1195 2572 Imperato-

298 2595 349 2619 res
373 2584 470 2617 istum
496 2581 685 2616 &titulum
711 2582 744 2615 &
766 2578 914 2615 habitum
926 2578 1103 2624 gesserint,
1131 2580 1194 2614 Zo-

300 2636 392 2669 zimo
403 2632 597 2668 attestantur
607 2631 748 2673 antiquae
774 2640 872 2673 atque
882 2628 1077 2664 authenticae
1087 2631 1194 2664 inscri-

177 2071 241 2110 Lib.
251 2087 278 2106 ι,

301 2685 435 2729 ptiones
450 2703 459 2715 ι
487 2682 657 2728 Quasdam
683 2681 717 2715 δι
739 2679 773 2713 in
803 2680 866 2720 suis
889 2679 1077 2713 Annalibus
1104 2681 1138 2715 ἀ
1159 2681 1195 2715 in

300 2735 366 2769 suis
376 2734 417 2768 ad
432 2734 624 2769 Romanurn
637 2726 921 2774 Martyrologium
935 2730 1037 2764 Notis
1058 2729 1195 2766 adducit

301 2784 476 2820 Dominus
498 2781 686 2816 Cardinalis
710 2781 815 2814 Caesar
839 2779 1002 2814 Batonius
1020 2804 1028 2814 .
1058 2780 1193 2816 istarum

300 2837 419 2880 aliquae
432 2828 576 2869 eundem
590 2830 726 2866 titulum
741 2830 922 2865 inscribunt
933 2831 988 2874 ipsi
1000 2831 1101 2866 etiam
1114 2831 1194 2867 Gra·

299 2889 395 2922 tiano
409 2909 417 2918 .
443 2882 536 2930 Qin
564 2883 599 2917 δε
629 2882 800 2916 Ausonius
822 2880 941 2915 Gallus
962 2881 998 2916 in
1019 2884 1192 2922 oratione,

300 2946 366 2980 qua
389 2934 440 2968 isti
465 2932 612 2976 Principi
624 2943 681 2976 pro
694 2932 801 2966 delata
812 2930 1014 2966 Consulatus
1032 2932 1193 2977 dignitate

300 2987 373 3033 agit
385 2984 525 3031 gratias,
550 2983 655 3027 ipsum
666 2981 808 3026 appellat
834 2992 932 3026 atque
943 2981 1056 3017 laudat
1077 2983 1192 3018 Ponti·

300 3038 399 3072 ficem
422 3034 606 3070 maximum
636 3059 644 3066 .
672 3034 716 3068 Et
738 3032 798 3066 iste
821 3031 1024 3066 Consulatus
1047 3033 1208 3079 contigit.

302 3096 420 3133 quarto
431 3095 521 3119 anno
531 3081 683 3119 Gratiani
697 3109 704 3115 .
732 3082 862 3126 Nempe
873 3080 950 3117 licet
962 3082 1190 3118 Christianiffi·

300 3146 375 3173 mus
399 3136 554 3178 Princeps
575 3143 739 3179 paganum
762 3133 896 3167 titulum
907 3134 1072 3168 refutasset
1099 3146 1136 3168 ac
1148 3144 1191 3168 te-

300 3189 441 3227 futaret,
468 3185 574 3229 plures
597 3195 705 3218 tamen
719 3204 731 3225 ‚
757 3184 790 3218 δε
809 3184 949 3229 gentiles
975 3184 1010 3218 &
1034 3180 1191 3218 Christia-

300 3238 337 3273 ni
350 3262 362 3279 ,
386 3247 455 3272 non
471 3235 632 3270 desierunt
645 3234 741 3269 illum
753 3235 879 3268 deferre
891 3259 898 3266 .
925 3232 1020 3268 Hinc
1033 3231 1190 3269 zozimus

300 3287 390 3322 addit
401 3300 413 3320 .·
440 3286 518 3319 Ciam
528 3285 734 3319 sacerdotibus
739 3284 813 3325 stola
825 3285 947 3318 reddita
951 3284 1054 3327 fuiffn
1065 3304 1077 3323 ,
1101 3285 1189 3323 ajunt

300 3347 370 3373 eum
380 3340 430 3379 qui
451 3338 600 3379 dignitate
622 3338 767 3378 Princeps
789 3340 870 3370 inter
887 3345 935 3370 eos
947 3343 1036 3376 erat,
1060 3333 1187 3380 dixiffe5

144 2773 222 2811 Aug·
238 2780 284 2807 ²4·

893 132 1611 179 Scn.0L10N

331 220 636 264 macellariiqaidaem
645 221 723 254 lanii
732 225 867 255 carnium
889 221 1062 255 venditores
1074 243 1084 260 ‚
1109 219 1219 261 vestem
1286 221 1319 253 51·
1330 222 1477 262 Princeps
1492 228 1549 252 non
1559 220 1629 253 vult
1645 222 1792 263 appellari
1813 225 1978 267 Pontifex,
2005 227 2169 261 admodum

1281 270 1369 304 brevi
1382 269 1522 312 Pontifex
1533 276 1685 304 maximus
1693 272 1747 314 fiet
1758 297 1765 304 .
1794 275 1875 310 Erat
1886 276 2021 310 amariffi
2027 288 2097 311 mus
2107 278 2165 312 sar·

1278 323 1404 355 casmus
1415 344 1426 361 ‚
1450 320 1515 355 hoc
1528 321 1641 355 sensu:
1668 320 1701 354 Si
1715 323 1889 359 Gratianus
1902 327 1986 361 nolit
1997 328 2060 361 esse
2075 327 2166 362 Pon-

1278 372 1356 406 tifex
1369 371 1555 413 maximus,
1581 372 1748 406 Maximus
1763 371 1849 408 brevi
1862 377 1995 412 assumet
2018 379 2166 420 tyranni*

1276 420 1351 457 dem
1371 445 1382 462 ,
1409 421 1541 456 invadet
1561 422 1739 465 Imperium
1761 443 1773 463 ,
1806 428 1988 471 atqueipse
2012 428 2164 463 admittet

1276 471 1515 507 Pontificatum
1527 499 1535 508 .
1564 474 1607 507 Et
1621 472 1726 517 priora
1739 473 1878 509 omnino
1889 487 2077 513 evenerunt.
2109 480 2162 512 Ex

1275 532 1342 565 quo
1361 535 1430 557 non
1445 524 1525 572 vane
1546 523 1784 569 colligiturista
1797 528 1963 569 tyrannis,
1996 531 2029 564 ὅ(
2042 528 2162 572 optimi

1275 571 1436 617 Principis
1456 575 1558 608 caedes
1579 574 1595 607 ὲ
1619 572 1798 619 gentilibus
1824 575 1917 610 fuisse
1939 590 2100 623 concepta
2127 580 2162 614 &

1275 632 1441 665 procurata
1453 647 1461 657 .
1488 624 1546 658 An
1558 624 1728 659 Maximus
1741 624 1836 659 istum
1851 628 2007 670 gentilem
2025 630 2160 664 titulum

1273 671 1459 715 admiserit,
1486 684 1555 708 non
1580 674 1694 719 poffim
1713 675 1892 709 affirmare.
1921 677 2002 713 Haec
2025 679 2159 715 interim

1271 722 1315 757 est
1339 726 1456 765 causa,
1483 736 1525 759 ex
1546 735 1609 768 qua
1622 725 1775 759 Gratiani
1789 727 1956 762 Successor
1981 740 2018 763 ac
2039 729 2162 764 vindex

1271 773 1483 810 Theodosius
1503 776 1661 810 exstinxit
1684 786 1784 809 omne
1817 776 2011 812 Pontificale
2051 780 2163 814 Colle·

1269 826 1361 870 gium
1375 846 1387 867 ‚
1413 836 1451 861 ac
1462 825 1530 869 ejus
1543 825 1630 860 bona
1647 827 1679 860 in
1693 826 1823 860 Fiscum
1848 829 2042 872 transcripsit
2058 853 2065 862 .
2093 827 2163 864 Ab·

1270 875 1359 910 stulit
1375 874 1556 921 gentilibus
1578 878 1691 912 ansam
1715 875 1967 922 deincepsfftalia
1989 880 2023 913 in
2035 879 2162 914 Princi-

1270 938 1342 970 pem
1354 924 1567 961 machinandi
1577 948 1586 960 1

1278 1022 1283 1023 ⁷
1317 978 1362 1011 Et
1385 977 1445 1012 issa
1472 978 1583 1012 forsan
1610 974 1656 1013 est
1679 978 1761 1012 ratio
1776 1003 1786 1019 ,
1812 989 1854 1013 ex
1876 991 1939 1023 qua
1959 979 2161 1016 Arianorum

1269 1025 1451 1061 Eusebiana
1476 1029 1574 1062 factio
1596 1027 1831 1072 Imperatorem
1860 1030 2095 1066 Constantium
2108 1041 2163 1074 per

1272 1076 1530 1123 indigniffimam
1564 1078 1790 1113 adulationem
1828 1081 2005 1126 appellavit
2030 1081 2161 1125 Episco-

1270 1138 1347 1171 pum
1369 1127 1629 1172 Episcoporum.
1659 1127 1762 1176 Quod
1789 1130 1833 1163 ita
1852 1129 2060 1172 appellaverit
2084 1155 2095 1171 ,
2120 1143 2159 1166 ac

1259 1179 1333 1222 ¹-ipse
1358 1178 1391 1212 se
1414 1179 1569 1222 appellari
1599 1180 1798 1221 permiserit,
1825 1176 1941 1212 diserte
1962 1181 2102 1214 affirmat
2121 1180 2158 1216 in

1266 1224 1384 1262 litteris
1403 1229 1444 1262 ad
1460 1230 1542 1262 *suos
1562 1226 1753 1262 Monachos
1776 1229 1910 1261 Sanetus
1926 1227 2158 1269 Athanasius,-

1266 1280 1348 1320 ,Quis
1359 1279 1470 1311 videns
1485 1275 1692 1318 Constantium
1703 1283 1736 1310 in
1748 1275 1931 1310 decernendo
1946 1280 2117 1320 Petncipem
2126 1278 2160 1324 fe

1257 1327 1360 1369 facere
1375 1326 1586 1370 Episcoporum
1601 1349 1613 1368 ,
1637 1326 1671 1361 ὑ
1689 1325 1848 1368 praefidere
1865 1327 1993 1367 ‚iudiciis
2016 1328 2159 1367 Ecclesia-

1256 1377 1342 1417 sticis
1355 1402 1367 1418 ‚
1393 1389 1451 1411 non
1461 1380 1563 1411 merito
1576 1378 1757 1412 dicaculum
1770 1377 1822 1420 effe
1842 1388 1909 1411 eam
1929 1376 2028 1421 ipsam
2049 1379 2160 1412 abunt·

1254 1435 1414 1470 ¹irationem
1425 1427 1613 1472 desolationis
1625 1452 1637 1469 ,
1662 1437 1730 1470 quae
1745 1426 1766 1460 ἂ
1779 1429 1905 1462 Daniele
1921 1427 2074 1470 praedidae
2086 1422 2157 1470 est!

1253 1478 1352 1512 'Etin
1367 1478 1454 1513 libro
1470 1501 1482 1519 ,
1509 1479 1565 1523 qui
1589 1488 1648 1523 pro
1670 1477 1736 1513 Dei
1749 1477 1838 1512 Filio
1862 1478 2075 1512 moriendum
2099 1479 2160 1513 do-

1262 1539 1313 1563 cet
1340 1552 1351 1570 ,
1389 1528 1500 1563 scribit
1539 1527 1674 1563 Lucifer
1717 1527 1898 1571 Episcopus
1926 1528 2157 1563 Calaritanust

1261 1579 1416 1620 Constanti
1426 1605 1436 1620 ,
1461 1578 1560 1612 crebri
1567 1576 1642 1622 sunt
1654 1580 1851 1612 acclamantes
1863 1582 1969 1612 Ariani
1981 1585 2026 1612 tui
2037 1579 2159 1622 dogma·

1261 1635 1301 1663 tis
1313 1628 1456 1672 Episcopi
1469 1653 1480 1669 ,
1507 1627 1690 1672 Episcopum
1715 1638 1744 1662 re
1765 1629 1817 1672 effe
1829 1627 2057 1671 Epiftoporum.
2086 1629 2159 1663 Sce-

1263 1678 1361 1714 lerata
1380 1679 1479 1713 factio
1502 1678 1537 1713 in
1552 1680 1610 1713 suo
1635 1677 1963 1722 Philippo-Politano
1985 1678 2159 1713 conventi»

1261 1729 1338 1764 culo
1351 1731 1456 1765 Sansti
1471 1725 1559 1763 Petri
1574 1728 1729 1773 Apostoli
1743 1729 1917 1772 privilegia
1939 1726 2102 1763 horrende
2112 1727 2155 1762 la·

1263 1791 1447 1821 ceraverat,
1474 1778 1634 1823 abjecerat
1661 1778 1821 1814 Rotnanae
1842 1777 2013 1813 Cathedrae
2033 1777 2156 1812 Prima·

1261 1841 1331 1864 tum
1349 1854 1359 1870 ,
1384 1829 1568 1864 Catholrcae
1582 1828 1729 1862 Ecclesiae
1741 1827 1975 1862 Monarchiani
1998 1829 2033 1861 in
2052 1828 2154 1862 trium

1261 1876 1524 1912 patriarcharum
1539 1876 1786 1911 Aristocratiam
1798 1878 1966 1911 demutare
1975 1872 1979 1874 i
1988 1888 2131 1912 tentarat
2141 1902 2153 1919 ,

1259 1939 1296 1963 ac
1310 1926 1440 1971 insuper
1451 1937 1586 1966 noverat
1605 1926 1863 1961 Christianitatis
1884 1926 2045 1961 unitatem
2068 1926 2152 1962 stare

1261 1989 1331 2011 non
1359 1973 1446 2018 posse
1468 1976 1536 2010 sine
1547 1976 1674 2008 unitate
1685 1976 1823 2016 capitis:
1849 1975 1943 2011 Hinc
1957 1977 2042 2011 istud
2053 1987 2152 2021 caput

1258 2025 1391 2070 garrivit
1413 2025 1476 2058 esse
1502 2022 1689 2068 Augustum
1711 2022 1898 2067 Principem
1919 2047 1931 2064 ,
1955 2026 1989 2058 δι
2013 2027 2049 2059 in
2075 2027 2147 2069 ipso

1260 2071 1466 2111 patriarchas
1476 2084 1594 2108 omnes
1619 2083 1716 2117 atque
1729 2072 1887 2108 Ecclefias
1911 2073 2015 2108 uniri.
2044 2073 2155 2109 Garri·

1260 2126 1307 2160 vit
1329 2124 1520 2159 Christiano
1542 2123 1689 2167 Principi
1717 2123 1779 2157 effe
1805 2123 1890 2157 istud
1913 2124 2018 2167 ipsum
2044 2122 2094 2166 jus
2115 2125 2152 2160 in

1259 2174 1542 2211 Christianitatem
1559 2197 1570 2215 ,
1606 2174 1696 2218 quod
1717 2173 1836 2219 gentili
1859 2172 2005 2218 Principi
2045 2185 2154 2219 emper
2205 2194 2227 2198 --

1258 2225 1420 2261 detulerat
1432 2226 1585 2260 Romana
1598 2225 1785 2271 gentilitas:
1807 2225 1979 2259 Summum
1991 2225 2151 2260 sacrarum

1259 2288 1365 2311 terum
1378 2275 1616 2311 Pontificatum
1629 2300 1637 2307 .
1665 2275 1707 2308 Et
1721 2274 1913 2309 ambitiosus
1934 2275 2151 2311 Constantius

1259 2328 1317 2361 ista
1330 2325 1485 2362 credidit.
1513 2327 1608 2360 Hinc
1623 2326 1766 2370 Magnus
1780 2324 1976 2360 Athanasius
2001 2326 2089 2360 dixit
2113 2326 2151 2360 il-

1261 2379 1328 2411 lum
1339 2378 1402 2410 esse
1413 2376 1696 2410 abominationem
1709 2376 1923 2410 desolationis
1936 2401 1943 2408 .
1973 2375 2151 2412 Eusebiani

1258 2426 1440 2461 schismatis
1452 2427 1562 2460 sordes
1573 2425 1730 2459 resorbuit
1742 2425 1838 2458 faetio
1849 2426 2015 2459 Acaciana
2027 2451 2039 2467 ,
2061 2427 2149 2466 ideo-

1258 2488 1323 2519 que
1348 2478 1381 2511 &
1395 2487 1436 2510 ex
1448 2477 1565 2510 eodem
1580 2476 1693 2520 spiritu
1713 2476 1888 2509 acerrimus
1909 2476 2004 2518 ipsius
2023 2476 2148 2511 Fautor

1258 2527 1428 2572 Augustus
1440 2526 1629 2561 Anastasius
1641 2526 1803 2569 resumpsit
1815 2526 1975 2570 gentilem
1989 2527 2123 2560 titulum
2135 2551 2146 2568 ‚

1256 2578 1337 2611 &in
1364 2578 1479 2611 litteris
1499 2577 1539 2611 ad
1557 2578 1746 2610 Romanum
1769 2576 1924 2610 Senatum
1944 2577 1975 2609 se
1990 2577 2147 2620 inscripsit

1258 2628 1457 2661 Pontificem
1474 2651 1482 2659 .
1510 2626 1814 2661 Exstantlitteraein
1841 2626 1985 2670 Regesto
1996 2626 2148 2662 Hormis-

1255 2677 1302 2712 dae
1312 2677 1504 2712 Pontificis.
1533 2677 1650 2720 Jubere
1671 2677 1726 2710 ille
1745 2676 1901 2720 Princeps
1924 2676 2054 2711 volebat
2075 2688 2147 2712 om·

1255 2728 1374 2770 nibus,
1400 2739 1455 2772 per
1479 2728 1606 2761 nullum
1628 2728 1687 2761 sibi
1699 2727 1826 2770 juberi,
1853 2727 1995 2770 ideoque
2018 2727 2150 2762 videtur

1256 2780 1289 2813 se
1301 2779 1433 2813 erexisse
1457 2779 1491 2812 in
1516 2788 1642 2812 novum
1664 2776 1814 2812 Idolum.
1841 2777 2018 2825 Qidquid
2041 2778 2100 2817 fit,
2124 2776 2144 2812 ὲ

1255 2829 1453 2864 Christianis
1463 2824 1714 2872 Imperatoribus
1735 2828 1790 2862 ille
1809 2829 1894 2862 solus
1914 2828 2078 2871 resumpsit
2098 2828 2144 2862 sa-

1251 2881 1413 2926 crilegum
1437 2880 1573 2913 titulum
1594 2904 1602 2912 .
1640 2877 1745 2912 Porro
1768 2891 1809 2912 an
1838 2878 2079 2913 Constantinus
2102 2887 2142 2912 ac

1253 2931 1321 2974 ejus
1330 2931 1530 2965 Succeffores
1540 2951 1551 2971 ,
1570 2927 1819 2964 idololatricam
1835 2929 1971 2963 titulum
1983 2952 1994 2969 ‚
2019 2940 2057 2962 ac
2070 2938 2141 2971 ρω-

1252 2982 1360 3016 sertim
1373 2979 1616 3015 idololatricam
1627 2979 1744 3014 stolam
1768 2978 1975 3013 admittendo
2000 2979 2036 3012 &
2057 2977 2142 3011 usur·

1252 3033 1363 3076 pando
1375 3056 1386 3071 ‚
1412 3040 1480 3066 non
1496 3030 1701 3074 peccaverint
1712 3029 1853 3075 graviter
1861 3031 1900 3076 ‘in
1920 3026 2138 3063 Christianam

1252 3081 1506 3126 professionem,
1532 3081 1578 3115 est
1602 3092 1670 3116 non
1693 3080 1822 3115 modica
1834 3079 1987 3122 qiiaessio.
2014 3077 2068 3110 Est
2090 3087 2140 3111 res

1250 3131 1513 3167 nonimitanda.
1540 3131 1585 3167 Et
1608 3132 1710 3178 ipsam
1728 3130 1907 3167 Gratianus
1933 3127 2030 3174 quam
2054 3126 2139 3171 opti·

1251 3183 1304 3218 me
1314 3182 1466 3220 excuffit.

1988 3377 2085 3413 Habet

2169 2571 2238 2605 Post.
2248 2575 2307 2612 epi-

2168 2612 2267 2645 stolam
2277 2619 2305 2644 60
