2346 3724
768 169 852 198 ET
921 155 1435 200 VERBORUM.

189 227 562 273 MarcelliniPonti'ficis
583 230 689 277 lapsus
713 231 759 267 est
782 232 952 268 manifesta
963 234 1077 269 Dona-

242 283 582 322 cistarumcalumnia.
988 295 1031 332 9¹
1045 296 1073 320 1

240 445 431 472 nontamen
450 434 654 478 Episcopus.
681 444 760 480 242.
772 441 791 467 ι.
805 446 835 471 ι,
864 434 942 476 Ejus
956 435 992 469 in
1010 446 1079 469 car-

240 496 327 521 mem
339 485 457 527 lapsus.
488 487 566 530 246.
587 494 614 519 1.
642 487 671 518 A
697 485 790 519 Patre
815 485 979 528 Episcopo
991 497 1079 519 com-

241 536 435 572 munionem
452 535 624 578 impetrare
646 546 715 569 non
740 535 848 580 potuit
870 560 882 577 ,
908 547 1014 579 neque
1037 534 1079 569 ab

241 585 383 619 Ecclesia
397 585 549 619 Romana
566 611 572 617 .
973 586 1045 618 ibid.
1050 595 1078 618 2-

192 636 346 672 Marcion
357 634 499 670 ardentis
513 635 665 679 ingenii,
695 648 737 670 an
760 637 857 671 fuerit
869 635 1079 670 Nauclerus?

244 695 362 732 242.1.
387 685 443 718 An
454 685 671 719 Monachus?
698 685 825 731 246-1·
855 686 1007 720 Minatur
1021 686 1080 719 Ec-

242 736 369 770 clefiam
392 734 546 779 perdere.
585 735 657 768 ibid.
694 735 847 770 Affirmat
875 736 1079 780 Baptismum

242 785 440 830 poffetertio
457 786 582 819 iterari.
607 786 681 818 ibid.
710 798 740 823 2.
780 786 990 820 Obtuleritne
1015 786 1078 819 du·-

245 846 339 870 centa
352 836 500 870 sextertia
514 836 683 869 Ecclefiae?
710 846 787 884 247.
803 848 823 868 1.
851 836 1028 870 Mulierem
1038 847 1080 869 an

240 884 389 920 Romam
409 885 614 929 praemiserit,
640 896 708 928 quae
728 885 939 930 decipiendos
953 886 1080 920 animos

193 952 198 968 :
242 935 300 970 fibi
313 937 488 980 praeparet?
538 942 540 944 “
965 936 1039 969 ibid
1049 947 1080 972 2.

192 987 349 1022 Marcion
362 986 527 1020 Cerdonis
538 986 733 1030 discipulus.
758 996 826 1033 ¹09·
840 998 873 1022 2.
900 986 978 1027 Ejus
999 995 1081 1018 erro-

238 1048 313 1071 tes.
343 1046 420 1073 110.
449 1046 476 1070 1.
503 1037 537 1070 ὅ(
559 1038 621 1079 seq.
649 1037 727 1069 Fuit
747 1037 865 1069 Stoicae
899 1033 1081 1068 studiosus.

242 1087 318 1119 ibid.
346 1086 431 1128 Ejus
444 1086 602 1119 scelerata
621 1085 762 1128 flagitia.
793 1094 872 1129 253
898 1095 928 1120 2.
969 1083 1082 1128 Agno-

242 1136 303 1169 scit
314 1143 423 1167 tamen
438 1132 598 1167 Divinam
610 1134 868 1189 providentiam.
899 1142 963 1169 110
978 1145 1006 1169 1
1024 1135 1081 1168 Vi-

245 1185 295 1218 xit
315 1183 374 1216 sub
398 1183 577 1216 Antonino
612 1183 716 1226 primo
741 1206 749 1215 .
776 1193 855 1230 243.
879 1193 909 1218 2.
936 1184 1083 1231 Qando

243 1234 391 1277 sparserit
403 1231 565 1268 haerefim?
591 1242 671 1279 244
686 1245 707 1266 1.
720 1244 751 1269 2.
780 1233 861 1267 Non
874 1233 936 1267 fuit
950 1234 1085 1268 Simone

245 1284 354 1328 Mago
379 1283 514 1318 senior.
544 1283 616 1316 ibid
647 1283 803 1327 Egeritne
834 1284 1085 1327 poenitentiam?

245 1332 326 1380 248
341 1345 372 1370 2.
399 1342 478 1380 249
495 1344 522 1370 1
549 1332 747 1378 conjugatis
759 1334 1083 1379 negatBaptismum.

245 1383 319 1418 ibid.
347 1395 379 1420 2-
748 1410 751 1413 .

194 1434 353 1469 Marcion
377 1443 419 1466 ex
440 1444 531 1468 novo
554 1432 772 1469 Testamento
785 1446 853 1469 non
869 1434 1015 1471 admittit
1029 1436 1086 1469 nili

190 1503 192 1506 ·
246 1484 353 1518 Sanni
376 1483 474 1517 Lucae
504 1484 744 1527 Evangeliurn‚
771 1487 804 1519 &
826 1486 978 1528 epistolas
1000 1487 1086 1529 quas-

245 1534 322 1578 dam
336 1533 444 1567 sancti
459 1533 564 1568 Pauli
567 1531 635 1569 ¹68
641 1542 659 1568 ι.
665 1536 774 1579 Negat
787 1538 960 1579 antiquum
972 1536 1086 1570 Testa-

247 1588 924 1622 mentum.166
937 1598 968 1622 2
984 1584 1051 1622 168
1065 1598 1085 1619 1

196 1634 403 1668 Marcionitae
425 1646 465 1668 an
489 1633 663 1669 habuerint
686 1647 799 1669 verum
821 1636 945 1669 Christi
965 1636 1086 1680 Baptis-

191 1710 194 1713 <
246 1694 340 1717 mum
365 1684 382 1715 ἓ
410 1685 777 1732 334.1.Negligunt,
804 1686 838 1719 ὅ(
873 1687 1084 1720 confundunt

244 1733 387 1768 diversos
397 1736 516 1779 gradus
529 1734 870 1770 catechumenorum.
976 1746 1084 1783 3451.

192 1782 406 1818 Marcionitae
417 1782 577 1819 blaterant
590 1784 739 1820 adversus
763 1785 945 1819 Mosaicam
958 1786 1082 1830 legem.

214 1842 326 1879 357.
352 1841 380 1866 1.
409 1831 543 1866 Docent
565 1835 635 1868 dari
671 1836 740 1868 duo
773 1845 880 1869 rerum
900 1835 1088 1878 Principia

243 1882 317 1915 ibid.
343 1880 432 1913 Inter
454 1880 484 1911 se
503 1880 616 1912 divisi.
971 1893 1048 1930 359.
1059 1894 1089 1917 2-

193 1928 408 1969 Marcionitae
432 1927 546 1960 dolose
576 1928 711 1965 fingunt
738 1930 769 1957 se
804 1930 1089 1962 Rerum-:ebonem

193 1995 213 2012 ,-
245 1979 446 2023 agnoscere,
471 1973 505 2006 δε
529 1971 633 2015 ipsum
654 1983 737 2015 pene
761 1972 1008 2017 Hieronymum
1033 1976 1077 2009 fal

245 2029 336 2059 lunt.
1012 2023 1088 2060 61.1.

193 2078 228 2112 S.
250 2075 385 2109 Marcus
406 2072 496 2108 Petri
511 2073 648 2107 nomine
663 2071 922 2108 Alexandrinam
934 2074 1088 2109 fundavit

245 2124 446 2165 Ecclesiam,
471 2124 503 2158 ἀ
526 2122 605 2157 hinc
630 2123 853 2158 Alexandrina
866 2125 1088 2160 Cathedraest

242 2174 462 2220 Apostolica.
493 2183 613 2218 192.2.
643 2173 797 2208 Scholam
824 2176 1088 2210 Alexandrinam

245 2225 375 2265 erexit,
401 2223 532 2268 magnis
553 2225 676 2267 semper
699 2223 921 2260 abundantem
939 2226 1078 2260 Dostori

246 2276 326 2311 bus.
354 2284 412 2321 45.
431 2284 460 2310 1.
484 2273 672 2309 Coronatur
683 2275 849 2319 Martyrio
862 2275 1088 2312 Alexandriae.

226 2336 330 2373 295·
342 2334 376 2360 ²·

193 2376 230 2412 S.
256 2376 392 2410 Marcus
413 2374 523 2411 utrum
547 2377 693 2412 Romam
714 2377 753 2411 ad
778 2380 931 2413 Sanc'ium
955 2378 1089 2412 Petrum

194 2440 215 2451 ν’
246 2427 440 2461 accerserit?
466 2436 548 2473 291
559 2438 591 2463 1.
619 2427 837 2471 Evangelium
860 2428 879 2462 a
899 2429 998 2463 Petro
1022 2439 1090 2462 nar-

195 2504 197 2506 .
249 2487 378 2516 rarum,
403 2478 607 2519 composuit.
638 2476 714 2513 126.
742 2489 771 2514 2
799 2478 964 2512 Fundavit
988 2477 1091 2521 Aqui-

248 2526 405 2569 lejensern
416 2525 614 2560 Ecclefiam
968 2538 1045 2575 143.
1059 2540 1089 2565 2·

199 2573 391 2619 Margaritae
406 2585 484 2618 quo
487 2576 589 2610 sensu:
592 2587 663 2611 non
673 2578 841 2614 mittendae
851 2588 928 2614 ante
950 2579 1090 2622 porcos?

249 2634 330 2672 229.
344 2636 376 2661 2.
403 2625 438 2658 &
457 2626 542 2670 seq.'·

197 2675 232 2711 S.
259 2675 373 2709 Mariae
383 2674 543 2721 Virginis
545 2656 719 2720 perpetua,
745 2677 805 2712 &a
819 2677 961 2722 Josepho
972 2678 1091 2713 intaeta

215 2739 226 2758 ·:
250 2725 442 2770 virginitas.
471 2735 539 2773 2¹3
559 2738 591 2762 2
619 2727 652 2760 δε
673 2727 736 2771 seq
764 2726 881 2779 Eidem
906 2728 1054 2763 oblatum
1072 2730 1090 2764 a

212 2774 444 2811 mulieribus
464 2776 677 2810 sacrificium.
952 2789 1030 2837 345.
1059 2787 1090 2816 2.

198 2798 240 2861 S.
257 2825 402 2860 Mariam
422 2825 774 2869 vocaricbristiparam·
784 2825 894 2862 noluit
905 2831 1023 2872 quinta
1033 2829 1077 2873 Sy

204 2904 207 2907 ,
250 2875 358 2911 nodus
371 2886 518 2921 propter
516 2876 727 2912 Nestorium.
978 2878 1033 2926 64
1056 2891 1073 2916 1

195 2925 310 2968 Maria
319 2926 428 2972 Virgo
439 2927 663 2972 virginitatem
676 2930 768 2962 suam
780 2928 934 2963 Domino
945 2929 1026 2964 Deo
1035 2940 1078 2964 vo

198 2995 202 3000 ·
234 2976 791 3022 miteretensemavit„falliturque
801 2978 908 3023 Hugo
923 2979 964 3014 de
987 2979 1089 3015 S.Vi·

200 3054 204 3058 .
247 3027 362 3076 flore,
387 3027 523 3062 asserens
544 3028 647 3072 ipsam
663 3028 792 3063 nonnifi
804 3029 878 3073 post
890 3040 1020 3074 partum
1030 3030 1078 3064 vir

210 3078 388 3121 .8ῐηει]ηι
400 3078 538 3113 voviffe.
578 3107 581 3110 ⁴
985 3083 1041 3118 28
1054 3092 1076 3117 2

202 3101 317 3174 Maria
330 3128 374 3162 V.
398 3128 503 3163 ullum
515 3139 584 3163 non
596 3127 716 3175 legitur
726 3129 857 3174 patrasse
871 3130 1068 3171 miraculum
1078 3156 1090 3173 ,

255 3185 315 3210 nec
326 3178 447 3222 linguis
458 3179 591 3214 locuta
966 3191 1045 3230 349-
1063 3193 1088 3218 1

202 3221 366 3262 Marfilius
378 3229 552 3264 Paduanus
571 3229 671 3265 docet
682 3242 722 3265 ex
734 3231 828 3266 Sacra
843 3231 1006 3275 Scriptura
1021 3243 1090 3276 pro-

255 3271 326 3307 bari
345 3283 413 3310 non
431 3281 518 3335 posse
539 3281 676 3314 Petrum
698 3281 794 3315 fuisse
805 3281 998 3316 Romanum
1012 3282 1091 3327 Epi-

254 3321 410 3365 scopum,
434 3329 538 3363 immo
552 3342 611 3365 nec
624 3330 743 3365 Romae
761 3331 875 3367 fuisse.
901 3329 981 3369 288
998 3341 1025 3367 1.
1055 3333 1087 3367 ὃς

285 3371 414 3414 (³5²⁸st
430 3378 508 3418 Lupi
517 3383 614 3422 opera
627 3384 660 3413 T.
672 3384 729 3414 IX.

191 337 348 373 Marcion
361 332 515 378 Afpostata
525 332 543 367 ὸ,
555 332 619 368 fide
632 333 809 369 Catholica
827 361 834 367 .
859 341 940 382 245.
951 342 983 368 2.
999 335 1076 368 Fuit

238 387 420 424 Ponticus,
447 382 601 428 Episcopi
626 384 808 418 sanetissitni
830 385 972 428 degener
992 383 1077 418 filius

1154 2530 1194 2563 M
1351 2532 1562 2567 immediatus
1575 2533 1717 2567 Simonis
1741 2533 1837 2577 Magi
1848 2530 2047 2574 discipulus.

1858 170 1946 214 395

1188 237 1249 279 seq.
1277 245 1332 278 pet
1353 233 1530 272 Babylonem
1553 230 1709 277 intelligit
1729 245 1800 270 non
1832 236 2024 275 Romanam

1188 284 1343 326 Urbem,
1369 284 1423 319 sed
1434 281 1642 326 Babylonem
1655 283 1879 325 Assyriorum.
1907 286 2033 336 2894,μ

1157 346 1266 379 ’.2.90.
1280 345 1310 370 2.

1138 358 1168 422 S
1195 387 1360 420 Martinus
1382 383 1631 419 communicans
1654 381 1829 418 Ithacianae
1852 388 1986 423 factioni
2007 389 2026 424 ᾗ,

1190 437 1423 470 miraculorum
1434 434 1539 479 gratia
1551 433 1776 477 suspenditur.
1905 436 1980 482 381,
1996 441 2025 475 1ss

1140 491 1253 525 Martyr
1275 487 1309 520 &
1329 486 1476 529 Confeffor
1499 483 1672 529 quomodo
1703 483 1855 518 differant
1881 486 1894 517 ?
1919 483 1972 530 48.
1995 498 2027 522 2.

1189 536 1364 571 Confeflor
1384 536 1522 574 dicitur,
1548 535 1603 579 qui
1635 533 1849 577 apprehensus
1873 558 1885 574 ,
1909 533 1944 567 &
1966 546 2031 572 car-

1190 596 1314 621 ceratus
1324 586 1388 620 fuit
1400 598 1409 628 ;
1436 585 1566 627 Mai-tyr
1577 610 1588 625 ,
1614 585 1671 627 qui
1682 585 1811 627 insuper
1823 595 1877 627 per
1888 593 2035 620 tormen·

1192 647 1225 671 ta
1238 636 1404 680 probatus.
1436 636 1507 668 ibid.
1535 635 1616 669 Non
1633 635 1807 677 requiritur
1821 642 1932 668 tamen
1945 635 2034 669 Mar-

1191 688 1275 730 tyris
1291 697 1366 720 vera
1388 697 1496 725 mors,
1523 695 1579 719 aut
1603 685 2030 727 tormentorumperpeffio.

1192 746 1250 783 49.
1281 749 1309 773 1·
1329 735 1456 769 Sufficit
1479 735 1643 779 capitalis,
1670 735 1745 768 licet
1769 734 1976 777 postmodum
1988 746 2032 769 re-

1193 788 1283 820 miffa
1307 810 1318 826 ‚
1345 786 1502 820 sententia
1529 810 1534 816 .
1561 785 1634 817 ibid.
1662 785 1744 817 Item
1766 784 1914 828 perpetui
1937 785 2033 818 exilii

1195 837 1353 880 sententia
1365 861 1375 876 ‚
1403 835 1452 869 vel
1464 834 1504 868 ad
1516 835 1648 868 metalla
1660 834 1842 869 damnatio.

1147 887 1311 929 Martyres
1322 886 1477 930 designati
1491 910 1501 927 ‚
1529 885 1663 927 quinam
1679 887 1691 918 ?
1728 908 1730 911 >
1887 894 1942 930 50.
1960 896 1987 919 1.
2004 895 2035 920 2.

1146 937 1310 979 Martyres
1323 938 1397 970 sunt
1412 960 1422 976 ,
1449 935 1505 978 qui
1529 935 1570 968 ab
1582 934 1738 969 haereticis
1753 934 1957 968 incruentam
1972 945 2037 977 per-

1197 988 1397 1021 secutionem
1431 986 1596 1029 patiuntur
1622 1009 1629 1017 .
1666 996 1768 1032 71.1.
1807 984 2038 1019 Tertullianus

1197 1037 1403 1080 oppofitum
1394 1047 1534 1070 innuens
1543 1035 1583 1070 de
1600 1034 1741 1069 cruentis
1751 1035 1918 1077 martyriis
1944 1034 2043 1068 intel

1199 1084 2035 1131 ligendus.ib1'd.

1149 1137 1309 1180 Martyria
1320 1146 1452 1171 cruenta
1466 1149 1532 1172 non
1547 1138 1678 1171 fuerunt
1689 1135 1730 1169 ab
1743 1134 1899 1169 haereticis
1918 1132 2039 1168 inflicta

1200 1198 1346 1229 tempore
1371 1187 1593 1221 Tertulliani.
1942 1194 1996 1229 72.
2012 1194 2039 1219 1·

1151 1237 1308 1280 Martyrii
1332 1236 1471 1281 gloriam
1497 1234 1710 1275 Christianis,
1738 1245 1821 1276 quos
1841 1234 2041 1277 persequitur

1201 1286 1329 1321 invidet
1354 1286 1569 1320 Constantius
1591 1285 1788 1328 Imperator.
1818 1294 1872 1331 70.
1897 1293 1930 1317 2.
1958 1283 2043 1317 Item

1203 1336 1413 1375 Geizericus‚
1442 1336 1680 1374 Hunnericus‚
1707 1332 1826 1367 &alii.
1928 1342 1984 1378 71.
2011 1344 2042 1368 1.

1152 1387 1352 1430 Martyrium
1375 1385 1498 1419 Christi
1523 1384 1693 1429 quomodo
1705 1382 1863 1418 differat&
1877 1383 2042 1425 Martyrio

1203 1437 1488 1471 Christianorum.
1936 1443 1990 1480 74.
2015 1445 2042 1469 1·

1154 1484 1353 1530 Martyrium
1377 1498 1445 1521 non
1469 1486 1514 1520 est
1528 1495 1620 1519 extra
1641 1483 1839 1518 Ecclefiam.
1945 1493 1998 1529 94.
2017 1488 2046 1517 ι.

1154 1538 1339 1581 Martyrum
1363 1537 1468 1580 lapsus
1487 1536 1707 1581 gravissimum
1719 1535 1840 1577 semper
1853 1533 1888 1567 in
1901 1532 2045 1566 Ecclesia

1204 1586 1389 1622 scandalum
1403 1588 1544 1631 peperit.
1939 1593 1964 1627 5
1974 1594 1999 1617 1.
2014 1591 2046 1616 2·

1154 1639 1340 1680 Martyrum
1358 1638 1483 1670 summa
1520 1637 1554 1670 in
1567 1636 1709 1669 Ecclefia
1732 1634 1893 1679 dignitas.
1945 1630 2044 1677 48.1.

1154 1689 1342 1730 Martyrum
1369 1687 1501 1721 titulum
1530 1685 1759 1730 Lugdunensis
1789 1682 2046 1722 &Viennensis

1208 1737 1356 1771 Ecclefiae
1378 1737 1587 1771 confessores
1613 1747 1656 1770 ex
1680 1735 1869 1769 humilitate
1880 1733 2027 1766 recusant
2042 1755 2050 1762 .

1204 1785 1260 1834 4-8
1275 1799 1307 1825 2
1333 1787 1402 1822 Soli
1416 1786 1573 1822 Christo,

1172 1846 1272 1870 ··tem
1294 1832 1542 1869 Confefforibus
1569 1841 1752 1873 competere
1764 1830 1948 1864 affirmant.

1156 1856 1330 1920 Materiam
1357 1884 1436 1916 Deo
1455 1889 1649 1911 coaeternam
1662 1879 1784 1910 docent
1796 1866 2027 1922 Hermogenes
2037 1903 2050 1919 ‚

1205 1936 1323 1968 zeno,
1350 1927 1491 1967 Cicero,
1519 1927 1641 1967 Plato,
1666 1928 1728 1960 διε.
1883 1939 1997 1964 112-1.
2016 1939 2047 1963 2.

1156 1978 1450 2012 Matrimoniorum
1473 1977 1506 2009 δε
1525 1977 1763 2019 sponsaliorum
1776 1975 1958 2013 benedietio
1984 1979 2052 2012 lau-

1205 2028 1340 2062 dabilis.
1930 2041 1985 2065 21.
2013 2044 2047 2067 2.

1603 1786 1636 1816 δε
1647 1783 1882 1816 consummatis
1901 1793 1957 1823 per
1964 1790 2052 1813 mor-

1974 1830 2047 1864 ibid,

1157 2077 1412 2113 Matrimonium
1425 2077 1560 2121 disparis
1579 2077 1685 2111 cultus
1697 2077 1871 2112 dissuasum
1886 2104 1893 2111 .
1918 2089 2000 2125 204.
2017 2091 2046 2116 1-

1155 2128 1411 2163 Matrimonium
1433 2139 1536 2162 unum
1558 2137 1635 2162 ante
1660 2129 1862 2171 Baptismum
1895 2130 1929 2164 δε
1956 2128 2048 2163 aliud

1206 2179 1276 2222 post
1289 2179 1491 2221 Baptismum
1505 2179 1612 2212 causat
1625 2178 1894 2222 irregularitatem
1908 2206 1913 2212 .
1932 2189 2047 2227 2772.

1155 2229 1185 2263 S
1211 2228 1373 2264 Matthias
1385 2239 1492 2263 veram
1505 2228 1652 2263 obtinuit
1666 2228 1880 2272 Apostolatus
1903 2229 2052 2273 dignita·-

1206 2278 1990 2324 tem.184-
2009 2292 2044 2316 2-

1156 2307 1365 2365 Medicorum
1386 2329 1986 2365 treshaereses.100.
2011 2342 2043 2366 2.

1157 2380 1417 2415 Mediolanensis
1446 2380 1589 2416 Ecclesia
1613 2379 1751 2416 fundata
1769 2381 1788 2414 a
1806 2381 1925 2415 Sanflo
1964 2379 2047 2414 Bar-

1172 2440 1174 2443 ’
1207 2430 1308 2465 naba.
1914 2440 1989 2477 139.
2013 2443 2049 2467 2-

1159 2481 1423 2522 Mello-christiam
1436 2481 1593 2517 dicuntur
1604 2481 1856 2525 Competentes.
1910 2489 1991 2526 345·
2015 2489 2045 2516 1·

1202 2592 1280 2629 273
1302 2593 1329 2617 1.
1360 2582 1442 2626 Ejus
1455 2594 1598 2618 errores.
1973 2579 2047 2612 ibid

1152 2631 1368 2666 Mendacium
1389 2643 1447 2668 an
1453 2633 1568 2675 aliquo
1589 2634 1666 2665 casu
1684 2633 1840 2668 licitum?
1866 2631 1960 2667 161.1.
1989 2629 2048 2662 Er-

1199 2692 1252 2716 ror
1277 2681 1596 2715 Priscillianistarum
1618 2681 1823 2724 dicentipm:
1843 2682 1955 2721 sura,
1979 2684 2048 2717 per-

1191 2734 1291 2773 jura,
1317 2732 1463 2763 secretum
1483 2729 1610 2770 prodere
1633 2728 1712 2759 noli.
1741 2732 1817 2765 160-
1831 2738 1861 2762 2·
1901 2726 1931 2759 S.
1947 2725 2044 2759 Euse-

1200 2781 1272 2816 bius
1295 2778 1507 2814 Vercellenfis
1525 2779 1543 2812 a
1567 2786 1646 2811 nota
1657 2777 1821 2811 mendacii
1835 2775 2043 2815 vendicatus.

1202 2829 1323 2867 161-1.
1350 2828 1579 2873 Simulationis
1591 2828 1741 2870 exempla
1770 2839 1839 2861 non
1860 2826 2039 2860 imitanda.

1198 2880 1271 2914 ibid.
1285 2890 1316 2914 2.
1343 2878 1560 2913 Mendacium
1582 2876 1853 2920 dispensatorium
1862 2887 1899 2910 ac
1918 2876 2043 2910 simula·

1201 2931 1323 2965 torium
1334 2930 1428 2965 nullo
1439 2930 1513 2964 casu
1525 2928 1674 2962 licitum.
1701 2938 1825 2975 223.2.
1850 2926 1960 2970 &seq.
1985 2925 2045 2960 Aa

1199 2993 1241 3015 eo
1262 2981 1338 3014 usus
1359 2981 1397 3014 fit
1420 2981 1553 3015 Sanstus
1580 2978 1717 3019 Petrus,
1742 2980 1776 3012 &
1795 2977 1940 3026 Paulus?
1966 2975 2041 3009 ibid.

1200 3032 1429 3074 Hieronymus
1437 3030 1478 3064 de
1490 3029 1579 3063 licita
1590 3027 1792 3064 simulatoria
1801 3025 2043 3071 dispensatione

1200 3081 1412 3116 Palinodiam
1442 3079 1726 3124 spontecantavit.
1926 3075 2006 3117 226.
2021 3088 2041 3109 r.

1152 3131 1314 3166 Miracula
1326 3131 1472 3175 patrandi
1483 3130 1588 3175 gratia
1600 3140 1669 3163 non
1681 3129 1775 3166 datur
1785 3126 1943 3165 haereticis
1953 3153 1965 3170 ,
1979 3137 2042 3162 nec

1203 3180 1411 3216 [nfidelibus.
1442 3181 1518 3228 378.
1535 3191 1566 3216 2.
1588 3177 1700 3221 &seq.
1722 3179 1819 3225 Magi
1832 3179 1868 3213 in
1880 3177 2040 3222 AEgypto

1201 3243 1244 3266 an
1254 3230 1415 3266 ediderint
1433 3239 1506 3264 vera
1519 3229 1699 3265 miracula?
1916 3230 1992 3276 380.
2010 3238 2038 3264 1.

1153 3282 1319 3317 Miracnla
1339 3281 1407 3316 sola
1431 3289 1501 3320 non
1522 3281 1597 3315 sunt
1622 3281 1757 3324 plenum
1778 3278 1852 3314 resti
1873 3278 2040 3324 dogmatis

1172 3351 1175 3354 ·
1203 3332 1448 3369 testiinonium.
1762 3327 1839 3378 381·
1853 3340 1880 3366 1.
1910 3326 1990 3376 3822
2005 3339 2036 3365 1-

1578 3380 1608 3414 L
1634 3380 1644 3413 l
1695 3390 1719 3417 2
1921 3377 1986 3410 Mi-

1940 844 2031 880 49-2·
2090 856 2092 858 >
