2346 3724
45 1820 104 1859 Ep·
123 1827 185 1856 ιςο,

46 1868 98 1903 qu·
117 1870 149 1901 9.

41 2394 124 2441 *pap-⁴
143 2408 187 2441 30·

183 2885 188 2891 -
206 2861 282 2906 guit
304 2859 408 2906 Iulius
427 2858 639 2902 Capitolinus
659 2884 666 2895 .

136 2923 144 2935 ·
181 2923 189 2934 ·
206 2911 408 2955 Imperatore
428 2907 538 2945 scribit
561 2909 676 2945 AElius
703 2912 910 2955 Spartianus:
938 2913 1089 2945 Adrianus

700 130 1021 175 einr

207 224 269 259 per
290 219 453 258 oportet„
467 208 604 247 Etenim
624 208 703 246 istos
720 220 853 245 orantes
866 210 998 247 sanstus
1008 208 1091 246 Pau·

213 266 263 298 lus
284 269 489 307 nequaquam
511 259 695 305 improbat.
725 262 769 296 Et
790 260 887 299 fiebat
905 271 951 296 ex
962 257 1090 297 Divino

211 313 416 349 Charismate
431 336 439 345 .
470 309 512 344 Et
532 309 613 349 hinc
638 309 1030 349 lucetSanffimoniales‚
1057 309 1093 343 li·

210 364 262 399 cet
275 362 370 398 verba
383 369 451 397 non
463 359 654 406 intelligant
666 386 677 402 ,
702 361 828 399 refflrin
842 361 957 406 lingua
971 359 1092 396 Latina

210 413 357 458 psallere.
385 411 491 448 Lucet
506 411 604 447 istum
615 412 773 455 psallendi
787 410 924 446 modum
949 422 1018 445 non
1031 411 1093 446 effe

208 473 334 499 novum
344 461 430 506 apud
443 461 617 496 Ecclesias.
646 463 718 497 Effe
731 474 798 496 non
811 460 982 498 dumtaxat
1005 460 1093 503 Apo-

208 514 385 558 stolicum,
411 510 465 549 sed
487 513 522 549 &
546 512 677 551 fundari
698 514 733 549 in
756 511 887 550 Divino
911 510 1095 555 charisma·

207 574 258 602 (ee

258 613 370 648 Etiam
393 609 462 650 haec
475 611 629 656 Apostoli
643 612 737 648 verba
760 612 845 647 reste
855 622 950 658 urget
961 612 1096 649 sanetus

205 665 369 712 joannes:
397 664 549 698 Caeterum
565 664 597 712 fi
604 665 794 699 benedixeris
802 662 915 708 spiritu
929 688 940 705 ,
966 661 1094 710 quisup-

199 715 268 760 plet
290 715 383 750 locum
406 715 508 747 idiote
535 738 547 755 ,
572 716 711 759 quomod&
731 714 830 754 duct,
860 718 955 750 Amtn
973 739 985 756 ,
1006 712 1098 757 super

204 771 292 800 tuam
303 764 533 801 benedidltonem
545 765 563 798 ,θ
590 768 743 809 ,Quoniam
763 775 831 807 quae
842 765 926 801 dicas
942 789 954 807 ,
981 762 1074 807 nescit
1087 787 1094 795 .

205 818 295 851 Nam
320 822 353 847 ru
374 815 493 857 quidem
514 814 588 854 bem,=
604 821 726 864 gratias
747 820 837 860 agis,
858 814 917 858 sed
937 815 1015 848 alter
1038 824 1097 853 non

206 862 372 911 aedificatur
396 889 403 898 -
431 863 613 910 Apostolus
638 862 747 901 lucide
773 865 910 901 affirmat
936 863 1093 909 quosdam

206 924 289 951 tunc
298 912 474 959 publicein
489 913 632 951 Ecclesia
648 915 752 950 orasse
775 915 810 949 in
825 915 933 949 aliena
954 915 1068 959 lingua
1085 924 1105 955 ,·

205 965 242 1000 δε
252 964 296 1000 ab
307 963 512 1002 adstantibus
523 962 636 1002 idiotis
645 964 700 1002 seu
709 964 802 1001 laicis
812 976 880 1000 non
893 964 987 1002 fuisse
1001 963 1095 998 intel·

205 1015 326 1053 lestos.
352 1013 397 1051 Et
409 1023 520 1049 tamen
542 1013 606 1050 hos
616 1013 658 1048 ad
679 1012 774 1051 istam
794 1015 982 1051 orationem
995 1024 1098 1057 appo·

205 1062 603 1107 suiffecompmbativum
624 1063 852 1108 signaculum,
881 1063 1012 1099 Amen.
1041 1062 1095 1096 Ex

205 1123 276 1159 quo
299 1110 484 1150 Lutherani
512 1112 549 1151 ἀ
571 1112 914 1152 Calvinifflediscant
940 1124 1010 1149 non
1033 1114 1097 1147 esl‘e

204 1162 418 1202 necessarium
431 1187 444 1207 ,
468 1171 507 1198 ut
519 1161 681 1201 solemnes
693 1162 841 1201 Ecclefiae
849 1174 957 1208 preces
967 1164 1048 1199 fiant
1060 1163 1095 1197 in

204 1211 358 1259 populari
387 1212 504 1259 lingua
525 1237 539 1258 ,
574 1221 631 1248 aut
649 1214 668 1252 ὲ
692 1214 819 1258 populo
846 1214 1096 1260 intelligantur.

205 1261 388 1309 oppositus
411 1273 485 1302 mos
508 1263 554 1299 est
565 1263 731 1301 Divinum
750 1264 892 1302 Donum
914 1261 1097 1302 aclnstitu-

204 1322 278 1351 turn
289 1336 299 1346 .
325 1312 383 1351 Ad
394 1323 463 1351 rem
475 1314 664 1356 praesentem
676 1313 804 1350 faciunt
818 1315 919 1350 etiam
931 1312 998 1349 haec
1008 1312 1037 1346 A
1043 1322 1096 1357 po·-

203 1362 282 1399 stoli
293 1362 415 1400 verba:
439 1363 550 1409 surgo
571 1368 732 1399 conveniat
750 1361 894 1407 universa
914 1361 1041 1405 Ecclefia
1064 1367 1098 1396 in

203 1422 318 1454 unum,
348 1413 495 1449 &omnes
514 1413 625 1456 linguis
645 1413 826 1455 loquantur,
853 1416 970 1447 intrent
994 1420 1098 1446 autem

203 1463 308 1503 idiote
319 1468 374 1496 aut
397 1459 558 1502 infideles,
583 1470 680 1494 nonne
700 1462 802 1496 dicent
824 1464 907 1504 quod
929 1460 1097 1504 insanitis?

202 1511 238 1547 Si
252 1507 370 1554 nempe
390 1519 510 1547 omnes
535 1509 715 1555 loquantur
738 1510 863 1548 diversa
875 1511 1009 1558 lingua.
1038 1511 1095 1547 Est

201 1558 286 1606 ergo
305 1559 432 1598 clarum
447 1581 460 1600 ‚
486 1559 578 1602 quod
599 1560 789 1607 linguarum
807 1559 979 1597 charisma
999 1561 1097 1596 fuerit

202 1621 275 1648 non
286 1609 394 1647 varius
415 1609 583 1648 variorum
605 1620 647 1645 ex
667 1610 785 1649 eodem
797 1611 943 1648 idomate
963 1611 1098 1646 auditus

202 1671 243 1695 ac
257 1658 468 1702 intellectus,
492 1659 546 1697 sed
567 1659 770 1698 diversorum
790 1660 991 1698 idiomatum
1006 1660 1098 1695 noti-

203 1710 251 1745 tia
263 1721 302 1745 ac
323 1710 497 1746 elocutio.
523 1708 619 1747 Hinc
640 1709 683 1744 de
700 1711 820 1747 Sancto
841 1711 952 1748 Paulo
973 1711 1008 1746 ἀ
1021 1711 1097 1746 Bar-

202 1758 291 1797 naba
313 1783 326 1802 ,
354 1762 388 1794 in
413 1759 584 1807 Lycaonia
612 1760 865 1804 praedicantibus
883 1786 894 1802 ,
921 1760 1034 1799 scribit
1055 1760 1098 1796 ad

202 1808 389 1848 Hebidiarn
401 1809 536 1847 Sanctus
554 1808 785 1853 Hieronymus
796 1824 808 1845 .·
829 1815 867 1848 In
878 1815 1024 1850 Lycaonia
1033 1821 1098 1845 cum
1127 1845 1131 1849 ,

202 1860 350 1903 audlffent
365 1860 495 1896 Paulum
521 1861 555 1893 Θ
568 1860 751 1895 Barnabam
772 1862 851 1904 loque
878 1862 991 1908 linguis
1008 1859 1076 1906 suls
1087 1885 1098 1901 ,

204 1914 284 1945 Deos
295 1911 328 1943 in
342 1909 474 1944 homines
488 1909 541 1954 effe
556 1908 711 1953 conversos
724 1911 885 1944 credebant
897 1935 906 1943 .
933 1911 1098 1955 Loquitur

201 1972 245 1996 ex
260 1960 513 2005 quartodecimo
522 1959 630 2003 capite
640 1960 669 1994 A
677 1961 916 2002 postolicorum
930 1961 1076 1997 Attuum
1089 1986 1095 1994 .

201 2011 336 2046 Textus
344 2011 390 2045 est
407 2010 490 2046 bene
503 2009 725 2046 attendendus
741 2034 749 2043 .

255 2061 329 2094 Nec
353 2060 446 2094 istam
468 2059 667 2100 Lycaonum
690 2058 943 2095 admirationem
964 2059 1102 2097 admire-

203 2110 266 2147 ris.
294 2107 431 2145 Etenim
454 2108 597 2151 plurium
611 2108 799 2153 linguarum
817 2110 1098 2157 peritiaeratolim

202 2159 288 2197 adeo
322 2170 411 2202 rara,
438 2168 474 2194 ut
493 2158 535 2192 de
559 2159 698 2202 antiquo
721 2158 979 2196 Atheniensium
1004 2162 1098 2206 Rege

204 2210 356 2254 Cecrope
380 2209 496 2244 scribat
521 2210 555 2243 in
579 2208 723 2244 secundo
743 2208 990 2246 Chronicorum
1011 2211 1099 2244 libro

1094 138 1293 170 1¹18

1417 123 1464 167 X
1496 123 1555 166 X.
1867 133 1895 172 '1
1906 124 1970 186 87

1155 207 1196 243 de
1214 204 1362 243 claudio
1372 203 1526 250 Augusto
1537 200 1649 240 scribit
1665 204 1842 243 Svetonius
1850 207 2032 254 Tranquil-

1158 259 1225 293 lus:
1252 257 1399 291 Claudias
1412 255 1609 302 splendidum
1618 258 1741 296 virum,
1767 260 1937 303 Grec-mque
1959 264 2034 296 pm.
2051 249 2124 290 Cap.
2143 252 2191 285 πί

1156 314 1266 343 vineiae
1278 310 1449 349 Principem
1462 331 1473 347 ‚
1501 305 1605 341 venlm
1616 308 1724 341 Latini
1729 303 1875 349 sermonis
1886 315 2034 353 ignarum,

1157 371 1215 393 non
1222 360 1308 395 ‘modii
1318 357 1384 391 albo
1385 362 1420 405 J
1421 357 1539 392 radicum
1547 353 1635 398 erafie
1648 379 1660 396 ,
1681 353 1841 399 fidenam
1862 362 1900 390 in
1906 367 2037 404 perega-

1159 414 1286 443 nitatem
1302 410 1419 453 redegit
1440 432 1447 439 .
1474 406 1563 442 Istud
1585 405 1720 443 Claudii
1741 405 1905 451 judicium
1926 408 2038 443 nimiae

1156 458 1281 498 duritiae
1291 460 1399 504 arguit
1409 457 1603 496 simonius:
1625 456 1730 505 Qod
1741 467 1862 501 nempe
1872 467 1952 494 tunc
1963 457 2040 492 alie-

1157 521 1203 545 nae
1215 511 1335 556 linguae
1346 507 1508 553 imperitia
1520 508 1599 542 esset
1611 506 1849 552 generaliffima
1860 532 1871 550 ,
1895 506 2040 552 ideoque

1158 561 1241 596 vitio
1251 585 1262 600 ,
1288 559 1390 608 longe
1400 558 1506 603 magis
1516 557 1648 594 crimini
1660 569 1729 593 non
1742 559 1845 601 posset
1858 558 1940 595 verti
1952 582 1962 591 .
1984 557 2043 592 Et·

1157 611 1222 645 iam
1245 610 1452 655 Imperatoris
1463 608 1585 652 Juliani
1598 608 1721 644 vatiam
1733 608 1903 643 scientiam
1927 608 2043 643 laudat

1159 661 1358 696 Ammianus
1371 658 1606 698 Marcellinus,
1627 668 1726 701 atque
1741 658 1924 705 adjungit,-
1947 661 2042 701 Super
2062 668 2124 700 Lib,
2150 673 2196 701 1⁶,

1155 710 1204 745 his
1215 713 1321 746 aderat
1335 712 1447 748 Latini?
1455 720 1565 752 quoque
1574 709 1732 752 differem
1747 706 1899 754 suffiscus
1916 706 2016 752 sermo
2030 734 2041 742 .
2062 719 2127 750 cap·
2146 715 2178 741 6.

1157 762 1239 799 Non
1251 761 1449 808 elegans,sed
1463 759 1682 795 sufficiens-Et
1694 758 1760 795 hoc
1770 757 1858 803 apud
1867 760 2044 796 Orientem

1168 821 1248 846 nato
1273 825 1311 847 ac
1321 812 1461 849 educato
1470 808 1618 854 Principi
1630 809 1762 847 ducitur
1781 820 1910 855 magna
1928 809 2041 846 laudi.

1159 862 1232 898 Effe
1243 863 1434 907 trilinguem
1446 869 1514 896 erat
1523 860 1608 904 apud
1624 860 1778 905 antiquos
1788 860 1859 897 laus
1875 858 2047 904 incompa-

1158 912 1285 947 rabilis.
1313 914 1357 948 Et
1380 912 1461 949 hine
1480 910 1656 947 Ruffinum
1667 909 1899 956 Presbyterum
1912 910 2047 945 sanetus

1158 963 1388 1007 Hieronymus
1403 987 1413 1003 ,
1440 961 1589 998 sarcasmi
1609 962 1703 996 causa
1716 984 1726 1000 ‚
1754 960 1882 995 inducit
1893 960 2047 996 Thrazo·

1157 1012 1326 1048 nizantem
1336 1013 1371 1049 in
1383 1011 1451 1049 haec
1463 1011 1558 1046 verba
1568 1024 1580 1045 .·
1604 1014 1673 1055 Ego
1691 1009 1884 1054 Philosophus
1896 1036 1908 1053 ‚
1918 1011 2045 1052 liberor,
2065 1018 2127 1052 Lib.
2135 1025 2167 1057 3·'

1156 1066 1382 1098 Grammaticus
1405 1087 1417 1104 ‚
1444 1061 1623 1095 maledicus
1644 1085 1655 1102 ‚
1683 1061 1830 1096 Hebraeus
1853 1086 1864 1102 ‚
1892 1065 2021 1096 Graecus
2035 1086 2047 1102 ‚
2065 1069 2166 1099 cap-3.

1159 1116 1292 1149 Latinus
1315 1137 1328 1155 ,
1353 1113 1521 1156 Trilinguis
1541 1135 1550 1143 .
1577 1111 1672 1157 Qin
1695 1111 1730 1145 ὅ(
1749 1110 1791 1144 de
1812 1110 2047 1146 Romanorum

1159 1164 1307 1198 Censore
1328 1174 1366 1197 ac
1379 1162 1532 1205 Principe
1543 1160 1677 1195 Catone
1690 1183 1701 1200 ,
1725 1159 1816 1204 quod
1839 1161 1992 1203 usquead
2007 1163 2050 1195 se-

1161 1214 1254 1248 nium
1278 1214 1480 1260 ignoraverit
1490 1235 1502 1254 ,
1528 1210 1654 1245 &tunc
1666 1209 1790 1244 discere
1803 1220 1872 1244 non
1884 1211 2051 1245 erubuerit

1160 1263 1308 1298 Graecam
1332 1263 1504 1308 linguam,
1530 1259 1665 1295 testatur
1687 1260 1721 1295 in
1748 1261 1912 1297 litterisad
1930 1262 2053 1295 Deme-

1161 1314 1298 1349 triadem
1320 1314 1410 1349 idem
1432 1312 1679 1356 Hieronymus.
1711 1309 1753 1344 Et
1778 1307 1860 1344 hinc
1874 1309 2054 1347 Mithrida-

1163 1374 1230 1399 tem
1254 1363 1357 1398 Ponti
1374 1362 1526 1407 Regem,
1551 1359 1640 1404 quod
1657 1360 1960 1404 damme-viginti
1979 1372 2054 1405 gen-

1159 1420 1238 1449 tium
1248 1425 1296 1448 ore
1308 1414 1476 1456 loqueretur
1487 1435 1500 1452 ,
1525 1407 1645 1446 merit&
1660 1409 1886 1445 admiratur&
1900 1411 2055 1452 praedicat

1161 1464 1196 1499 in
1218 1463 1392 1497 illustrium
1414 1462 1559 1498 virorum
1577 1459 1734 1503 catalogo
1748 1459 1905 1494 Aurelius
1917 1461 2051 1496 Vistor.

1210 1513 1255 1546 Et
1267 1512 1328 1545 ista
1348 1513 1539 1555 linguarum
1560 1508 1722 1552 imperitia
1742 1511 1844 1542 etiam
1856 1507 2055 1545 Christianis

1159 1560 1335 1608 permansit
1359 1560 1585 1604 temporibus.
1613 1558 1696 1594 Non
1710 1557 1884 1593 dumtaxat
1904 1560 1941 1594 in
1961 1560 2056 1595 nobi-

1159 1611 1249 1646 libus
1272 1610 1497 1651 saecularibus,
1524 1609 1579 1646 sed
1600 1609 1701 1644 etiam
1723 1609 1759 1643 in
1781 1609 1914 1655 magnis
1927 1610 2054 1645 Mona-

1156 1660 1232 1697 chis
1249 1686 1257 1694 .
1287 1661 1423 1696 Etenim
1446 1661 1487 1697 de
1508 1660 1702 1697 san-stimmo
1726 1684 1738 1701 ,
1776 1660 1856 1695 licet
1877 1660 2053 1696 illustrium

1159 1712 1334 1747 Natalium
1360 1711 1433 1746 viro
1452 1735 1466 1753 ,
1503 1710 1658 1747 omniurn
1681 1707 1934 1748 Monachorum
1957 1710 2055 1746 Patre

1162 1761 1318 1798 Antonio
1332 1786 1343 1802 ,
1362 1761 1461 1805 quod
1473 1762 1574 1797 solam
1589 1759 1834 1805 AEgyptiacarn
1849 1761 1938 1796 norit
1949 1762 2058 1804 ,Gre-

1158 1822 1232 1846 cam
1248 1810 1488 1857 vesolinguam
1511 1810 1645 1854 penitus
1671 1810 1895 1855 ignoraverit,
1921 1822 1963 1845 ex
1982 1812 2057 1848 irre·

2070 1446 2148 1484 Cap.
2164 1450 2211 1479 76.

1163 1860 1317 1907 fragabili
1339 1860 1533 1897 testimonio
1545 1861 1686 1897 affirmat
1707 1860 1742 1894 in
1754 1860 1910 1897 Laufiaca
1919 1858 2057 1897 historia
2071 1883 2149 1923 Cap·
2166 1889 2214 1916 26.

1160 1910 1331 1947 Palladius
1354 1911 1538 1957 Episcopus
1572 1910 1880 1955 Helenopolitanus
1902 1936 1911 1944 .
1940 1911 2055 1947 sanai

1158 1961 1357 1997 Macedonii
1372 1986 1383 2002 ,
1394 1961 1526 1997 illustris
1537 1961 1624 2004 apud
1639 1959 1861 1996 Antiochiam
1872 1960 2053 2003 Monachi,

1158 2013 1191 2046 ἀ
1207 2012 1426 2054 quorumdam
1443 2010 1854 2055 Palatinornmcolloquia
1863 2011 2052 2054 exponitin

1157 2061 1311 2106 religiosa
1323 2060 1460 2098 historia
1471 2035 1710 2096 Theodoretixs
1721 2082 1733 2100 ‚
1759 2070 1860 2104 atque
1876 2059 2031 2108 adjungit
2041 2075 2052 2096 :

1159 2117 1233 2147 Haec
1247 2114 1297 2147 ille
1306 2114 1425 2154 syriaca
1434 2113 1542 2156 lingua
1546 2109 1724 2153 preferebat
1738 2134 1750 2152 ,
1771 2121 1846 2156 με
1866 2112 1913 2144 ill!
1927 2119 1985 2154 per
1993 2116 2053 2146 In-
2066 2121 2145 2160 cap.
2164 2130 2176 2152 ι
2184 2131 2209 2158 3·

1157 2170 1318 2204 terpretem
1342 2163 1449 2197 Graeci
1474 2160 1598 2194 reddita
1615 2161 1780 2198 audientes
1814 2160 2049 2204 obstupuerunt.

1159 2210 1381 2246 Macedonius
1397 2211 1498 2246 solam
1512 2211 1679 2254 Syriacam
1692 2235 1703 2251 ‚
1729 2211 1875 2248 Palatini
1885 2223 2051 2248 noverant

205 2259 369 2297 Eusebius
391 2258 619 2293 Caesareensxs:
645 2262 772 2300 Cecrops
795 2261 949 2295 dicebatur
961 2260 1098 2304 diphyes,
1140 2244 1261 2295 iselam
1284 2261 1435 2306 linguam
1459 2262 1607 2299 Graecam
1631 2285 1639 2293 .
1678 2261 1724 2296 Et
1746 2262 1788 2297 de
1807 2263 1941 2308 Magno
1960 2263 2049 2308 apud

206 2313 287 2354 quad
294 2311 360 2343 cum
371 2310 433 2353 esset
445 2312 609 2352 AEgyptius
621 2332 631 2347 ,
657 2317 813 2353 utramque
823 2312 958 2357 linguam
964 2309 1078 2353 fidebat
1087 2334 1094 2343 .

1157 2310 1258 2352 Syros
1273 2309 1514 2352 Presbyteroac
1537 2309 1663 2347 Archi·
1674 2310 1846 2347 Mandrita
1866 2312 2023 2348 Barsuma
2036 2338 2049 2354 ‚

204 2361 250 2395 Et
273 2360 444 2395 Numidiae
464 2359 594 2402 Regem
618 2357 814 2401 jugurtham
827 2382 838 2399 ,
864 2360 952 2402 quod
978 2357 1099 2393 Latine
1140 2365 1254 2402 {quem
1268 2358 1310 2393 ad
1322 2359 1504 2393 consessum
1517 2360 1552 2393 ἀ
1564 2361 1756 2405 suffragium
1770 2362 1903 2399 admisit
1915 2363 2049 2407 Ephesi-

202 2410 295 2445 sciret
309 2434 320 2449 ‚
347 2407 457 2443 laudat
487 2409 521 2442 in
533 2417 634 2448 opere
658 2406 698 2440 de
710 2405 779 2449 ejus
800 2406 888 2442 bello
899 2407 1070 2444 Sallustius
1086 2431 1096 2446 ,

203 2457 401 2505 &adjungit
419 2458 551 2492 causam
574 2455 690 2496 fuisse,
715 2457 805 2501 quod
828 2457 885 2492 ille
901 2458 986 2493 olim
1008 2456 1095 2502 apud

204 2509 430 2545 Numantiam
456 2506 513 2542 sub
534 2507 698 2543 Romanis
717 2507 897 2543 meruiffet.
928 2508 964 2543 In
989 2507 1096 2543 Patria

203 2570 344 2596 manens
356 2570 424 2592 non
438 2557 540 2593 fuerat
552 2556 722 2593 habiturus
738 2557 829 2592 istam
843 2557 1010 2602 peritiam.
1033 2558 1094 2592 Ar·

204 2611 350 2645 minium
361 2607 561 2643 Batavorum
576 2608 704 2655 Regem
730 2609 823 2643 suiffe
845 2621 886 2643 ex
897 2610 1010 2644 eadem
1023 2620 1094 2643 cau·

205 2656 239 2696 sa
262 2659 423 2694 Latinum
447 2658 582 2692 'testatur
601 2658 633 2692 in
657 2658 797 2694 secundo
810 2659 994 2696 Annalium
1009 2659 1094 2694 libro

206 2708 383 2744 Cornelius
393 2708 535 2745 Tacitus
544 2733 552 2741 .
581 2707 623 2743 Et
635 2706 714 2743 hinc
726 2708 959 2754 Imperatorem
984 2709 1091 2744 Maxi-

206 2760 337 2795 minum
350 2784 360 2799 ,
381 2757 471 2801 quod
483 2757 590 2794 homo
603 2757 736 2793 Gothus
748 2759 781 2793 in
797 2762 958 2795 Romanis
968 2759 1091 2795 Castris

207 2811 366 2847 Latinam
378 2808 527 2854 linguam
541 2820 609 2844 non
620 2808 783 2846 didicisset
796 2834 807 2853 ,
833 2808 1033 2854 stupiditatis
1044 2821 1089 2844 ar-

704 2860 797 2907 Qin
819 2861 853 2896 ὅ(
875 2860 918 2895 de
940 2858 1089 2895 Adriano

206 2959 399 3006 guastugam
418 2959 518 3007 gefflt,
544 2963 576 2994 in
596 2971 657 3003 qua
676 2970 739 2994 cum
757 2968 919 2998 orationem
929 2966 1089 3004 Imperato-

204 3015 252 3046 ris
265 3017 299 3046 in
310 3012 421 3047 senatu
433 3009 572 3056 agrestius
579 3016 779 3054 pronuntians
793 3010 872 3055 risus
884 3014 948 3055 ffel
958 3036 969 3053 ‚
996 3011 1087 3055 usque

205 3062 251 3095 aa
264 3060 417 3105 summam
435 3065 581 3103 peritiam
600 3059 824 3102 &facundiam
836 3066 955 3098 Latinir
969 3070 1089 3106 operam

206 3110 310 3146 dedit.
339 3110 417 3145 Erat
440 3110 554 3147 Romae
576 3119 690 3153 natus,
720 3111 754 3146 δε
778 3121 889 3149 tamen
900 3112 990 3158 quod
1012 3113 1090 3151 solis

206 3158 330 3198 Graecis
350 3161 466 3197 litteris
491 3161 632 3196 navasset
650 3171 781 3204 operam
794 3185 807 3202 ‚
831 3172 941 3198 tantus
951 3162 1001 3198 vir
1014 3162 1089 3199 Ro-

207 3212 306 3249 mane
331 3211 513 3249 nesciebat.
542 3211 650 3246 Etiam
674 3210 881 3257 Imperatoris
892 3212 999 3249 Severi
1012 3224 1088 3259 ger-

209 3270 306 3298 mana
327 3263 418 3300 soror
427 3288 438 3305 ,
463 3262 544 3298 dum
556 3260 652 3305 Lepti
666 3261 810 3297 Romam
821 3264 911 3298 venit
923 3287 933 3305 ,
960 3264 1016 3297 vix
1029 3275 1088 3300 no·

58 3319 133 3362 cap.
150 3328 196 3359 ¹5·
211 3318 298 3348 vetat
309 3311 428 3349 Latine
439 3337 447 3347 .
461 3313 511 3350 lta
520 3311 654 3349 testatur
666 3311 780 3349 AElius
789 3311 997 3361 Lampridius
1011 3337 1021 3349 .
1040 3314 1086 3353 Et

1136 2401 1144 2480 1

1140 2482 1146 2537 ξ
1153 2457 1260 2501 sumas
1273 2458 1427 2498 Presbyter
1450 2461 1484 2493 6·
1496 2459 1762 2494 Archi-mandrita
1777 2471 1834 2504 per
1848 2467 2048 2506 lnterpretem

1159 2418 1239 2441 num
1251 2407 1481 2443 Latrocinium
1495 2433 1505 2449 ,
1520 2407 1644 2444 habent
1658 2410 1741 2446 Asta
1751 2412 1954 2457 synodalia,-
1966 2416 2050 2448 Bar·

1157 2507 1323 2552 Eusebium
1347 2508 1525 2543 Monachum
1545 2512 1629 2544 dixit
1645 2535 1652 2543 .
1684 2511 1818 2554 Utique
1841 2513 1933 2547 suum
1954 2514 2048 2556 judi·-

1155 2560 1245 2593 cium
1269 2569 1327 2603 pro
1348 2556 1550 2594 haerefiarcha
1565 2560 1755 2606 Eutychete
1767 2587 1775 2595 .
1802 2562 1935 2607 Nempe
1954 2562 2048 2608 quod

1155 2610 1267 2644 Graece
1278 2609 1407 2653 penitus
1419 2611 1572 2645 nesciret.
1602 2612 1644 2646 Et
1662 2611 1705 2647 de
1725 2612 1806 2648 dato
1831 2625 1887 2658 per
1897 2615 2043 2649 eundern

1157 2660 1190 2694 in
1203 2660 1355 2695 Sanctum
1370 2660 1563 2697 Flavianum
1577 2661 1992 2706 Constantinopolitanum
2004 2664 2049 2698 E·

1157 2711 1327 2754 piscopum
1358 2710 1570 2746 damnatorio
1604 2712 1760 2756 suffragio
1782 2712 1905 2746 habent
1925 2711 2044 2748 eadem

1158 2762 1260 2795 Asta:
1289 2759 1459 2805 Barsamas
1480 2785 1491 2801 ,
1519 2761 1672 2799 Preibyter
1698 2764 1734 2796 ὑ·
1754 2761 2042 2803 archimandrita,

1157 2817 1375 2853 interpretante
1388 2822 1456 2846 eum
1472 2809 1600 2851 Eusebio
1612 2809 1756 2844 Monacbo
1766 2810 1788 2853 ‚'
1799 2812 1884 2845 dixit
1898 2836 1906 2844 .
1933 2811 2041 2846 Istius·

1157 2862 1247 2896 modi
1260 2858 1300 2894 de
1321 2860 1390 2903 ipso
1401 2860 1628 2895 testimouium
1643 2858 1741 2895 habes
1751 2861 1851 2896 etiam
1877 2862 1911 2895 in
1924 2870 2040 2906 quarta.

1155 2914 1281 2947 actione
1292 2909 1565 2947 Chalcedonensis
1576 2908 1701 2954 Synodi
1712 2935 1718 2942 .
1729 2909 1773 2946 Et
1787 2911 1928 2952 libellus,
1937 2922 2039 2956 quem

1154 2962 1299 3000 ,secunda
1320 2961 1419 3006 Syriae
1439 2959 1601 2995 Monachi
1621 2960 1772 2995 adversus
1794 2962 1946 3001 Sevetum
1958 2961 2039 2997 An·

1152 3012 1286 3048 tiochiae
1296 3009 1658 3048 Pseudo-Patriarcharn
1670 3009 1890 3049 exhibuerunt
1913 3013 1979 3047 suis
1991 3012 2036 3046 E-

1152 3063 1293 3108 piscopis
1313 3086 1324 3105 ‚
1349 3062 1420 3106 post
1447 3061 1624 3097 multarum
1648 3060 2033 3100 Archi-Mandritarum

1151 3115 1281 3150 Graecas
1302 3112 1550 3156 subscriptiones
1573 3110 1670 3147 habet
1687 3123 1696 3144 :
1721 3113 1800 3148 sune
1820 3121 1924 3148 autem
1941 3114 1975 3149 6·
1995 3119 2034 3147 m

1149 3165 1254 3208 lingua
1274 3166 1389 3204 55riaca
1413 3163 1515 3199 multae
1527 3163 1562 3196 (9
1574 3163 1702 3206 infinita
1729 3162 1944 3199 Manat-borum
1957 3161 2029 3207 sub·

1144 3213 1323 3261 scriptiones
1345 3240 1352 3247 .
1392 3212 1496 3263 Qod
1519 3212 1631 3247 omnis
1654 3212 1710 3249 illa
1736 3223 1842 3248 turma
1854 3212 1953 3249 aliam
1970 3212 2035 3248 lin·
2050 3231 2116 3267 Ast·
2132 3241 2157 3270 5³

1151 3276 1250 3309 guam
1261 3266 1440 3310 ignoraret.
1474 3263 1523 3297 lta
1536 3261 1636 3299 habes
1661 3263 1696 3297 in
1710 3262 1848 3306 Synodo
1861 3263 2032 3298 Constan-

1151 3314 1453 3361 tinopolitanasub
1472 3312 1657 3350 Patriarcha
1670 3313 1814 3350 Menna.
1843 3313 1918 3350 Nec
1937 3314 2034 3371 mire-

1941 3375 1983 3400 ns
