2346 3724
743 106 784 149 C
857 118 887 147 A

231 190 434 228 nichaeorum
446 189 720 224 sceleratasvoces
732 188 765 223 in
784 187 901 224 melius
913 186 1087 230 corruperit
1101 211 1111 226 ‚

230 245 286 277 seu
302 244 336 276 in
357 240 578 275 orthodoxam
600 239 763 284 ambiguae
776 238 1026 285 significationis
1049 238 1114 270 for-

231 302 318 328 mam
329 291 564 335 transfigurarit
576 303 587 323 .-
615 289 670 324 Ut
685 292 773 324 suam
787 299 865 324 verat
876 288 1005 333 pietatis
1026 286 1114 321 darn-

231 341 389 375 natricem
399 339 520 383 lepram
532 349 639 374 tenere
663 340 721 374 fibi
735 340 862 384 possent
883 340 916 374 δε
929 337 1114 372 occultare.

230 391 292 425 Ista
312 402 429 434 nempe
440 390 630 434 Caiphayca
652 388 805 433 synodus
818 400 873 433 per
893 389 1062 431 desumpta
1073 398 1115 421 ex

229 441 480 475 valentinianis
500 453 541 475 ac
561 440 753 475 Manichaeis
787 438 1116 484 argumenta-Nicae-

229 502 307 526 nam
333 502 445 529 vocem
460 516 470 532 ,
496 489 768 534 consubstantiale,
795 490 956 523 infamare
974 486 1116 526 studuit,

958 117 981 146 1·
1048 116 1063 146 1

229 554 268 576 ac
293 543 397 576 facere
418 539 633 576 Manichaeam
657 553 695 575 ac
710 537 1001 575 Valentinianam.
1030 539 1116 572 Ean·

229 593 306 626 dem
327 602 396 626 tem
417 601 575 626 memorat
599 593 685 626 idem
697 590 893 625 Hilariusin
906 589 993 624 libro
1006 588 1116 626 advete-

227 640 282 677 sus
297 642 532 686 Imperatorem
555 641 789 677 Constantium
814 666 820 672 .
849 640 1004 676 Affirmat
1027 637 1116 682 quod

228 693 291 727 ista
313 692 468 735 synodus
485 703 526 727 ex
554 690 743 727 Constantii
769 689 926 725 mandato
953 690 1117 724 laudaram

228 742 402 776 Nicaenam
423 754 539 777 vocem
562 742 804 786 proscripserit,
829 740 939 784 &ejus
953 741 1029 775 loco
1046 737 1104 773 sub

231 792 373 826 stituerit
395 803 490 827 voces
504 818 514 834 ,
542 796 627 826 Patri
641 792 749 833 fimilis
762 791 922 835 secundum
933 794 1118 832 Scripturas,

229 842 265 875 δε
277 841 449 888 adjungit:
480 845 578 876 Paleis
595 853 692 884 aquas
715 848 811 884 tegis,
831 841 947 883 foveas
960 838 1114 884 cespitibus

230 892 382 931 occultas,
407 892 524 934 &escis
545 893 665 933 laqueos
682 890 828 933 supponis
845 917 853 923 .
881 893 1002 924 Callida
1013 890 1051 931 cst
1064 893 1118 922 Re

228 942 353 984 ligionis·
373 950 427 983 rue
442 940 572 983 profeffio
592 966 599 973 .
631 939 742 974 Etiam
769 941 802 974 in
831 942 984 985 vigesima
1011 940 1114 985 prima

229 991 383 1025 oratione
407 993 541 1027 sanetus
567 991 750 1036 Gregorius
784 990 1019 1025 Nazianzenus
1044 1001 1120 1024 ean-

230 1041 307 1074 dem
330 1041 503 1084 Synodum
529 1042 637 1085 arguit
657 1066 668 1081 ,
696 1040 786 1084 quod
814 1042 928 1075 multis
954 1039 1119 1074 machinis

230 1090 371 1133 impuisa
390 1101 428 1123 ac
450 1090 639 1125 labefactata
667 1102 747 1126 voce
773 1089 1038 1134 consubstantialis
1058 1091 1125 1125 avi·

230 1149 300 1174 tam
326 1139 368 1175 de
393 1140 507 1175 Sansta
531 1140 703 1176 Trinitate
725 1141 1017 1176 fidem-sustulerit
1043 1165 1054 1181 ,
1085 1153 1123 1175 nc

230 1189 362 1225 Ariana
372 1194 526 1234 impietati
528 1191 694 1233 fenestram
699 1200 758 1235 per
766 1190 875 1235 scripti
887 1195 1044 1236 Dogmatis
1057 1203 1118 1223 am-

231 1239 408 1284 bigu‘itatem
443 1247 594 1284 aperuerit
617 1257 640 1274 .·
663 1243 707 1279 Et
732 1240 774 1276 de
794 1241 992 1286 capitalibus
1030 1240 1124 1275 istius

231 1291 414 1335 Dogmatis
433 1292 487 1326 seu
505 1292 657 1334 Symboii
682 1292 786 1327 verbis
798 1316 809 1332 ‚
839 1294 951 1326 Similis
976 1295 1067 1325 Patri
1077 1290 1124 1334 se·

230 1338 362 1374 cundum
370 1342 562 1382 Scripturas,
589 1341 759 1386 adjungit:
787 1341 1124 1382 Erantfimplictortbus

234 1389 403 1424 bominibus
432 1390 565 1423 illecebra
593 1394 759 1432 impietatis
795 1390 886 1424 hamo
916 1389 1101 1431 cacumjeaea
1114 1415 1125 1432 ,

228 1439 331 1480 statua
352 1440 397 1471 ad
416 1450 516 1472 omnes
534 1439 776 1481 pertranseuntes
793 1438 828 1481 se
842 1440 1004 1475 -ob’aerertens
1018 1464 1028 1479 ,
1053 1451 1126 1473 com-

233 1493 336 1522 munis
358 1493 477 1530 utrique
492 1489 570 1529 pedi
590 1488 766 1526 cothurnus,
788 1488 1000 1522 cribratio‘ad
1013 1499 1127 1522 mem

231 1546 363 1572 ventum
375 1562 387 1578 ,
411 1549 452 1571 ex
469 1548 569 1572 recens
585 1536 710 1581 sumpta
724 1538 869 1580 fraude,
889 1536 1056 1580 confilioque
1075 1540 1128 1571 ad-

233 1589 350 1622 ‘versus
361 1594 523 1623 veritatem
536 1594 696 1632 excogitato
715 1589 869 1622 licentiam
889 1598 982 1631 atque
1001 1587 1126 1624 authori-

237 1647 334 1673 tatem
342 1638 467 1681 affectata
480 1662 489 1671 .
513 1641 669 1680 Sapientes
679 1644 759 1672 enim
777 1647 865 1672 erant
887 1641 931 1672 ad
952 1640 1030 1672 mate
1039 1650 1127 1682 agen-

236 1689 330 1722 dum.
360 1686 417 1722 Ad
443 1686 607 1723 Arianum
629 1689 742 1733 lupum
765 1689 824 1723 sub
846 1686 906 1722 ista
928 1686 1127 1723 orthodoxa·

240 1747 316 1772 rum
342 1737 543 1781 syliabarum
581 1739 657 1773 lana
693 1738 928 1775 occultandum
960 1764 972 1781 ‚
1009 1744 1046 1773 ac'
1082 1739 1127 1773 ira

234 1787 361 1822 multos
397 1788 416 1821 ὲ
450 1788 574 1823 Christi
605 1788 698 1833 plebe
725 1790 938 1834 simpliciores
963 1789 1128 1833 decipien-

236 1838 302 1872 dos
328 1839 364 1873 ὃς
389 1839 584 1883 capiendos.
616 1840 662 1873 Er
685 1838 728 1874 de
753 1841 882 1876 Aoecio
901 1839 1032 1880 Lusco,
1053 1839 1128 1877 ‚Cae-

239 1889 382 1923 firaeenfi
398 1888 485 1932 apud
494 1887 682 1924 Paiaestinos
693 1889 954 1934 Archiepiscopo
966 1915 976 1931 ,
987 1902 1026 1924 ac
1037 1889 1128 1923 istius

236 1939 368 1982 synodi
397 1938 542 1973 Primate
563 1964 574 1979 ,
596 1940 706 1974 scribit
731 1942 866 1975 Sanctus
904 1940 1126 1984 Epiphanius:

240 1993 362 2023 Aeacius
384 1991 418 2024 Θ
426 1987 498 2032 fici,
522 2001 588 2023 cum
609 1991 746 2024 &sanilo
765 1990 874 2033 Bafilio
896 1993 1007 2031 &ejus
1017 1991 1128 2034 affaclis

237 2038 273 2083 se
289 2040 526 2083 disjtcnxiffmt,
553 2051 624 2081 vere
645 2041 820 2082 confeffionls
844 2042 995 2074 vinculum
1017 2052 1053 2074 ac
1074 2052 1128 2074 ne-

244 2100 319 2121 xum
328 2090 481 2132 diffolvere
491 2096 664 2132 cupientes,
690 2093 893 2125 adulterinam
915 2089 1128 2134 nescioquam,

237 2139 276 2172 δ’
289 2140 335 2172 ad
349 2139 545 2181 refellendum
555 2142 702 2184 facilem,
729 2143 764 2176 (5·
775 2148 807 2174 in
819 2154 919 2175 omnes
937 2149 1047 2183 partes
1059 2146 1128 2173 ver-

236 2188 358 2232 satilem
377 2190 452 2232 fidei
465 2190 664 2232 profeffionem
686 2193 867 2231 ediderant,
892 2199 924 2226 ut
945 2204 982 2224 ex
994 2199 1129 2230 concepta

239 2239 397 2273 verborum
401 2240 556 2281 formula,
575 2240 717 2282 fiquibus
747 2248 894 2281 imponere
917 2242 1029 2272 vellent
1045 2262 1056 2277 ,
1076 2241 1126 2279 ju-

237 2289 315 2329 stam
325 2300 358 2322 ac
367 2291 532 2332 legitimam
542 2289 801 2332 confeffionempre
818 2288 852 2332 se
855 2289 942 2331 ferre
954 2291 1054 2322 videri
1064 2287 1129 2330 pos:

228 2337 308 2380 'sent
327 2351 336 2380 ;
357 2338 404 2380 fin
422 2338 552 2380 perfidie
587 2337 642 2380 sue
662 2345 748 2372 virus
769 2339 942 2380 patefacere
963 2346 1102 2378 cuperent
1115 2361 1126 2376 ,

240 2386 384 2429 ejusmodi
404 2389 466 2419 illis
486 2388 533 2418 ad
548 2397 674 2423 manum
699 2388 763 2429 esset
781 2387 856 2429 fidet
879 2386 1009 2429 proseffo
1033 2410 1045 2426 ‚
1071 2398 1128 2429 que

238 2441 390 2479 utrimque
397 2434 538 2480 spadam
549 2437 593 2469 ad
603 2437 767 2479 quamlibet
787 2439 902 2471 illorum
910 2436 1127 2478 simulationem

240 2495 347 2528 aptum
359 2487 505 2529 quiddam
514 2492 713 2529 exprimeret.
742 2488 913 2522 Versatilis
934 2488 991 2522 iila
1012 2488 1128 2531 profes·

243 2538 288 2571 sio
301 2537 346 2572 est
358 2537 565 2573 Seleuciense
577 2538 772 2581 Symbolum
785 2564 796 2580 ,
810 2538 939 2582 utrique
951 2538 1026 2582 pedi
1038 2547 1130 2581 aptus

241 2586 445 2627 cothurnus,
469 2588 570 2622 ovina
589 2588 664 2623 lana
684 2600 786 2632 capax
813 2589 1020 2633 circumponi
1039 2588 1130 2623 &iu-

244 2647 294 2680 pis
307 2662 314 2669 .

292 2686 402 2730 Hujus
415 2687 497 2722 lanae
508 2687 565 2722 sibi
581 2689 866 2733 circumponendae
876 2699 978 2724 artem
1001 2688 1131 2733 insigni-

237 2745 294 2770 ter
317 2737 499 2773 calluerunt
521 2735 622 2773 etiarn
639 2739 839 2784 <Origenistae
859 2763 870 2780 ,
902 2740 986 2774 adeo
1017 2749 1054 2773 ut
1075 2750 1132 2773 eos

241 2786 489 2823 mendaciorum
502 2801 539 2823 ac
550 2790 762 2833 perjuriorum
774 2791 875 2835 orgiis
887 2791 979 2824 fuisse
1000 2789 1129 2833 colliga-

245 2845 297 2870 tos
308 2836 425 2872 scribat
434 2839 475 2872 ad
487 2838 737 2876 pammachium
759 2841 791 2874 &
803 2844 978 2877 Oceanum
999 2841 1133 2875 Sanstus

87 2884 226 2926 Epist-⁶5·
245 2886 494 2931 Hieronymus.
517 2891 560 2924 Et
582 2890 622 2924 de
645 2892 788 2934 ipsorum
801 2891 988 2934 Coryphaeo
1005 2890 1131 2933 Ioanne

120 2936 184 2965 (Ψ-
200 2938 224 2956 ¹·
244 2936 489 2981 Hierosolymae
501 2940 663 2983 Episcopo
676 2940 783 2976 scribit
795 2942 829 2975 in
842 2942 904 2975 aiia
916 2941 958 2975 ad
977 2939 1131 2975 Pamma-

86 3005 229 3046 Epist·6¹,
243 2987 358 3021 chium
378 2988 517 3032 epistola
539 3001 547 3021 :
569 2989 760 3033 obsecramus
784 3001 818 3024 ut
832 2995 978 3037 joannes
1001 3001 1055 3025 aut
1069 2992 1131 3031 fint-

125 3055 189 3085 cap,
202 3057 224 3076 1,
244 3038 359 3081 pliciter
372 3038 468 3079 nestra
471 3038 633 3080 fateatur,
656 3051 709 3074 aut
730 3043 833 3085 aperte*
843 3041 991 3083 defendat
1012 3042 1111 3075 altena
1124 3065 1131 3074 .

245 3089 326 3121 Nolo
347 3088 507 3122 verborum
533 3089 740 3133 ambiguitates
752 3118 759 3124 .
780 3094 860 3127 Nolo
878 3090 953 3125 mibi
973 3093 1033 3125 dici
1054 3093 1134 3135 quod

240 3140 280 3173 o·
293 3138 381 3172 aliter
387 3140 471 3181 pcffit
481 3141 605 3184 intelligi
618 3164 625 3172 .
650 3144 800 3175 Revelata
805 3143 888 3184 facie
893 3143 1023 3186 gloriam
1035 3145 1132 3176 Domi-

244 3195 277 3223 ni
291 3191 540 3231 contemplemur.
564 3190 641 3225 Istas
655 3191 873 3226 ambidextras
884 3192 1070 3227 locutiones
1090 3194 1134 3228 af·

235 3240 353 3273 «firmat
385 3251 462 3274 cum
494 3240 573 3275 Baal
606 3242 837 3276 Sacerdotibus
884 3242 1067 3277 claudicare
1098 3244 1132 3278 in

237 3299 417 3334 utrumque
428 3291 512 3326 latus
524 3315 536 3333 ,
557 3292 590 3326 ὅ(
602 3291 770 3338 adjungit:
791 3292 915 3334 Certefi
928 3291 1063 3336 baereseos
1072 3295 1135 3328 aal-

100 1943 158 1987 Lib.
170 1967 184 1991 7
190 1965 216 1993 3.

97 2006 160 2035 cap.
175 2007 218 2031 ²7-

1137 118 1160 145 T

1125 193 1140 884 i

1231 118 1248 146 1
1320 115 1341 147 s
1446 103 1467 146 I
1502 103 1558 147 V.
1935 113 1997 162 63

1171 188 1202 219 Ia
1206 184 1332 229 suspicio
1341 183 1381 224 est
1392 208 1402 224 ,
1422 188 1468 218 uti
1478 189 1561 226 cupio
1573 186 1608 218 ὁ·
1615 187 1701 218 credo
1713 210 1723 226 ,
1732 198 1854 221 cur-non
1867 186 2060 224 ver-hismen-

1173 247 1265 269 meum
1286 234 1402 278 sensum
1426 232 1554 277 quuitur·
1572 235 1586 267 ?
1601 235 1763 277 ,Quamille
1770 238 2063 278 fimplicitatem·-vo-

1171 294 1218 319 cat
1233 310 1244 326 ,
1263 297 1314 330 ego
1325 286 1476 319 malitiam
1487 291 1665 326 interpretor
1677 308 1685 316 .
1706 285 1885 326 Persuadere
1899 288 1971 322 mibi
1992 290 2061 325 vult

1172 337 1250 379 quod
1266 338 1342 378 pure
1365 337 1490 370 credat.-
1512 336 1592 369 Pure
1613 336 1883 379 ergnoloquatur.
1913 339 2066 381 Etfiquffq

1173 389 1241 420 dem
1259 397 1351 419 unum
1362 387 1487 420 verbum
1499 410 1510 426 ,
1531 385 1584 419 vel
1604 397 1682 419 unus
1690 383 1795 428 sensus
1808 386 1873 428 esset
1882 388 2034 429 ambiguus
2048 412 2060 428 ,

1171 435 1196 478 fi
1213 438 1271 470 duo
1288 436 1318 477 fi
1331 445 1391 469 tres
1414 441 1593 480 ignorantiae
1616 442 1739 469 veniam
1764 436 1943 474 tribuerem,
1967 449 2016 469 nec
2025 449 2065 472 aa

1175 497 1242 530 quae
1263 495 1318 519 aut
1340 485 1460 528 obscura
1471 487 1524 521 vel
1530 486 1624 520 dubia
1640 484 1738 529 sunt,
1761 487 1798 519 de
1808 491 1894 518 certis
1918 485 2069 528 &perspi-

1175 543 1237 571 cuis
1256 536 1444 577 aeflimarem.
1471 541 1564 570 Nunc
1579 539 1651 570 vero
1661 548 1728 579 quae
1750 535 1787 576 est
1799 535 1854 575 issa
1866 534 2042 577 simplicitas
2053 561 2066 576 ,

1176 585 1259 630 quast*
1271 585 1363 630 super
1385 598 1444 620 ova
1459 588 1493 621 i&
1503 586 1608 625 aristas
1620 592 1698 620 inter
1716 585 1884 620 theatrales
1895 585 2068 629 praestigias

1172 639 1319 680 pendenti
1334 638 1433 681 gradu
1459 639 1590 670 incedere
1613 661 1624 677 ,
1645 637 1752 679 ubique
1782 636 1906 671 dubium
1925 662 1936 677 ‚
1963 636 2071 678 ubique

1174 686 1360 732 suspeblum?
1385 687 1428 721 Et
1439 687 1509 729 post
1521 686 1667 731 quaedam
1682 687 1786 731 pergit
1800 687 1840 721 ad
1861 686 1963 729 ipsum
1977 686 2073 729 Joan-

1179 747 1254 772 nem
1277 751 1285 771 :
1314 741 1360 771 Do
1378 737 1520 779 confilium
1551 763 1561 777 ,
1587 746 1622 770 ut
1645 739 1746 779 aperte*
1764 747 1818 772 aut
1839 737 1930 778 fidem
1952 735 2073 778 Ecclefie

1175 790 1336 832 predic-es,
1363 798 1416 821 aut
1439 790 1570 830 loquaris
1594 797 1627 820 ut
1637 790 1754 821 credis.
1783 786 1972 831 Dispensatio
1992 793 2074 820 enim

1179 850 1214 872 ac
1225 838 1346 872 libratio
1371 838 1424 878 ista
1445 841 1580 880 prudens
1606 838 1764 871 verborum
1785 838 1916 871 indoc‘los
1941 839 2075 878 decipere

1177 888 1268 931 potest
1294 913 1305 929 ‚
1330 897 1436 922 cautus
1460 890 1581 921 auditor
1600 898 1654 922 aut
1674 889 1765 922 ‹leum-
1792 891 1848 922 cito
1873 886 2077 928 deprehendet

1181 937 1303 978 infidias
1315 963 1326 979 ,
1354 941 1388 973 Θ
1415 940 1558 973 cuniculos
1569 964 1579 980 ,
1599 939 1844 981 quibusveritas
1862 938 2075 982 subvertitur,

1182 991 1284 1032 aperte
1295 995 1328 1022 in
1341 990 1404 1023 luce
1414 988 1622 1028 demonstrabit
1635 1015 1643 1022 .
1670 989 1827 1034 Legenda
1849 989 1893 1022 est
1907 987 1974 1021 haec
1986 989 2078 1022 inte-

1182 1050 1240 1085 gra
1261 1037 1399 1083 epistola
1414 1063 1422 1071 .
1452 1040 1562 1087 Etiam
1591 1040 1727 1082 epistola
1750 1041 1887 1083 sequens
1907 1038 1948 1071 ad
1960 1038 2079 1072 Theo-

1185 1088 1313 1133 philum
1337 1088 1544 1123 Alexandriae
1566 1088 1787 1123 patriarcham
1812 1114 1819 1122 .
1870 1090 1914 1123 Et
1940 1087 2078 1131 epistola

1191 2145 1229 2176 do
1242 2167 1252 2182 ,
1279 2147 1370 2185 ‹oegit
1392 2143 1427 2175 (π
1447 2142 1565 2174 imeras
1587 2143 1675 2180 pacis
1699 2150 1838 2172 revocare
1860 2141 1929 2180 jam
1950 2140 2086 2183 emissas,

1191 2194 1225 2225 (vr
1249 2194 1270 2223 ἃ
1307 2189 1452 2231 Proposito
1487 2190 1723 2231 recipiendorum
1755 2188 1982 2232 charismatum
2022 2195 2089 2223 coit*-

1189 2241 1292 2283 ceffare
1329 2264 1335 2270 .
1373 2239 1526 2274 Sanstum
1572 2238 1755 2273 Anicetum
1793 2239 1991 2275 Pontificem
2028 2240 2088 2274 ista

1191 2290 1304 2323 dolosa
1332 2281 1439 2323 faotio'
1465 2300 1535 2322 non
1573 2287 1746 2323 dumtaxat
1779 2292 1918 2324 tentavit
1951 2291 2089 2326 circum-

1193 2338 1328 2373 scribere
1346 2361 1357 2377 ,
1384 2338 1437 2371 scd
1461 2339 1771 2381 &circumscripfir.
1799 2339 1913 2375 Etiam
1937 2339 2087 2376 Ariano-

1191 2399 1263 2423 rum
1293 2388 1407 2423 famosi
1432 2387 1604 2431 Principes
1627 2388 1788 2424 Ursacius
1812 2391 1847 2424 &
1872 2388 1997 2425 Valens
2019 2402 2093 2427 om·

1193 2451 1268 2474 nem
1289 2438 1356 2473 fere
1380 2437 1628 2473 Ariminensem
1658 2439 1832 2481 Synodum
1857 2440 1902 2475 ita
1925 2450 2090 2476 noverunt

1192 2488 1436 2525 circumducere
1458 2513 1469 2529 ,
1494 2499 1532 2523 ut
1557 2489 1778 2534 ingemiscens
1799 2492 1909 2534 postea
1929 2501 2088 2526 ternarum

1190 2540 1281 2575 orbis
1302 2540 1400 2573 fuerit
1419 2539 1553 2573 miratus
1573 2540 1604 2573 se
1630 2539 1794 2575 Arianum
1818 2566 1826 2574 .
1856 2540 1990 2585 Utique
2013 2552 2084 2576 non

1195 2592 1305 2631 sensu,
1331 2590 1384 2624 sed
1397 2600 1478 2623 voce
1493 2614 1500 2622 .
1529 2589 1573 2624 Et
1585 2590 1627 2624 de
1638 2589 1769 2631 Vitali,
1795 2602 1894 2634 quem
1913 2591 2085 2638 ‘suisapud

1195 2639 1414 2676 Antiochiam
1436 2640 1640 2675 consecrarat
1651 2641 1848 2684 Episcopum
1862 2641 2083 2677 Haerefiarcha

1193 2691 1444 2735 Apollinarius,
1471 2689 1580 2724 scribit
1602 2691 1636 2725 in
1657 2692 1800 2726 secunda
1823 2693 1864 2726 ad
1878 2691 2083 2726 Ciedonium

1186 1140 1226 1173 ad
1240 1138 1491 1173 pammachium
1514 1140 1548 1173 ἃ
1562 1139 1750 1172 Oceanum.
1776 1139 1838 1175 Hae
1858 1149 1891 1173 te
1911 1136 2080 1172 docebunt

1192 1340 1339 1375 Eandem
1350 1350 1450 1374 artem
1461 1339 1628 1374 caluerunt
1640 1350 1755 1374 omnes
1766 1338 1962 1384 Origenistae
1976 1363 1985 1371 .

1191 1538 1279 1582 quod
1304 1550 1373 1572 non
1406 1540 1498 1571 suum
1526 1538 1719 1571 sceleratum
1743 1537 1906 1582 Dogma,
1932 1537 1987 1573 sed
2011 1539 2083 1572 suas

1192 1639 1369 1679 tentarint,
1395 1638 1686 1682 &circumscriptae
1697 1637 1937 1682 propemodum
1961 1637 2087 1681 persua·

1193 1739 1358 1774 Poffidius
1381 1738 1567 1783 Episcopus
1586 1739 1789 1774 Calamenfis
1811 1764 1820 1772 .
1861 1739 1936 1776 Nec
1960 1738 2086 1773 mireris

1193 1890 1351 1925 tullianus
1365 1903 1383 1923 :-
1401 1893 1541 1924 Praxeas
1562 1889 1745 1933 Episcopum
1766 1893 1935 1927 Romanum
1959 1913 1972 1931 ,
1996 1900 2088 1934 agnos
2108 1900 2182 1940 Cap,
2202 1907 2230 1928 1,

1170 1961 1228 2277 {do
1253 2118 1265 2134 ‚
1303 2095 1338 2127 Θ
1376 2092 1578 2135 Praecefforum
1600 2092 1666 2130 ejus
1695 2088 1895 2125 authoritates
1923 2090 2088 2131 defenden-

1195 2742 1374 2777 Iconienfis
1398 2741 1436 2774 in
1464 2740 1635 2783 Lycaonia
1664 2742 1812 2775 Ecciefiae
1848 2740 2083 2783 Presbyterum

1194 2793 1325 2827 sanctus
1346 2791 1527 2836 Gregorius
1550 2791 1805 2824 Nazianzenus.-
1831 2794 1888 2823 Ne
1910 2802 1961 2823 nos
1971 2789 2024 2824 boc
2033 2802 2084 2825 tto-

1189 1189 1279 1224 hunc
1292 1190 1451 1233 Ioannem
1464 1189 1557 1223 fuifl‘e
1570 1188 1815 1223 versutissimam
1827 1189 1957 1233 vulpem
1972 1211 1983 1227 ,
2008 1198 2081 1230 quae

1190 1240 1417 1284 nequiffimum
1430 1239 1586 1284 Origenis
1608 1240 1723 1282 lupum
1744 1239 1871 1282 optime
1891 1236 2081 1273 calluit‘sub

1241 1391 1283 1425 Et
1293 1402 1336 1425 ex
1355 1389 1406 1424 his
1427 1391 1496 1424 nati
1522 1392 1594 1423 sunt
1615 1390 1812 1433 Pelagiani,
1839 1388 1902 1422 suis
1918 1386 2082 1432 magistris

1192 1442 1224 1474 in
1245 1441 1306 1474 hac
1319 1450 1387 1473 arte
1407 1439 1795 1476 nullatenusinferiores.
1825 1438 2031 1486 Qarumvis
2045 1438 2082 1471 in

1190 1588 1411 1623 ambidextras
1444 1598 1542 1622 voces
1563 1587 1767 1631 Apostolicae
1792 1587 1867 1622 Scdi
1893 1587 2084 1631 persuadere

1192 1789 1257 1825 hoc
1269 1814 1277 1821 .
1305 1789 1439 1825 Etenim
1452 1789 1494 1824 de
1508 1790 1660 1824 scelerata
1673 1789 1834 1823 Montani
1855 1789 2001 1824 factione
2014 1788 2086 1823 scri-

1188 1940 1318 1984 stentem
1333 1943 1405 1982 jam
1421 1941 1603 1983 prophetias
1613 1944 1753 1974 nontam
1765 1964 1778 1981 ‚
1800 1942 1839 1975 θ
1851 1952 1892 1975 ere
1915 1951 1952 1974 ea
1964 1945 2090 1984 agnitio-

1193 2001 1342 2034 nepotem
1353 1989 1485 2033 Ecclesiis
1498 1991 1567 2033 Afiae
1591 1993 1626 2026 ὁ·
1638 1990 1774 2036 Phrygia
1798 1990 1981 2032 inferentem
1995 2014 2006 2030 ,
2025 1988 2091 2030 fal-

1172 2278 1272 2890 ὶηιῡκ
1291 2840 1423 2884 accusent
1447 2865 1459 2882 ,
1495 2842 1577 2883 quod
1598 2841 1707 2873 Vitalis
1729 2846 1792 2873 virt
1817 2841 1901 2873 nobis
1923 2840 2082 2881 cbariffi'mi

1175 2894 1304 3446 lfidem,
1330 2903 1442 2935 quom,
1468 2896 1512 2924 ita
1530 2889 1694 2933 postulante
1715 2891 1812 2923 Beato
1832 2889 1964 2933 Damaso
1976 2894 2081 2926 Romae

1188 1291 1297 1325 ovinis
1327 1288 1591 1324 orthodoxarum
1630 1300 1751 1323 vocum
1777 1289 1862 1323 lanis
1890 1288 2082 1323 occultare.

1190 1499 1301 1524 mente
1316 1490 1560 1524 ,restrmionum
1582 1491 1714 1523 fuerunt
1749 1488 1930 1531 peritiffimi
1954 1512 1962 1520 .
1990 1488 2083 1522 Nam

1192 1690 1291 1723 serint
1303 1713 1313 1729 ‚
1339 1688 1475 1723 testatur
1504 1690 1538 1723 in
1552 1689 1660 1724 Sansti
1675 1687 1856 1733 Augustini
1870 1688 1938 1723 vita
1950 1687 2086 1722 Sanetus

1191 1839 1240 1874 b'tt
1265 1841 1299 1874 in
1322 1839 1410 1874 libro
1430 1839 1583 1874 adversus
1605 1840 1765 1875 praxeam
1776 1839 1990 1876 montanista
2005 1838 2088 1873 Ter-

1188 2041 1225 2084 sa
1250 2044 1288 2077 de
1306 2041 1374 2084 ipfis
1394 2041 1557 2084 Prophetis
1581 2043 1617 2076 ό·
1642 2039 1779 2080 Ecclefids
1798 2051 1898 2072 eorum
1923 2039 2091 2083 affeveran-

1196 2941 1338 2987 Episcopo
1358 2965 1369 2981 ,
1396 2943 1507 2974 litteris
1531 2939 1730 2984 confignataem
1756 2941 1876 2982 edidit,
1897 2941 1986 2982 prius
2007 2947 2080 2985 qui·-

1195 2997 1262 3028 dem
1269 2993 1501 3036 probaverimus
1513 3013 1525 3031 ‚
1550 3001 1629 3024 nunc
1651 2993 1723 3024 vero
1734 2992 1923 3032 repudiemus
1936 3016 1948 3032 ,
1974 2993 2012 3026 de
2023 2992 2079 3025 bac

1194 3057 1225 3079 re
1233 3052 1333 3086 pauca
1352 3042 1517 3086 differemus
1527 3065 1534 3072 .
1561 3039 1611 3081 Isti
1632 3046 1709 3074 enim
1723 3064 1733 3080 ‚
1749 3035 1918 3083 sumapud
1923 3041 2000 3083 fidos
2007 3039 2077 3085 suos

1195 3093 1402 3139 condiscipulos
1430 3094 1464 3126 Θ
1474 3101 1647 3125 arcanorum
1656 3089 1778 3133 tonsam
1791 3115 1803 3131 ,
1829 3093 2077 3134 quemadmodum

1197 3144 1356 3180 Manichaei
1366 3144 1451 3186 apud
1469 3153 1516 3176 eos
1526 3151 1596 3182 quos
1606 3141 1727 3175 Eledos
1750 3151 1860 3176 vocant
1870 3166 1882 3184 ‚
1907 3143 1945 3176 de
1956 3145 2079 3176 Divini-

1196 3206 1260 3231 tate
1269 3194 1443 3239 disputant,
1469 3201 1564 3225 totum
1574 3191 1707 3226 morbum
1718 3192 1786 3235 ipsis
1798 3193 1967 3237 detegentes
1980 3217 1990 3232 ,
2020 3197 2077 3226 vix

1197 3252 1288 3280 etiam
1297 3255 1415 3280 carnem
1423 3243 1571 3276 salvatori
1579 3242 1717 3276 tribuunt
1727 3267 1735 3275 .
1759 3249 1837 3277 cum
1846 3251 1948 3276 antem
1955 3252 2080 3276 commu-

1199 3298 1288 3333 nibus
1308 3298 1347 3331 de
1358 3296 1567 3329 Humanitam
1587 3293 1779 3338 affumptione
1795 3290 1954 3336 l‘eaetentiis
1967 3315 1978 3331 ,
2002 3303 2077 3335 quas

1946 3346 2028 3380 Scri-
