2346 3724
65 858 218 899 Epist-148.

750 120 791 165 C

227 214 268 247 In
293 203 354 248 isto
373 220 501 246 carcere
519 209 668 249 clausus,
693 206 739 241 est
759 204 866 242 adhue
890 202 1056 248 permissus
1068 200 1108 237 ad

228 264 348 298 horum
369 261 596 308 probationem
618 260 653 294 δε
673 257 903 312 purgationem
922 253 1081 289 insanire.

393 410 460 459 Ad
493 409 559 459 hoc
592 413 686 458 enim
710 405 831 477 fian,
867 411 959 454 &a

244 566 247 567 ’
281 564 365 598 Haec
385 560 585 597 Tertulliani
608 557 702 594 verba
724 555 859 592 edicunt
881 557 1029 596 causam,
1056 564 1112 588 cur

232 612 360 647 Divina
392 612 596 657 providentia
632 609 741 643 statim
778 608 814 642 in
849 607 899 641 sui
937 604 1111 650 Evangelii

232 663 372 697 exordio
393 663 524 697 haereses
547 659 723 706 permiserit
740 681 751 697 ‚
777 658 811 692 &
833 659 933 701 usque
954 657 995 691 ad
1020 658 1113 691 saecu·

232 714 258 746 li
282 714 382 747 finem
403 714 442 747 fit
466 736 478 752 ,
516 711 604 755 quod
628 710 668 744 ad
693 706 914 742 Timotheum
937 707 1047 742 scribit
1069 706 1113 739 A·

234 763 381 806 postolos
402 786 414 803 ,
440 762 539 807 longe
558 758 778 795 abundantius
798 758 983 802 permissura
1003 783 1011 790 .
1049 756 1113 789 Lo-

236 814 347 857 quitur
385 824 426 846 ex
453 812 587 847 laudato
607 810 773 854 Apostolo
795 821 807 841 :
844 813 967 849 Oportet
986 805 1113 848 baereses

235 865 307 907 effe,
333 873 366 896 ut
388 862 445 902 hi,
470 867 521 904 qu}
540 859 660 903 probati
677 857 748 901 sunt
766 882 778 898 ‚
803 857 952 898 manifesti
975 856 1056 898 fiant
1081 862 1114 889 in

236 913 320 947 vobis
343 937 351 944 .
390 911 539 955 Exponit
573 911 609 944 in
649 908 765 942 litteris
799 907 840 942 ad
865 907 930 941 Dei
956 906 1114 941 famulam

236 962 423 997 Maximam
450 962 582 994 Sanstus
604 958 837 1002 Augustinus:
864 959 898 990 51
923 958 1021 991 nullus
1047 962 1116 990 Hae·

237 1020 391 1046 retia-orum
425 1012 517 1044 bonus
539 1009 605 1053 ufics
627 1011 692 1052 effet
717 1012 779 1041 Deo
799 1008 846 1039 ad
868 1009 1031 1041 utilitatem
1058 1011 1116 1040 Ec-

236 1061 383 1103 clefiarum
401 1060 522 1105 suarum
545 1084 557 1100 ,
589 1066 708 1102 poterat
728 1056 777 1092 eoi
796 1064 848 1090 aut
870 1055 950 1100 nasci
972 1069 1030 1090 non
1046 1065 1115 1099 per·

237 1119 376 1152 mitten,
402 1120 458 1144 aut
478 1117 511 1144 in
535 1108 596 1152 ipso
616 1111 816 1153 malignitatis
838 1118 938 1141 eorum
958 1113 1044 1141 initio
1066 1118 1117 1141 ex-

238 1164 370 1206 tinguere
382 1187 389 1194 .
417 1163 476 1195 Sed
495 1162 529 1194 (a
549 1168 669 1193 tantum
688 1171 736 1193 eos
751 1162 904 1201 permittit
923 1158 997 1201 esse,
1022 1169 1118 1201 quan-

236 1223 301 1247 tum
323 1216 406 1245 novit
428 1212 566 1252 expedire
584 1218 674 1252 atque
704 1207 830 1252 fitfficere
852 1209 1050 1242 admonenda·
1071 1217 1117 1241 at-

864 115 1346 163 AP'trts

1411 108 1544 169 ,1'1.
1933 133 1986 175 13

1175 203 1323 247 gentiam
1347 201 1503 245 pro‘ficere
1520 223 1531 240 ‚
1569 202 1750 242 frequenter
1784 204 1921 238 affirmat
1942 228 1952 243 ‚
1989 213 2058 236 mo-

1175 253 1333 301 dumque:
1341 252 1480 294 exponit
1500 251 1535 296 ijn
1556 249 1687 285 decimo
1711 252 1800 286 sexto
1823 254 1906 288 llbro
1928 253 1968 287 de
1989 252 2059 286 Dei

1176 302 1322 336 Civitate
1345 314 1353 334 :
1383 303 1480 334 Multa
1501 303 1547 334 ad
1566 303 1675 333 Fidem
1701 301 1884 335 catholicam
1895 309 2057 345 pertinen-

1176 357 1222 384 tia
1233 376 1244 392 ,
1271 354 1343 384 dum
1366 351 1568 385 baereticorum
1587 352 1696 384 callida
1718 354 1922 394 inquietudine
1942 359 2060 396 agitan-

1175 410 1245 441 tur,
1270 411 1303 435 ut
1323 403 1486 435 adversam
1506 412 1552 434 eos
1574 401 1695 443 defendi
1719 403 1820 442 possint
1844 427 1854 442 ,
1881 404 1914 434 (ν
1938 402 2060 443 confide-

1177 460 1284 485 rantur
1305 453 1479 496 diligenttics
1507 476 1518 492 ,
1554 452 1814 494 &intelliguntur
1843 453 1954 484 claritas
1978 475 1989 490 ‚
2025 454 2059 485 (9⁴

1177 501 1334 540 instantias
1348 503 1554 543 praedz‘camur
1566 527 1574 534 .
1606 501 1650 534 Ab
1678 500 1857 544 adversario
1877 511 1957 535 mota
1978 512 2060 542 quae-

1171 551 1225 590 stio
1245 550 1375 594 discendi
1397 552 1494 592 existit
1514 551 1628 593 occafio.
1660 551 1833 586 Consonat
1855 552 1891 586 in
1916 550 2062 595 Aposto-

1178 601 1246 635 licae
1265 600 1306 635 ad
1327 600 1523 639 Corinthios
1545 601 1700 645 Epistolae
1719 602 1966 644 commentariis
1991 600 2060 642 ejus

1177 651 1352 696 discipulus
1372 652 1547 686 Primafius
1576 652 1756 695 Episcopus
1778 651 1947 687 Uticenfis
1969 663 1976 683 :
2004 654 2061 682 Fi-

1179 703 1258 735 deles
1274 711 1332 745 per
1354 701 1477 745 haerefirs
1499 707 1655 736 exercitati
1675 727 1686 742 ,
1705 701 1780 743 ficut
1807 705 1864 736 Deo
1884 709 1947 735 noti
1965 698 2058 742 sunt,

1179 758 1225 784 ita
1247 758 1339 786 etiam
1360 752 1590 794 manifhstantur
1606 752 1773 785 homimbus
1786 776 1796 792 ,
1823 754 1858 786 (5
1884 754 1993 786 clarius
2017 756 2064 783 in-

1178 800 1343 845 notescunt.
1369 806 1457 835 Nam
1478 805 1559 837 unde
1582 805 1727 836 Advocati
1742 802 1855 844 'per-ma
1876 800 2061 845 apparebit,

1172 850 1202 893 fi
1213 851 1335 896 causam
1357 854 1470 886 nullam
1489 854 1571 887 dicat
1584 877 1595 894 ‚
1619 857 1652 885 ut
1669 853 1809 895 probetur
1823 853 1839 883 ἕ
1866 854 1951 886 Unde*
1973 855 2064 884 Nau-

1178 904 1272 937 clerus
1293 903 1346 937 vel
1364 904 1550 937 Gubernator
1568 903 1742 937 laudabitur
1761 928 1772 943 ‚
1790 902 1821 943 si
1836 902 1927 937 n'avis
1942 901 2062 947 semper

1179 958 1211 985 in
1230 962 1322 996 portu
1341 954 1395 987 vel
1411 959 1444 987 in
1467 954 1688 996 tranquillitate
1710 953 1836 995 confistat
1850 953 1866 984 ἓ
1904 954 1967 987 Hae
1988 952 2064 984 sunt

1181 1003 1233 1048 pie
1252 1005 1357 1038 vivere
1382 1004 1568 1038 volentibus
1606 1003 1789 1048 nu‘mquam
1821 1003 1976 1037 defutura:
1998 1012 2067 1045 per-

1181 1054 1366 1088 secutiones
1386 1079 1397 1095 ‚
1433 1055 1518 1088 inter
1545 1065 1623 1097 quas
1645 1065 1776 1097 oportet
1801 1052 1956 1095 justitiam
1980 1076 1991 1092 ‚
2029 1050 2066 1083 in

1181 1103 1321 1138 Paradifi
1357 1102 1484 1143 deliciis
1511 1115 1579 1138 non
1606 1104 1805 1139 custoditam
1829 1127 1839 1143 ,
1876 1103 2068 1137 constanter

1182 1153 1364 1195 custodire,
1390 1154 1423 1188 δε
1460 1154 1574 1189 futurae
1596 1153 1710 1188 Patria:
1732 1156 1877 1198 quietem
1900 1150 2068 1187 ardentius

1182 1204 1357 1240 defiderare
1371 1229 1378 1236 .
1406 1205 1501 1239 Hinc
1520 1217 1561 1240 ex
1584 1203 1755 1238 haerefibus
1771 1229 1781 1244 ‚
1808 1204 1870 1237 ssve
1882 1202 1972 1246 quod
1984 1203 2043 1235 fint
2056 1224 2068 1240 ,

238 1274 294 1305 que
314 1263 486 1296 exercenda·
501 1259 617 1304 sanc‘lae
636 1263 742 1292 Domui
758 1257 821 1301 suae
842 1284 850 1291 .
877 1257 934 1292 Ab
955 1259 1030 1302 ipsis
1051 1270 1118 1292 no-

240 1313 337 1346 stram
372 1312 506 1347 excitari
545 1311 700 1344 desidiam
720 1335 731 1350 ,
766 1307 864 1343 fidem
885 1309 1083 1344 manifestari
1106 1334 1117 1350 ‚

241 1362 433 1407 patientiam
452 1362 484 1396 δε
507 1360 768 1396 benevolentiam
789 1359 931 1395 exerceri
950 1383 963 1404 ‚
988 1371 1026 1396 ae
1045 1358 1118 1395 dili-

1182 1256 1245 1290 five
1266 1254 1356 1297 quod
1376 1253 1502 1296 aliquid
1523 1255 1559 1289 in
1570 1254 1695 1290 malum
1716 1253 1846 1291 valeant
1859 1277 1872 1294 ,
1898 1252 2065 1302 nerninem

1183 1304 1314 1352 oportet
1330 1302 1538 1341 scandalizari
1551 1330 1558 1338 .
1716 1328 1718 1330 -
1735 1329 1737 1333 .
1772 1314 1786 1321 ¹*
1812 1314 1813 1317 ¹

359 1558 593 1664 CA
636 1575 954 1661 PuT
1068 1568 2001 1670 SECUNDUMrss

298 1743 605 1850 Haerests
663 1747 754 1824 ad
807 1739 1010 1844 instar
1067 1743 1310 1825 Febris
1360 1708 1827 1844 abominanda(
1861 1743 2017 1837 essi,

895 1887 1020 1942 non
1076 1859 1423 1961 miranda.
1464 1858 1466 1860 ’
1671 1893 1676 1897 ·
1931 1892 1938 1917 ³

433 2050 589 2102 Ebrem
637 2049 831 2119 denique
878 2052 990 2102 inter
1038 2068 1216 2103 caeteros
1266 2052 1515 2105 mortiferos
1562 2059 1606 2104 δε
1655 2051 1887 2112 crucIarios
1933 2052 2076 2101 exitus

466 2120 683 2184 erogando
732 2123 899 2171 homini
936 2122 1191 2191 deputatam
1229 2161 1242 2184 ‚
1293 2144 1434 2191 neque
1482 2128 1587 2189 quia
1634 2123 1696 2172 est
1732 2126 1936 2171 miramur
1966 2160 1979 2184 ‚
2015 2117 2078 2172 est

247 2192 249 2197 ‘
465 2197 581 2244 enim
610 2214 622 2251 3
661 2210 800 2257 neque
836 2196 940 2258 quia
977 2210 1126 2254 erogat
1162 2195 1423 2252 hominem3
1458 2192 1515 2241 ad
1551 2194 1634 2246 hoc
1670 2195 1788 2242 enim
1823 2193 1883 2242 est
1908 2231 1920 2241 .
1972 2198 2078 2253 Pro-

466 2262 567 2311 inde
616 2261 787 2308 haereses
834 2261 889 2309 ad
926 2263 1177 2319 languorem
1223 2266 1268 2307 ὅτ,
1313 2262 1549 2311 interitum
1589 2262 1690 2310 fidei
1740 2262 1969 2329 produ&as
1997 2301 2009 2325 ,
2045 2265 2078 2315 fi

241 2330 566 2399 expavescimus
602 2330 687 2374 hoc
723 2338 794 2374 eas
833 2323 947 2392 poffe
970 2362 983 2385 ‚
1031 2329 1149 2392 prius
1184 2327 1245 2376 est
1268 2364 1285 2387 ,
1329 2344 1379 2377 ut
1413 2329 1750 2397 expavescamus
1788 2333 1871 2382 hoc
1906 2353 1981 2384 eas
2016 2332 2077 2383 es-

239 2402 324 2460 se3
360 2416 456 2467 quae
491 2396 594 2446 dum
633 2393 727 2443 sunt
754 2433 768 2456 ‚
818 2395 981 2444 habent
1016 2395 1131 2463 poffe
1165 2433 1178 2458 ,
1231 2403 1274 2446 δε
1310 2397 1414 2446 dum
1451 2397 1620 2467 poffunt
1652 2438 1666 2461 ‚
1721 2402 1884 2452 habent
1919 2403 2034 2458 effess,
2059 2405 2077 2452 .’

239 2470 329 2522 Sed
376 2471 495 2521 enim
532 2464 695 2516 febrem
742 2482 792 2516 ut
828 2467 987 2515 malum
1006 2502 1020 2526 ,
1073 2471 1116 2515 &
1161 2466 1216 2516 de
1251 2467 1376 2517 causa
1414 2505 1428 2529 ,
1476 2475 1519 2519 &
1554 2470 1608 2520 de
1643 2475 1842 2540 potentia
1879 2473 1950 2521 sua
1977 2510 1990 2534 ‚
2026 2490 2078 2523 ut

243 2558 399 2591 notum
434 2539 496 2588 est
524 2571 537 2595 ‚
588 2535 889 2586 abominamur
923 2537 1071 2603 potius
1098 2574 1111 2597 ‚
1148 2537 1282 2604 quam
1318 2541 1562 2600 miramur3
1597 2546 1640 2590 &
1677 2550 1891 2610 quantum
1928 2541 2078 2594 inno-

245 2615 316 2663 bis
350 2611 411 2661 est
437 2646 450 2670 ,
487 2623 778 2676 praecavemus
806 2645 820 2669 ‚
869 2624 959 2656 non
995 2607 1206 2656 habentes
1242 2609 1531 2659 abolitionem
1567 2615 1660 2677 ejus
1695 2615 1741 2662 in
1777 2611 1917 2663 nostra
1951 2611 2079 2683 potess

245 2685 356 2734 state
384 2702 397 2731 ε
445 2676 635 2729 Haereses
672 2677 782 2728 vero
815 2694 1002 2727 mortem
1038 2694 1242 2727 aeternam
1277 2717 1289 2740 ‚
1338 2684 1381 2729 &
1416 2684 1592 2745 majoris
1629 2684 1741 2745 ignis
1777 2683 1974 2733 ardorem
2011 2688 2082 2734 in-1

246 2755 436 2803 ferentes
464 2785 478 2810 ,
522 2749 689 2798 malunt
735 2747 916 2814 quidam
952 2750 1100 2796 mirari
1135 2749 1257 2816 quod
1294 2749 1377 2798 hoc
1413 2751 1572 2819 possint
1610 2789 1626 2812 ,
1660 2755 1809 2820 >quam
1844 2748 2077 2809 devitare„

248 2842 305 2872 ne
341 2821 499 2889 possint
523 2856 537 2880 ‚
571 2818 673 2867 cum
710 2818 902 2868 habeant
928 2814 1155 2868 devitandi
1179 2819 1438 2887 potestatem
1473 2859 1486 2870 .
1558 2823 1776 2872 Caeterum
1801 2860 1814 2883 ‚
1850 2823 1961 2872 nihil
1997 2816 2079 2875 va-

247 2894 402 2943 lebunt
427 2926 440 2949 ,
487 2889 519 2938 fi
555 2891 651 2938 illas
688 2891 861 2938 tantum
898 2890 1044 2939 valere
1080 2907 1166 2938 non
1202 2892 1414 2939 mirentur
1446 2927 1459 2939 .
1531 2899 1627 2941 Aut
1676 2896 1792 2941 enim
1841 2891 1945 2942 dum
1984 2898 2076 2944 'mi-

249 2977 398 3012 rantur
424 2996 437 3020 ,
474 2960 521 3007 in
554 2958 804 3008 scandalum
840 2958 1249 3018 subministrantur3
1302 2976 1378 3009 aut
1413 2963 1519 3027 quia
1554 2961 1928 3024 scandalizantur,
1972 2963 2076 3017 ideo

251 3036 463 3082 mirantur
490 3064 504 3088 ,
554 3029 673 3094 quast
721 3028 844 3096 quod
892 3029 1066 3078 tantum
1115 3031 1288 3079 valeant
1313 3068 1327 3091 ,
1364 3049 1416 3079 ex
1451 3033 1597 3098 aliqua
1632 3035 1778 3081 veniat
1814 3027 2036 3088 {feritaten
2058 3073 2073 3084 .

254 3101 420 3168 Mirum
474 3097 634 3147 scilicet
667 3134 682 3157 ‚
736 3116 786 3148 ut
832 3102 993 3148 malum
1041 3102 1155 3149 vires
1201 3099 1295 3149 suas
1347 3101 1504 3150 habeat
1543 3121 1555 3149 τ
1604 3102 1704 3150 Nisi
1739 3103 1862 3170 quod
1898 3104 2072 3155 haereses

247 3171 367 3241 apud
401 3186 476 3220 eos
512 3168 697 3217 multum
733 3171 906 3219 valeant
931 3207 944 3230 ‚
979 3173 1058 3235 qui
1094 3172 1140 3218 in
1178 3169 1262 3219 fide
1299 3188 1389 3220 non
1425 3174 1571 3221 valent
1605 3208 1619 3219 .
1691 3177 1742 3221 ln
1776 3192 1922 3241 pugna
1946 3177 2073 3243 pugi-

246 3246 339 3293 lum
388 3246 432 3290 &
481 3237 772 3302 gladiatorum
817 3274 830 3298 ‚
879 3241 1133 3306 plerumque
1178 3259 1268 3289 non
1316 3244 1420 3308 quia
1458 3242 1579 3291 fortis
1614 3242 1676 3291 est
1698 3280 1711 3303 ‚
1758 3247 1899 3293 vincit
1933 3249 2033 3312 quis
2055 3283 2070 3307 ,

247 3330 325 3364 aut
359 3313 466 3379 quia
518 3327 606 3358 non
640 3308 783 3377 potest
818 3310 936 3358 vinci
966 3330 979 3367 3
1028 3308 1097 3359 sed
1133 3313 1340 3376 quoniam
1392 3313 1466 3360 ille
1499 3315 1578 3379 qui
1613 3315 1750 3362 vietus
1797 3315 1857 3363 est
1885 3352 1898 3375 2
1940 3303 2072 3365 nullis¹

249 3382 413 3435 viribus
451 3379 532 3428 fuit
560 3399 572 3426 ι
621 3378 751 3427 Adeo
797 3376 910 3428 idern
947 3379 1023 3429 ille
1057 3383 1196 3434 vietor
1231 3381 1342 3431 bene
1386 3384 1549 3433 valenti
1584 3383 1732 3452 postea
1767 3401 2067 3454 comparatus,

349 3450 455 3490 christ.
468 3454 545 3492 Lupi
557 3453 655 3491 Opera
666 3453 700 3483 T.
716 3452 774 3481 JX.
1619 3453 1648 3486 B
1702 3464 1721 3500 3
1921 3457 2021 3491 etiam

2076 279 2119 309 Ca

2122 287 2148 317 p.
2167 282 2195 308 3.
