2346 3724
198 1657 319 1692 'forsan
337 1657 387 1690 via
398 1657 536 1690 tentavit
560 1655 776 1691 obnubilare.
803 1654 857 1688 Ad
881 1656 993 1690 similia
1006 1657 1107 1700 Impe-

54 1784 129 1821 (Ἀρ
143 1790 195 1818 25.

80 1860 141 1891 tib.
164 1862 200 1891 1·‘

54 1903 194 1940 3939&

152 2168 155 2170 ·
205 2159 355 2204 sermones
364 2157 475 2190 litteris
486 2154 673 2188 mandarunt
687 2177 698 2193 ,
724 2157 880 2195 totamque
904 2151 992 2195 ipsius
1005 2158 1104 2187 vitam

777 115 1007 163 Seu

221 204 409 245 operiebatur
421 224 432 241 ‚
456 203 551 243 multa
562 194 685 236 eisenere
705 202 851 235 miracula
862 226 873 243 ,
901 207 984 242 queit
995 200 1114 238 celestis

212 253 331 300 favor,
361 255 394 288 (5
407 253 548 295 quaeda‘m
571 259 604 286 in
616 250 825 295 Vespasianum
845 251 997 284 inclinatio
1006 255 1116 285 Numi-

222 316 294 339 num
319 302 516 342 ostenderetur
531 328 541 337 .
576 305 630 338 Ex
641 336 645 343 ,
650 302 735 345 plebe
748 301 954 350 Alexandrina
972 302 1114 344 quidam,

221 355 370 392 oculorum
393 353 464 389 tabe
487 359 594 391 notus,
614 353 789 396 genuaejur
802 351 1001 392 advolvitur,
1027 362 1114 385 reme-

223 407 306 440 dium
328 403 473 441 caecitatis
493 401 651 445 exposcent
671 407 807 444 gemitu,
836 407 950 434 monitu
962 403 1115 443 serapidis

224 459 299 495 Dei,
325 466 412 499 quem
424 452 527 491 dedita
543 448 877 495 superstitionibusgenr
897 459 969 484 ante
985 453 1058 484 alios
1068 463 1116 484 co·

221 505 277 541 lit.
307 505 547 544 Precabat'urque
567 498 734 543 Principem
756 510 790 533 ut
797 512 894 544 genas
919 503 951 536 x&
968 503 1111 535 oculorum

222 556 306 591 orbes
326 558 501 602 dignaretur
520 549 687 596 respergere
708 557 769 583 oris
789 557 972 588 eti-tremente
996 577 1003 584 .
1031 552 1114 585 Altus

223 617 315 640 manu
327 616 401 650 aeger
415 627 426 644 ,
450 603 550 639 eodem
560 605 621 634 Deo
633 600 754 635 authore
766 625 776 640 ,
802 610 836 634 ut
855 603 934 643 pede
944 613 979 635 ac
999 602 1117 645 vestigio

222 655 354 699 Caesaris
369 654 531 687 calcaretur
543 675 553 692 ,
580 651 704 686 orabat.
731 649 922 694 Vespasianus
938 655 1038 694 primo
1049 657 1116 685 irri-

222 708 290 743 dere
310 731 320 748 ,
359 703 537 747 adspernari
556 724 566 742 ‚
602 710 690 744 atque
712 703 773 735 illis
794 701 972 742 instantibus
996 726 1007 743 ,
1033 703 1117 735 modi>

214 757 341 802 famam
354 759 504 792 vanitatis
517 762 644 788 metuere
655 775 665 791 ‚
691 752 774 786 modo
786 749 978 795 obsecratione
986 751 1116 796 ipsorum

213 804 258 844 ‘ca’
272 806 390 840 zvoclbus
402 804 594 836 adulantium
605 807 637 836 in
645 800 729 844 spem
740 803 841 835 induci
850 826 857 834 .
887 802 1031 843 Postremo
1044 800 1116 843 aefti-

218 865 299 893 mari
323 854 478 890 amedicis
493 853 579 895 jubet
592 877 602 892 ,
628 864 670 885 an
694 854 765 886 talis
785 859 906 888 caecitas
930 853 1115 888 eat-debilitas

1082 129 1113 156 O

282 122 379 177 3233

218 915 273 948 ope
282 906 417 940 humana
431 901 614 946 superabiles
629 902 734 944 forent
746 928 754 937 .
781 904 890 937 Medici
905 905 993 937 varie
1004 904 1116 948 differe-

218 969 270 992 νε.
300 960 343 991 Hi
355 966 413 989 non
426 952 543 997 exesam
556 959 621 987 vim
629 954 756 987 luminis
767 977 778 993 ‚
802 955 837 987 ὃ·
847 954 1013 987 redituram
1016 953 1048 995 fi
1048 955 1102 996 pel
1106 973 1122 989 -,

217 1009 351 1041 Ierentur
375 1003 538 1047 obstantia3
561 1004 606 1038 illi
626 1003 741 1047 elapsos
761 1008 794 1036 in
804 1011 941 1045 pravum
964 1003 1070 1045 allus,
1089 1003 1121 1045 fi

213 1053 346 1105 salubris
373 1053 424 1091 vi's
439 1054 639 1095 adhibeatur,
662 1054 739 1098 poffe
758 1059 919 1098 integrari.
950 1053 1114 1098 ldfhrtaffe

215 1108 296 1144 cordi
310 1110 384 1140 Deis
403 1129 414 1146 ,
439 1107 474 1140 (3
486 1107 600 1138 Divino
621 1104 778 1145 ministerio
796 1105 1111 1148 Principemelet‘ium.

215 1158 355 1200 Denique
362 1160 484 1200 patrati
500 1156 625 1191 'remedii
631 1154 761 1199 glottam
767 1163 861 1198 penes
871 1153 1023 1198 Caesarem
1034 1178 1046 1197 5
1072 1162 1112 1190 ir·

216 1214 272 1242 riti
284 1206 447 1240 ludibrium
454 1214 546 1248 penes
557 1203 675 1247 miseros
681 1204 753 1247 fore
763 1230 770 1236 .
785 1209 881 1249 Igitur
891 1204 1086 1248 Vespafianus
1100 1229 1111 1245 ,

216 1256 466 1298 tunc‘lafortunae
483 1254 550 1298 suae
558 1264 663 1297 patere
683 1262 790 1294 ratus,
817 1266 868 1288 nec
888 1256 1052 1299 quidquam
1070 1257 1109 1290 ul·

214 1315 267 1341 tra
278 1307 447 1340 incredibile
459 1331 470 1346 ‚
495 1305 566 1338 laeto
578 1302 640 1346 ipse
652 1306 741 1338 vultu
754 1329 764 1345 ,
790 1305 886 1338 erez‘i'a
897 1317 963 1348 quae
973 1307 1109 1346 adstabat

211 1358 405 1393 multitudine
431 1379 442 1395 ‚
462 1354 543 1395 jaff-i
564 1360 741 1393 conficitur.
772 1357 882 1387 Statim
905 1355 1046 1398 conversa
1068 1358 1112 1388 ad

210 1407 298 1450 usum
323 1416 429 1438 manus
444 1428 454 1444 ,
481 1411 514 1436 (5
526 1414 597 1441 caecc-
609 1409 724 1437 reluxit
735 1405 821 1436 dies.
849 1409 1011 1447 Utrumque
1023 1431 1033 1447 ‚
1059 1412 1109 1448 qui

210 1456 395 1499 interfuere,
424 1466 500 1487 nunc
522 1455 632 1496 qnoque
655 1461 817 1487 memorant
839 1479 849 1494 ,
873 1454 1023 1497 postquam
1045 1458 1108 1489 nul-

210 1508 275 1542 lum
296 1507 451 1541 mendacio
462 1512 608 1547 precium.
641 1504 754 1539 Palam
774 1503 862 1539 vides
883 1505 976 1540 hasce
988 1507 1108 1540 sanita-

208 1564 259 1595 tes
271 1557 435 1604 Angelica
459 1550 528 1589 arte
542 1566 611 1589 non
635 1555 730 1588 fuisse
745 1555 942 1598 superiores.
975 1556 1105 1591 Floren-

206 1607 258 1642 tia
278 1618 359 1642 tunc
382 1600 646 1642 Christianorum
681 1606 835 1639 miracula
860 1605 1025 1640 Diabolus
1048 1606 1106 1640 ista

206 1709 324 1742 tatoris
336 1707 477 1742 Adriani
492 1706 645 1740 miracula
657 1705 747 1741 addit
762 1702 876 1739 AElius
896 1707 1084 1750 Spartianus
1096 1721 1107 1741 .·

209 1760 365 1801 ,Quamvis
385 1760 503 1791 Marius
515 1761 669 1790 Maximus
691 1755 755 1789 haec
761 1765 817 1797 per
832 1755 1049 1798 simulationem
1051 1757 1105 1800 fa·

208 1809 258 1840 c¹7a
289 1815 489 1840 commemoret
512 1829 519 1836 .
549 1806 592 1836 Et
619 1804 660 1836 ad
687 1805 862 1846 Apollonii
893 1806 1105 1849 Thyanenfis

207 1856 370 1891 miracula
379 1854 488 1890 scribit
500 1854 633 1889 Sanetus
649 1852 788 1888 Isidorus
799 1852 1000 1889 Pelufiotes:
1026 1859 1104 1899 ‚Qui-

206 1910 281 1943 dam
302 1910 388 1941 novit
410 1902 593 1951 sermonibus
621 1901 754 1934 homines
779 1903 951 1943 dee-eperum
974 1928 987 1943 ,
1013 1904 1106 1945 Thu.

207 1969 308 1994 naeum
332 1954 519 1999 Apollonium
541 1950 713 1985 inducentes
726 1975 735 1991 ,
763 1957 814 1993 qui
841 1951 937 1984 multa
952 1951 1105 1994 plerisque

207 2014 242 2044 in
255 2010 322 2043 Iocis
334 2031 346 2048 ‚
372 2014 446 2040 tutae
471 2001 667 2036 habitationis
688 1998 799 2044 causa,
824 2009 859 2034 ut
871 2003 982 2042 ajunt,
1008 2001 1104 2043 effece-

207 2065 269 2093 rit.
298 2063 337 2090 At
359 2055 437 2090 nihil
457 2078 468 2095 ‚
494 2047 576 2097 quod
598 2049 637 2085 ab
660 2050 723 2095 ipso
736 2050 859 2093 fadum
876 2050 935 2093 fit,
962 2050 1105 2092 ostendere

204 2109 322 2153 poffunt
337 2133 344 2140 .
374 2110 460 2140 Nam
483 2105 614 2146 alioquin
633 2101 699 2143 illi,
724 2107 776 2144 qui
801 2102 896 2136 nudos
917 2108 1009 2136 etiam
1019 2100 1104 2145 ipfius

210 2210 348 2244 accurate
371 2202 601 2249 conscripserunt
623 2228 634 2244 ,
659 2201 788 2237 at‘lioner
817 2215 870 2237 eas
893 2226 905 2243 ,
931 2213 999 2246 quae
1020 2205 1105 2247 vulgi

208 2259 391 2306 sermonibus
413 2256 598 2291 celebrantur
615 2278 626 2295 ,
651 2265 710 2287 non
735 2251 903 2297 omififfent.
932 2253 1032 2287 Habes
1054 2266 1104 2287 au-

209 2320 272 2345 tem
296 2306 529 2348 philostratum,
556 2311 608 2349 qui
628 2303 716 2348 ipsius
738 2309 838 2337 vitam
848 2315 958 2348 magna
977 2315 1049 2337 cura
1071 2306 1107 2338 ό*

212 2352 371 2404 diligentia
394 2362 427 2391 ln
438 2355 530 2391 lucem
550 2356 664 2389 edidit.
693 2358 723 2387 E
727 2367 748 2387 x
758 2365 814 2396 quo
832 2354 987 2398 intellige,
1013 2356 1105 2397 qucim

210 2409 399 2454 perspicuam
419 2406 588 2451 hujusmodi
604 2404 825 2448 praestigiarum
846 2404 1030 2437 calumniam
1042 2409 1107 2438 viri

215 2462 296 2495 illius
307 2459 398 2500 hostes
410 2483 421 2499 ‚
447 2467 481 2491 ut
501 2468 571 2490 vero
593 2454 817 2499 consentaneum
827 2453 867 2494 est
880 2479 889 2494 ,
915 2458 1105 2488 concinnave-

212 2517 277 2543 rint
288 2536 294 2541 .
307 2509 454 2543 Similem
466 2507 533 2551 ejus
545 2506 733 2550 apologiam
750 2503 846 2538 habet
858 2503 971 2538 Svidas
983 2529 990 2536 .
1002 2503 1106 2551 Qod

211 2561 307 2603 ejus,
333 2558 383 2592 uti
407 2559 468 2591 viri
491 2558 613 2591 eximie
632 2555 725 2599 probi
746 2580 756 2596 ,
783 2554 962 2600 imaginem
987 2555 1022 2590 in
1047 2555 1106 2588 suo

212 2608 352 2644 Larario
374 2603 525 2641 habuerit
544 2604 728 2640 &coluerit
754 2605 942 2639 Alexander
952 2605 1107 2646 Severus,

211 2660 233 2694 ᾖ
251 2659 359 2703 Magis
379 2656 590 2691 alienissimus
614 2655 815 2698 Imperator,
841 2654 975 2689 testatur
993 2655 1108 2689 AElius

214 2706 442 2752 Lampridius.
471 2705 514 2738 Et
533 2702 583 2738 uti
602 2704 763 2748 insignem
775 2701 1017 2747 Philosophum
1043 2705 1110 2738 lau·

217 2760 330 2794 datin
357 2756 532 2792 Chronico
560 2753 714 2788 Aurelius
741 2751 951 2787 Caffiodorus
971 2778 980 2787 .
1010 2753 1108 2788 Vixit

214 2820 294 2844 cum
319 2807 490 2851 Apostolis
509 2829 521 2844 ‚
546 2804 580 2838 in
600 2804 708 2848 prima
730 2801 904 2847 Evangelii
931 2803 964 2838 δε
987 2805 1109 2839 nostro-

215 2871 290 2895 rum
311 2858 433 2900 ubique
445 2855 677 2890 miraculorum
699 2853 805 2897 gloria
817 2877 824 2884 .
851 2853 947 2888 Hinc
965 2853 1021 2888 illa
1035 2855 1108 2888 Ad-

218 2909 347 2943 versarii
369 2907 471 2942 nostri
483 2905 633 2939 Gentiles
655 2904 820 2948 peraffieia
832 2903 956 2949 Magiae
973 2905 1106 2939 menda·

217 2961 269 2995 eia
279 2958 392 2994 conati
413 2959 488 2991 sunt
505 2955 679 2989 offuscare.
1010 3002 1012 3004 Ι

270 3009 396 3043 Eadem
409 3006 455 3042 est
475 3006 560 3040 ratio
583 3004 806 3040 haereticorum
822 3029 830 3036 .
857 3004 951 3038 Hinc
973 3005 1062 3039 enim
1076 3005 1108 3038 in

218 3058 407 3104 Evangelio
418 3066 513 3091 natus
523 3055 580 3089 ille
590 3066 692 3091 cecus
702 3056 743 3092 ad
755 3055 878 3098 Judaeos
888 3053 972 3089 dixit
985 3079 996 3095 ,
1023 3056 1110 3089 inau-

220 3109 327 3144 ditum
339 3108 403 3142 effe
424 3109 460 3141 in
484 3104 632 3146 mundo,
657 3116 694 3141 ut
717 3106 792 3151 quis
809 3103 1110 3149 Pseudo-Propheta

221 3159 281 3193 sibi
292 3159 431 3193 similem
442 3156 678 3191 illuminaverit
692 3180 704 3196 ,
728 3168 766 3191 ac
778 3154 855 3189 inde
872 3155 1031 3189 conclusit
1044 3156 1112 3190 Do·

221 3209 351 3243 minum
373 3206 519 3242 nostrum
541 3205 699 3250 JESUM
724 3203 890 3243 Christum
916 3205 980 3239 esse
1002 3217 1111 3242 verum

223 3257 422 3302 Prophetam
437 3283 444 3290 .
469 3254 575 3303 Qod
596 3257 702 3300 ipsum
723 3256 818 3291 &illi
850 3255 930 3298 ipsi,
958 3255 1014 3299 qui
1036 3267 1112 3290 eun-

224 3307 302 3342 dem
325 3308 514 3341 Dominum
536 3306 680 3351 lapidare
704 3316 741 3341 ut
756 3304 980 3348 blasphemum
1007 3306 1113 3338 volue-

224 3366 298 3392 rant
308 3357 327 3389 a
338 3357 446 3399 paucis
457 3356 570 3391 diebus
582 3382 592 3399 ,
602 3367 643 3390 ex
656 3356 769 3390 Lazari
781 3355 1026 3389 resuscitatione
1037 3366 1111 3388 con·

225 3408 411 3443 cluserunt.
439 3404 483 3438 Et
502 3417 562 3440 nec
585 3406 702 3441 Scribae
724 3432 736 3448 ‚
761 3416 821 3441 nec
842 3403 1005 3457 Phasisaei⁸
1020 3428 1032 3446 ,
1055 3415 1116 3439 nec

1150 2292 1152 2300 v

1167 2310 1269 2333 menta
1275 2302 1360 2341 J‘uris
1366 2298 1415 2348 fui
1431 2324 1442 2341 ,
1470 2311 1527 2333 non
1549 2302 1613 2334 ideo
1635 2303 1897 2337 communicabitur
1914 2304 1988 2346 fidei
2011 2306 2047 2339 Θ

1167 2352 1303 2384 adaae
1330 2354 1487 2395 Magorum
1509 2377 1516 2383 .
1545 2351 1783 2387 Defunctorum
1809 2354 2048 2389 excitationem

1174 903 1352 944 corporalem
1362 904 1571 947 infirmitatem
1583 928 1594 946 ,
1621 908 1673 940 vel
1688 918 1791 942 earum
1802 933 1813 950 ,
1840 917 1908 952 qaae
1922 910 2005 952 foris
2016 918 2064 943 ac-

1174 954 1279 986 cidunt
1303 952 1514 995 infirmitatum
1527 981 1538 997 ,
1564 953 1657 990 bonas
1677 958 1867 993 valetudines
1881 960 2060 999 restaurare.

1187 129 1208 158 L
1280 128 1296 160 1
1369 130 1400 161 O
1471 132 1502 162 N

1179 198 1251 242 quis
1272 199 1355 234 alius
1371 201 1498 236 Dcsto‘r
1518 202 1681 237 sciuerunt
1703 204 1790 240 ali-ud
1809 219 1996 252 opponere.
2028 210 2070 243 Et
2112 247 2119 253 ‚

1179 250 1315 284 Sanetus
1337 252 1475 286 Irenaeus
1494 253 1623 287 scribit:
1651 257 1744 295 Super
1765 257 1827 291 haec
1842 269 1997 303 arguentur
2017 265 2070 302 qut
2088 246 2148 278 [ΑΒ
2161 259 2185 278 2*

1174 297 1248 340 sunt
1269 302 1292 332 ἁ
1314 303 1428 335 Simone
1446 305 1534 347 Mago
1546 326 1556 342 ,
1580 305 1831 346 &capot-rate,
1854 310 1924 351 &fi
1941 316 1992 352 qui
2012 312 2068 343 alit
2085 294 2204 327 c³p'5⁶‘

1180 354 1309 383 virtutes
1319 359 1434 394 operari
1446 354 1583 387 dicuntur
1595 378 1606 393 ‚
1633 360 1736 387 nonin
1749 361 1865 390 virtute
1872 361 1943 398 Dei,
1972 371 2067 402 neque

1176 403 1211 431 in
1220 405 1371 442 veritate,
1396 414 1487 446 neque
1509 407 1544 437 in
1567 403 1714 446 beneficiis
1726 404 1878 447 facientes
1899 408 2066 443 bominibus·

1178 460 1213 481 ea
1223 450 1416 492 quaefaciunt
1428 477 1439 493 ‚
1464 453 1518 497 sed
1526 460 1558 487 in
1565 459 1727 496 perniciem
1749 457 1783 489 (¹5
1793 466 1920 491 errorem
1936 467 1989 500 per
2001 472 2068 493 ma·

1173 505 1258 542 gicas
1285 500 1425 542 illusiones
1437 527 1448 542 ,
1477 506 1511 538 Θ
1522 503 1663 548 universa
1680 503 1798 546 fraude
1814 507 1883 548 plus
1904 508 2065 550 laniantes,

1178 551 1267 591 quam
1276 552 1437 585 utilitatem
1444 553 1625 595 pra-stantes
1636 554 1684 588 his
1697 562 1749 597 qai
1758 559 1882 590 credunt
1903 562 1947 591 eie
1957 580 1968 596 ‚
1993 564 2023 592 in
2032 572 2065 593 eo

1177 601 1257 642 quo-d
1260 598 1405 642 seducunt
1417 627 1425 635 .
1455 607 1523 637 Nec
1533 609 1614 639 enim
1619 611 1704 639 caecis
1711 607 1828 650 poffunt
1837 609 1945 641 donare
1956 607 2065 651 visum,

1180 660 1230 684 nec
1248 648 1353 694 surdis
1377 652 1536 695 auditum,
1561 666 1655 698 neque
1675 668 1775 690 omnes
1789 659 1944 692 Doemones
1954 657 2068 702 efflige-

1177 710 1231 742 re,
1256 709 1372 742 praeter
1394 710 1506 746 eosqui
1528 704 1567 738 ab
1586 704 1655 747 ipsis
1677 712 1894 741 immittuntur.
1922 710 2066 742 sitamen

1178 751 1211 784 ὦ·
1221 749 1272 785 hoc
1283 750 1411 793 faciunt
1421 778 1428 786 .
1455 758 1565 797 Neque
1576 756 1688 789 debiles
1701 766 1776 798 ,aut
1786 758 1904 792 claudos
1912 782 1924 800 ,
1945 767 2004 791 aut
2010 767 2068 800 pa·

1176 801 1308 840 ralyticos
1328 812 1449 844 curare,
1475 804 1530 838 vel
1540 805 1606 839 alia
1627 808 1761 849 quadam
1781 815 1907 851 corporis
1914 816 2005 850 parte
2015 819 2067 842 ve-

1178 861 1267 885 xatos
1287 876 1299 893 ,
1324 856 1571 895 quemadmodum
1589 855 1672 900 saepe
1697 864 1798 892 evenit
1819 860 1886 902 fieri
1902 859 2063 903 secundum

1174 1003 1304 1036 Tantum
1314 1003 1421 1047 absunt
1432 1006 1470 1038 ab
1483 1017 1514 1039 eo
1523 1029 1533 1044 ,
1544 1015 1578 1039 ut
1589 1017 1736 1041 mortuum
1748 1015 1878 1043 excitent
1887 1033 1898 1049 ,
1921 1013 2062 1052 quemad-

1173 1054 1291 1087 modum
1315 1057 1459 1087 Dominus
1483 1060 1650 1097 excitavit,
1677 1059 1712 1092 ὁ·
1732 1059 1855 1101 Apostoli
1877 1069 1934 1103 per
1954 1060 2061 1095 oratio-

1175 1114 1242 1137 nem
1258 1128 1267 1144 ,
1296 1104 1330 1136 <5
1353 1109 1387 1136 in
1399 1103 1600 1145 frater-niente
1617 1105 1771 1150 saepiffimb
1790 1117 1914 1151 propter
1936 1113 2061 1153 aliquod

1173 1153 1357 1196 neceffariam
1369 1178 1380 1194 ‚
1406 1165 1442 1187 ea
1462 1165 1530 1197 quae
1551 1154 1633 1195 estin
1647 1168 1759 1199 quoque
1787 1160 1842 1192 loco
1855 1159 1980 1200 Ecclesia
1994 1167 2058 1194 uni-

1174 1202 1262 1246 versa
1279 1199 1443 1245 postulante
1463 1200 1519 1246 per'
1527 1206 1680 1245 jejunium
1699 1206 1964 1247 &postulationem
1975 1210 2058 1241 mul-

1173 1262 1238 1286 tam
1251 1277 1263 1293 ,
1293 1251 1431 1296 reversus
1451 1253 1490 1295 est
1507 1251 1633 1295 spiritus
1654 1262 1785 1296 mortui,
1810 1258 1845 1291 eb·
1866 1259 1995 1291 donatus
2019 1258 2059 1299 eff

1171 1303 1254 1336 homo
1263 1303 1442 1336 orationibus
1454 1303 1627 1338 sannorum
1637 1329 1645 1336 .
1663 1305 1903 1341 Miraculorum
1916 1308 2056 1353 gratiam

1171 1356 1234 1389 effe
1248 1353 1282 1386 in
1295 1352 1362 1387 sola
1374 1353 1517 1388 Ecclesia
1525 1354 1669 1389 ostendit
1681 1355 1792 1391 multis
1801 1382 1813 1398 ,
1824 1357 1962 1402 ideoque
1971 1358 2058 1402 apud.

1172 1403 1338 1439 haereticos
1350 1404 1478 1448 reperiri
1493 1405 1561 1439 sola
1572 1404 1693 1450 Magiae
1704 1407 1876 1442 mendacia
1899 1409 1933 1443 &
1944 1409 2068 1446 fucos„-

1171 1455 1263 1503 Qae,
1276 1454 1345 1498 ejus
1357 1454 1449 1489 verba
1472 1455 1643 1499 probavit,
1668 1457 1774 1492 &suae
1794 1457 1950 1493 Historiae
1975 1453 2066 1494 inse-¹
2086 1473 2088 1475 ·

1172 1506 1235 1539 ruit
1258 1499 1415 1539 Eusebius
1439 1506 1618 1552 Episcopus
1639 1507 1843 1542 Caesareenfis
1862 1533 1870 1541 .
1898 1509 1941 1543 Er
1964 1509 2055 1553 supra.
2072 1525 2134 1556 ffb,
2154 1535 2187 1562 *5-

1171 1554 1347 1599 Septimius
1361 1555 1469 1591 noster
1481 1555 1585 1591 edixit
1601 1557 1832 1592 miraculorum
1846 1558 1998 1593 virtutem
2009 1561 2056 1593 es·
2069 1574 2170 1610 capu.

1171 1604 1203 1638 se
1215 1607 1379 1649 proprium
1392 1606 1607 1641 characterem
1621 1607 1837 1650 Apostolatus
1849 1633 1857 1640 .
1886 1609 1929 1643 Et
1948 1610 2056 1655 pergit

1169 1655 1205 1688 in
1226 1656 1359 1690 eosdem
1381 1656 1578 1691 Gnosticos:
1605 1659 1674 1690 Volo
1697 1662 1791 1702 igitur
1812 1661 1990 1694 &virtutes
2012 1671 2056 1693 eo·
2109 1665 2111 1667 '

1167 1715 1233 1739 rum
1238 1705 1371 1749 proferri
1378 1732 1385 1740 .
1413 1706 1566 1742 Affirmat
1575 1706 1721 1752 ipsorum
1729 1708 1884 1757 miracula
1895 1710 1958 1745 esse
1971 1721 2053 1744 mor-

1168 1763 1242 1790 tuos
1253 1755 1271 1790 ὲ
1284 1756 1381 1798 vivis,
1412 1769 1480 1792 non
1493 1756 1512 1791 ὲ
1522 1757 1660 1793 mortuis
1673 1757 1765 1793 vivos
1775 1783 1783 1792 .
1812 1760 1857 1795 Et
1867 1760 1903 1794 in
1915 1759 2001 1795 libro
2011 1759 2054 1794 de
2072 1762 2141 1809 {³1³-
2150 1769 2200 1797 30-

1167 1805 1281 1840 anima
1303 1807 1434 1841 scribit:
1461 1810 1561 1842 Multa
1582 1809 1777 1844 &adversus
1788 1810 1933 1852 Apostolos
1951 1812 2053 1843 simon
2069 1804 2143 1839 (ἐφ’
2161 1809 2208 1836 5⁷·

1166 1856 1201 1889 ό·
1226 1858 1350 1894 Ehmas
1372 1859 1456 1900 Magi
1480 1858 1654 1890 ediderunt
1678 1860 1911 1892 miraculorum
1938 1859 2055 1902 praessi-

1165 1904 1221 1948 gia
1231 1928 1243 1946 ,
1264 1902 1324 1949 sed
1328 1905 1424 1949 plaga
1435 1908 1578 1938 coecitatis
1591 1904 1791 1948 depraestigiis
1803 1908 1934 1949 nonfuit
1943 1932 1950 1940 .
1963 1910 2053 1951 ,Quid

1167 1959 1238 1983 mvi
1261 1953 1410 1984 aemulaetio
1432 1957 1576 1983 veritatis
1596 1953 1617 1982 a
1631 1950 1742 1992 spiritu
1766 1958 1944 1990 immundo?
1971 1961 2050 1991 Ecce

1167 1998 1272 2039 hodie,
1295 1996 1426 2043 eiusdem
1437 2001 1564 2033 simonis
1576 1999 1735 2034 haereticos
1760 2010 1850 2039 tanta
1857 2002 2053 2047 praesumptio

1166 2054 1245 2084 artis
1255 2049 1397 2090 extollit„
1424 2059 1459 2082 ut
1477 2054 1570 2083 etlam
1584 2049 1800 2092 Prophetarum
1815 2059 1934 2087 animas
1947 2054 1987 2087 ab
2003 2061 2053 2087 in·

1160 2099 1241 2142 feris
1254 2110 1371 2141 movere
1389 2098 1600 2143 sospondeant
1611 2126 1619 2133 .
1646 2103 1692 2134 Et
1711 2103 1795 2136 credo
1816 2108 1886 2146 quia
1899 2105 2051 2138 mendacio

1162 2150 1283 2192 poffint.
1311 2146 1437 2184 Omnia
1459 2150 1603 2194 ipsorum
1627 2152 1781 2186 miracula
1793 2153 1900 2197 ample
1911 2154 2052 2189 demon-

1167 2202 1246 2234 strat
1270 2200 1333 2234 esse
1354 2199 1547 2241 mendacia,
1572 2210 1670 2245 atque
1680 2202 1906 2245 prosequitur.-
1932 2204 2054 2247 Sedetfi

1167 2248 1311 2294 quosdam
1331 2255 1487 2286 revocavit
1510 2256 1543 2284 tn
1563 2260 1681 2293 corpora
1691 2256 1749 2286 Dei
1759 2258 1878 2295 virtus,
1903 2259 1937 2288 in
1958 2256 2049 2288 docu-

1167 2401 1305 2450 affirmat
1324 2401 1387 2434 esse
1409 2401 1526 2435 Divini
1553 2402 1653 2435 solius
1673 2403 1751 2445 juris
1778 2404 1831 2438 seu
1859 2405 2050 2448 potestatis,

1169 2451 1310 2494 ideoque
1333 2451 1464 2485 nonnifi
1486 2462 1542 2495 per
1565 2451 1731 2486 Christum
1756 2454 1940 2488 Dominum
1954 2479 1966 2495 ,
1992 2463 2051 2488 aut

1167 2500 1234 2545 ejus
1244 2499 1426 2545 Prophetas
1440 2513 1479 2535 ac
1491 2501 1670 2544 Apostolos
1693 2504 1780 2546 posse
1801 2504 1871 2537 fieri
1882 2527 1893 2543 ‚
1921 2513 1978 2537 aut
1991 2503 2050 2537 im-

1168 2545 1283 2594 pe'trari
1295 2575 1303 2583 .
1331 2546 1375 2585 Et'
1385 2552 1425 2585 ad
1438 2551 1642 2596 Montanum
1652 2551 1799 2596 delapsus
1813 2553 2049 2596 Apostolorum

1169 2613 1205 2636 ac
1218 2599 1454 2644 Prophetarum
1469 2602 1625 2635 miracula
1638 2600 1747 2636 laudat
1759 2604 1791 2635 in
1805 2603 1889 2637 libro
1898 2604 1940 2638 de
1951 2603 2050 2638 Pudi·

1170 2649 1245 2688 citia
1258 2675 1269 2689 ‚
1295 2646 1444 2695 &pergit
1464 2651 1499 2684 in
1511 2650 1665 2684 Sanctum
1688 2651 1914 2696 Zephyrinum
1935 2653 2052 2688 Ponti-

1171 2699 1284 2735 ficem:
1313 2699 1435 2735 Exhibe
1456 2701 1490 2734 (9
1501 2712 1578 2734 nunc
1595 2700 1690 2742 mihi,
1720 2703 1871 2744 Apistolice
1883 2727 1895 2743 ,
1922 2703 2054 2745 Prophe·
2066 2710 2141 2750 Cap.
2156 2721 2204 2742 ιι.

1173 2758 1233 2785 tica
1247 2752 1404 2793 exempla,
1429 2749 1610 2794 &gnoscam
1628 2754 1853 2793 manitatem,
1879 2755 2050 2788 &vendica

1171 2802 1225 2835 tlbt'
1250 2801 1492 2834 remittendorum
1515 2799 1659 2843 ejusmodi
1681 2802 1851 2837 deliciorum
1856 2803 2049 2846 potestatem.

1171 2851 1355 2886 Laudatum
1379 2851 1577 2886 Pontificem
1602 2851 1649 2885 ob
1667 2862 1823 2895 nuperam
1843 2854 1878 2888 in
1900 2853 2052 2889 moechos

1170 2902 1375 2936 clementiam
1387 2900 1591 2935 existimabat
1602 2925 1614 2940 ‚
1629 2901 1678 2935 uti
1693 2902 1872 2938 Christiani
1885 2903 2051 2950 dogmatis

1171 2953 1443 2997 praevaricatorem
1458 2975 1469 2991 ,
1495 2950 1648 2985 excidisse
1671 2963 1743 2987 vera
1766 2953 1904 2988 Ecclesia
1923 2979 1934 2995 ‚
1962 2955 2053 2989 ideo-

1171 3014 1234 3047 que
1253 3001 1367 3036 abillo
1389 3002 1494 3046 exigit
1506 3001 1664 3036 miracula
1677 3026 1689 3042 ,
1715 3014 1821 3037 certus
1833 3005 1898 3047 ipsa
1908 3005 1949 3039 ab
1959 3004 2053 3039 haere·

1171 3053 1239 3087 tico
1252 3064 1319 3086 non
1342 3051 1431 3095 posse
1450 3052 1587 3093 patrari.
1614 3051 1900 3098 QomodoElias
1912 3054 2055 3100 Prophe-

1172 3113 1203 3136 ta
1215 3101 1405 3136 Sacerdotes
1418 3101 1498 3135 Baal
1511 3125 1523 3141 ,
1549 3102 1595 3136 ita
1606 3102 1707 3136 nostri
1720 3103 1895 3148 Episcopi,
1907 3105 2053 3143 Clerici,

1174 3163 1229 3187 aut
1242 3150 1402 3186 Monachi
1429 3149 1592 3185 variorum
1613 3150 1838 3188 haereticorum
1851 3155 2051 3199 Episcopos,

1175 3201 1342 3243 Clericos,
1369 3210 1427 3235 aut
1448 3200 1631 3236 monachos
1648 3224 1660 3241 ,
1685 3204 1868 3239 neceffitate
1887 3213 2050 3249 cogente,

1176 3260 1392 3296 provocarunt
1403 3251 1445 3286 ad
1458 3251 1651 3287 miraculum
1663 3276 1675 3292 ,
1699 3254 1733 3287 ἀ
1746 3254 1874 3288 nullum
1885 3262 2024 3295 unquam
2039 3275 2053 3291 ,

1176 3303 1234 3336 nisi
1247 3302 1265 3335 a
1279 3303 1343 3335 sese
1355 3301 1481 3336 editum
1494 3326 1506 3342 ‚
1518 3302 1672 3336 viderunt
1682 3328 1690 3334 .
1719 3303 1862 3337 Plurima
1871 3304 1945 3335 sunt
1956 3300 2054 3344 huJus

1176 3352 1303 3397 generis
1328 3353 1477 3395 exempla
1500 3377 1507 3383 .
1546 3352 1575 3385 E
1602 3352 1737 3386 summis
1758 3351 1880 3386 Latinae
1906 3350 2055 3385 Ecclesiae

1178 3402 1441 3447 Thaumaturgis
1463 3400 1525 3437 fuit
1546 3403 1680 3437 Sanetus
1699 3400 1864 3435 Martinus
1878 3399 2057 3444 Episcopus

1897 3450 2009 3485 Turo-
