<?xml version="1.0" encoding="UTF-8"?>
<!DOCTYPE html PUBLIC "-//W3C//DTD XHTML 1.0 Transitional//EN"
    "http://www.w3.org/TR/xhtml1/DTD/xhtml1-transitional.dtd">
<html xmlns="http://www.w3.org/1999/xhtml" xml:lang="en" lang="en">
 <head>
  <title>
</title>
<meta http-equiv="Content-Type" content="text/html;charset=utf-8" />
  <meta name='ocr-system' content='tesseract 3.04.00' />
  <meta name='ocr-capabilities' content='ocr_page ocr_carea ocr_par ocr_line ocrx_word'/>
</head>
<body>
  <div class='ocr_page' id='page_1' title='image "./operaomniastudio09lupuuoft_0350.png"; bbox 0 0 2346 3724; ppageno 0'>
   <div class='ocr_carea' id='block_1_1' title="bbox 95 1564 216 1602">
    <p class='ocr_par' dir='ltr' id='par_1_1' title="bbox 95 1564 216 1602">
     <span class='ocr_line' id='line_1_1' title="bbox 95 1564 216 1602; baseline 0.017 -7"><span class='ocrx_word' id='word_1_1' title='bbox 95 1564 174 1602; x_wconf 70' lang='lat' dir='ltr'>Cap.</span> <span class='ocrx_word' id='word_1_2' title='bbox 190 1571 216 1597; x_wconf 85' lang='lat'>7·</span> 
     </span>
    </p>
   </div>
   <div class='ocr_carea' id='block_1_2' title="bbox 96 1831 215 1872">
    <p class='ocr_par' dir='ltr' id='par_1_2' title="bbox 96 1831 215 1872">
     <span class='ocr_line' id='line_1_2' title="bbox 96 1831 215 1872; baseline -0.008 -10"><span class='ocrx_word' id='word_1_3' title='bbox 96 1831 171 1872; x_wconf 77' lang='lat' dir='ltr'>Cap.</span> <span class='ocrx_word' id='word_1_4' title='bbox 190 1837 215 1863; x_wconf 81' lang='lat'>6.</span> 
     </span>
    </p>
   </div>
   <div class='ocr_carea' id='block_1_3' title="bbox 91 2788 229 2828">
    <p class='ocr_par' dir='ltr' id='par_1_3' title="bbox 91 2788 229 2828">
     <span class='ocr_line' id='line_1_3' title="bbox 91 2788 229 2828; baseline -0.022 -7"><span class='ocrx_word' id='word_1_5' title='bbox 91 2788 153 2823; x_wconf 73' lang='lat'><em>1³01.</em></span> <span class='ocrx_word' id='word_1_6' title='bbox 165 2799 229 2828; x_wconf 86' lang='lat'>239.</span> 
     </span>
    </p>
   </div>
   <div class='ocr_carea' id='block_1_4' title="bbox 93 3253 232 3293">
    <p class='ocr_par' dir='ltr' id='par_1_4' title="bbox 93 3253 232 3293">
     <span class='ocr_line' id='line_1_4' title="bbox 93 3253 232 3293; baseline -0.029 -7"><span class='ocrx_word' id='word_1_7' title='bbox 93 3253 183 3293; x_wconf 84' lang='lat' dir='ltr'>Epist.</span> <span class='ocrx_word' id='word_1_8' title='bbox 207 3262 232 3284; x_wconf 87' lang='lat'>1.</span> 
     </span>
    </p>
   </div>
   <div class='ocr_carea' id='block_1_5' title="bbox 96 3298 196 3334">
    <p class='ocr_par' dir='ltr' id='par_1_5' title="bbox 96 3298 196 3334">
     <span class='ocr_line' id='line_1_5' title="bbox 96 3298 196 3334; baseline -0.04 -8"><span class='ocrx_word' id='word_1_9' title='bbox 96 3304 159 3334; x_wconf 81' lang='lat' dir='ltr'>cap.</span> <span class='ocrx_word' id='word_1_10' title='bbox 168 3298 196 3324; x_wconf 85' lang='lat'>6.</span> 
     </span>
    </p>
   </div>
   <div class='ocr_carea' id='block_1_6' title="bbox 336 137 428 197">
    <p class='ocr_par' dir='ltr' id='par_1_6' title="bbox 336 137 428 197">
     <span class='ocr_line' id='line_1_6' title="bbox 336 137 428 197; baseline -0.022 0"><span class='ocrx_word' id='word_1_11' title='bbox 336 137 428 197; x_wconf 83' lang='lat'>348</span> 
     </span>
    </p>
   </div>
   <div class='ocr_carea' id='block_1_7' title="bbox 258 211 1141 267">
    <p class='ocr_par' dir='ltr' id='par_1_7' title="bbox 258 211 1141 267">
     <span class='ocr_line' id='line_1_7' title="bbox 258 211 1141 267; baseline 0.001 -12"><span class='ocrx_word' id='word_1_12' title='bbox 258 220 388 256; x_wconf 78' lang='lat' dir='ltr'>tellexit</span> <span class='ocrx_word' id='word_1_13' title='bbox 401 221 575 254; x_wconf 75' lang='lat' dir='ltr'>canonem</span> <span class='ocrx_word' id='word_1_14' title='bbox 588 211 657 255; x_wconf 75' lang='lat' dir='ltr'>non</span> <span class='ocrx_word' id='word_1_15' title='bbox 679 219 720 256; x_wconf 92' lang='lat' dir='ltr'>de</span> <span class='ocrx_word' id='word_1_16' title='bbox 734 221 1037 267; x_wconf 86' lang='lat' dir='ltr'>Energumenorum</span> <span class='ocrx_word' id='word_1_17' title='bbox 1048 246 1059 262; x_wconf 94' lang='lat'>,</span> <span class='ocrx_word' id='word_1_18' title='bbox 1087 222 1141 256; x_wconf 85' lang='lat' dir='ltr'>sed</span> 
     </span>
    </p>
   </div>
   <div class='ocr_carea' id='block_1_8' title="bbox 258 268 1144 315">
    <p class='ocr_par' dir='ltr' id='par_1_8' title="bbox 258 268 1144 315">
     <span class='ocr_line' id='line_1_8' title="bbox 258 268 1144 315; baseline 0.001 -10"><span class='ocrx_word' id='word_1_19' title='bbox 258 271 302 305; x_wconf 87' lang='lat' dir='ltr'>de</span> <span class='ocrx_word' id='word_1_20' title='bbox 324 268 648 305; x_wconf 76' lang='lat' dir='ltr'>catechumenorum</span> <span class='ocrx_word' id='word_1_21' title='bbox 674 271 876 306; x_wconf 85' lang='lat' dir='ltr'>Exorcismis</span> <span class='ocrx_word' id='word_1_22' title='bbox 898 282 995 315; x_wconf 90' lang='lat' dir='ltr'>atque</span> <span class='ocrx_word' id='word_1_23' title='bbox 1020 274 1144 307; x_wconf 88' lang='lat' dir='ltr'>Scruti-</span> 
     </span>
    </p>
   </div>
   <div class='ocr_carea' id='block_1_9' title="bbox 232 319 1143 1570">
    <p class='ocr_par' dir='ltr' id='par_1_9' title="bbox 232 319 1143 1570">
     <span class='ocr_line' id='line_1_9' title="bbox 258 319 1143 364; baseline 0 -9"><span class='ocrx_word' id='word_1_24' title='bbox 258 320 322 355; x_wconf 82' lang='lat' dir='ltr'>niis</span> <span class='ocrx_word' id='word_1_25' title='bbox 333 344 340 353; x_wconf 92' lang='lat'><strong>.</strong></span> <span class='ocrx_word' id='word_1_26' title='bbox 368 320 444 353; x_wconf 87' lang='lat' dir='ltr'>Hos</span> <span class='ocrx_word' id='word_1_27' title='bbox 455 319 624 355; x_wconf 81' lang='lat' dir='ltr'>enimnon</span> <span class='ocrx_word' id='word_1_28' title='bbox 639 331 692 364; x_wconf 88' lang='lat' dir='ltr'>per</span> <span class='ocrx_word' id='word_1_29' title='bbox 706 322 853 364; x_wconf 87' lang='lat' dir='ltr'>quemvis</span> <span class='ocrx_word' id='word_1_30' title='bbox 864 320 1031 355; x_wconf 88' lang='lat' dir='ltr'>Clericum</span> <span class='ocrx_word' id='word_1_31' title='bbox 1046 346 1057 361; x_wconf 92' lang='lat'>‚</span> <span class='ocrx_word' id='word_1_32' title='bbox 1072 323 1143 356; x_wconf 88' lang='lat' dir='ltr'>lon·</span> 
     </span>
     <span class='ocr_line' id='line_1_10' title="bbox 257 369 1142 416; baseline 0.002 -12"><span class='ocrx_word' id='word_1_33' title='bbox 257 370 302 416; x_wconf 76' lang='lat' dir='ltr'>ge</span> <span class='ocrx_word' id='word_1_34' title='bbox 320 369 428 404; x_wconf 67' lang='lat' dir='ltr'>minus</span> <span class='ocrx_word' id='word_1_35' title='bbox 449 380 504 414; x_wconf 77' lang='lat' dir='ltr'>per</span> <span class='ocrx_word' id='word_1_36' title='bbox 527 370 668 410; x_wconf 88' lang='lat' dir='ltr'>laicum,</span> <span class='ocrx_word' id='word_1_37' title='bbox 696 371 749 404; x_wconf 89' lang='lat' dir='ltr'>sed</span> <span class='ocrx_word' id='word_1_38' title='bbox 773 381 827 414; x_wconf 91' lang='lat' dir='ltr'>per</span> <span class='ocrx_word' id='word_1_39' title='bbox 849 371 936 405; x_wconf 87' lang='lat' dir='ltr'>solos</span> <span class='ocrx_word' id='word_1_40' title='bbox 954 371 1142 407; x_wconf 80' lang='lat' dir='ltr'>Sacerdotes</span> 
     </span>
     <span class='ocr_line' id='line_1_11' title="bbox 256 420 1142 466; baseline 0.003 -12"><span class='ocrx_word' id='word_1_41' title='bbox 256 420 313 466; x_wconf 78' lang='lat' dir='ltr'>agi</span> <span class='ocrx_word' id='word_1_42' title='bbox 324 420 510 455; x_wconf 86' lang='lat' dir='ltr'>solemniter</span> <span class='ocrx_word' id='word_1_43' title='bbox 520 421 556 454; x_wconf 81' lang='lat' dir='ltr'>in</span> <span class='ocrx_word' id='word_1_44' title='bbox 568 420 707 454; x_wconf 82' lang='lat' dir='ltr'>Ecclefia</span> <span class='ocrx_word' id='word_1_45' title='bbox 719 444 731 461; x_wconf 88' lang='lat'>‚</span> <span class='ocrx_word' id='word_1_46' title='bbox 756 421 864 454; x_wconf 81' lang='lat' dir='ltr'>sanxit</span> <span class='ocrx_word' id='word_1_47' title='bbox 876 422 1070 465; x_wconf 82' lang='lat' dir='ltr'>Apostolica</span> <span class='ocrx_word' id='word_1_48' title='bbox 1083 433 1142 457; x_wconf 88' lang='lat' dir='ltr'>tra·</span> 
     </span>
     <span class='ocr_line' id='line_1_12' title="bbox 255 469 1142 514; baseline 0.002 -9"><span class='ocrx_word' id='word_1_49' title='bbox 255 469 344 506; x_wconf 82' lang='lat' dir='ltr'>ditio</span> <span class='ocrx_word' id='word_1_50' title='bbox 355 476 366 511; x_wconf 67' lang='lat'>5</span> <span class='ocrx_word' id='word_1_51' title='bbox 392 470 533 513; x_wconf 89' lang='lat' dir='ltr'>ideoque</span> <span class='ocrx_word' id='word_1_52' title='bbox 544 469 634 504; x_wconf 88' lang='lat' dir='ltr'>nulla</span> <span class='ocrx_word' id='word_1_53' title='bbox 646 471 712 504; x_wconf 86' lang='lat' dir='ltr'>veri</span> <span class='ocrx_word' id='word_1_54' title='bbox 728 471 848 514; x_wconf 87' lang='lat' dir='ltr'>species</span> <span class='ocrx_word' id='word_1_55' title='bbox 861 472 970 506; x_wconf 81' lang='lat' dir='ltr'>suadet</span> <span class='ocrx_word' id='word_1_56' title='bbox 989 478 1086 507; x_wconf 86' lang='lat' dir='ltr'>tantae</span> <span class='ocrx_word' id='word_1_57' title='bbox 1095 469 1142 507; x_wconf 81' lang='lat' dir='ltr'>di-</span> 
     </span>
     <span class='ocr_line' id='line_1_13' title="bbox 255 518 1139 568; baseline 0 -12"><span class='ocrx_word' id='word_1_58' title='bbox 255 519 400 564; x_wconf 75' lang='lat' dir='ltr'>sciplinae</span> <span class='ocrx_word' id='word_1_59' title='bbox 414 518 710 563; x_wconf 66' lang='lat' dir='ltr'>praevaricationem</span> <span class='ocrx_word' id='word_1_60' title='bbox 721 530 800 555; x_wconf 88' lang='lat' dir='ltr'>tunc</span> <span class='ocrx_word' id='word_1_61' title='bbox 816 522 911 557; x_wconf 79' lang='lat' dir='ltr'>fuisse</span> <span class='ocrx_word' id='word_1_62' title='bbox 921 525 1093 568; x_wconf 70' lang='lat' dir='ltr'>grassatam</span> <span class='ocrx_word' id='word_1_63' title='bbox 1105 523 1139 556; x_wconf 87' lang='lat' dir='ltr'>in</span> 
     </span>
     <span class='ocr_line' id='line_1_14' title="bbox 253 570 1140 616; baseline 0.002 -11"><span class='ocrx_word' id='word_1_64' title='bbox 253 570 420 605; x_wconf 78' lang='lat' dir='ltr'>Orientali</span> <span class='ocrx_word' id='word_1_65' title='bbox 449 570 589 606; x_wconf 77' lang='lat' dir='ltr'><strong>Ecclesia</strong></span> <span class='ocrx_word' id='word_1_66' title='bbox 612 595 620 602; x_wconf 92' lang='lat'><em>.</em></span> <span class='ocrx_word' id='word_1_67' title='bbox 657 570 864 616; x_wconf 81' lang='lat' dir='ltr'>Linguarutn</span> <span class='ocrx_word' id='word_1_68' title='bbox 892 572 1018 607; x_wconf 88' lang='lat' dir='ltr'>donum</span> <span class='ocrx_word' id='word_1_69' title='bbox 1046 574 1140 607; x_wconf 77' lang='lat' dir='ltr'>fuisse</span> 
     </span>
     <span class='ocr_line' id='line_1_15' title="bbox 254 619 1139 668; baseline 0.002 -13"><span class='ocrx_word' id='word_1_70' title='bbox 254 620 469 664; x_wconf 87' lang='lat' dir='ltr'>temporalem</span> <span class='ocrx_word' id='word_1_71' title='bbox 481 619 633 654; x_wconf 86' lang='lat' dir='ltr'>locuturae</span> <span class='ocrx_word' id='word_1_72' title='bbox 642 622 838 665; x_wconf 84' lang='lat' dir='ltr'>quandoque</span> <span class='ocrx_word' id='word_1_73' title='bbox 850 623 1006 657; x_wconf 83' lang='lat' dir='ltr'>omnibus</span> <span class='ocrx_word' id='word_1_74' title='bbox 1015 623 1139 668; x_wconf 90' lang='lat' dir='ltr'>linguis</span> 
     </span>
     <span class='ocr_line' id='line_1_16' title="bbox 254 670 1137 717; baseline 0.002 -12"><span class='ocrx_word' id='word_1_75' title='bbox 254 670 402 705; x_wconf 83' lang='lat' dir='ltr'>Ecclefiae</span> <span class='ocrx_word' id='word_1_76' title='bbox 425 670 644 714; x_wconf 76' lang='lat' dir='ltr'>promissi-vam</span> <span class='ocrx_word' id='word_1_77' title='bbox 667 671 877 715; x_wconf 82' lang='lat' dir='ltr'>Prophetiam</span> <span class='ocrx_word' id='word_1_78' title='bbox 898 695 910 714; x_wconf 89' lang='lat'>,</span> <span class='ocrx_word' id='word_1_79' title='bbox 935 672 1077 717; x_wconf 87' lang='lat' dir='ltr'>ideoque</span> <span class='ocrx_word' id='word_1_80' title='bbox 1096 673 1137 707; x_wconf 87' lang='lat' dir='ltr'>ad</span> 
     </span>
     <span class='ocr_line' id='line_1_17' title="bbox 252 720 1137 765; baseline 0.002 -11"><span class='ocrx_word' id='word_1_81' title='bbox 252 721 352 764; x_wconf 83' lang='lat' dir='ltr'>hujus</span> <span class='ocrx_word' id='word_1_82' title='bbox 362 720 631 764; x_wconf 72' lang='lat' dir='ltr'>adimpletionem</span> <span class='ocrx_word' id='word_1_83' title='bbox 651 720 733 756; x_wconf 88' lang='lat' dir='ltr'>illud</span> <span class='ocrx_word' id='word_1_84' title='bbox 746 724 872 758; x_wconf 78' lang='lat' dir='ltr'>cessaffe</span> <span class='ocrx_word' id='word_1_85' title='bbox 881 744 893 765; x_wconf 86' lang='lat'><strong>,</strong></span> <span class='ocrx_word' id='word_1_86' title='bbox 918 723 1055 758; x_wconf 83' lang='lat' dir='ltr'>&amp;istam</span> <span class='ocrx_word' id='word_1_87' title='bbox 1067 724 1137 758; x_wconf 88' lang='lat' dir='ltr'>ces-</span> 
     </span>
     <span class='ocr_line' id='line_1_18' title="bbox 250 769 1135 817; baseline 0.002 -11"><span class='ocrx_word' id='word_1_88' title='bbox 250 771 410 806; x_wconf 84' lang='lat' dir='ltr'>sationem</span> <span class='ocrx_word' id='word_1_89' title='bbox 431 769 573 804; x_wconf 71' lang='lat' dir='ltr'>omnino</span> <span class='ocrx_word' id='word_1_90' title='bbox 601 773 807 814; x_wconf 74' lang='lat' dir='ltr'>convenisse,</span> <span class='ocrx_word' id='word_1_91' title='bbox 833 772 1018 817; x_wconf 81' lang='lat' dir='ltr'>frequenter</span> <span class='ocrx_word' id='word_1_92' title='bbox 1039 774 1135 808; x_wconf 89' lang='lat' dir='ltr'>docet</span> 
     </span>
     <span class='ocr_line' id='line_1_19' title="bbox 249 819 1135 867; baseline 0.003 -11"><span class='ocrx_word' id='word_1_93' title='bbox 249 821 385 856; x_wconf 69' lang='lat' dir='ltr'>Sanstus</span> <span class='ocrx_word' id='word_1_94' title='bbox 405 819 631 864; x_wconf 75' lang='lat' dir='ltr'>Augustinus.</span> <span class='ocrx_word' id='word_1_95' title='bbox 658 823 741 857; x_wconf 89' lang='lat' dir='ltr'>Non</span> <span class='ocrx_word' id='word_1_96' title='bbox 763 824 800 857; x_wconf 89' lang='lat' dir='ltr'>in</span> <span class='ocrx_word' id='word_1_97' title='bbox 822 834 889 857; x_wconf 89' lang='lat' dir='ltr'>uno</span> <span class='ocrx_word' id='word_1_98' title='bbox 914 824 1000 867; x_wconf 88' lang='lat' dir='ltr'>apud</span> <span class='ocrx_word' id='word_1_99' title='bbox 1020 833 1135 859; x_wconf 77' lang='lat' dir='ltr'>omnes</span> 
     </span>
     <span class='ocr_line' id='line_1_20' title="bbox 248 871 1133 916; baseline 0.005 -12"><span class='ocrx_word' id='word_1_100' title='bbox 248 881 364 916; x_wconf 81' lang='lat' dir='ltr'>gentes</span> <span class='ocrx_word' id='word_1_101' title='bbox 376 871 531 913; x_wconf 88' lang='lat' dir='ltr'>temporis</span> <span class='ocrx_word' id='word_1_102' title='bbox 553 873 694 914; x_wconf 63' lang='lat' dir='ltr'>punito,</span> <span class='ocrx_word' id='word_1_103' title='bbox 723 874 776 907; x_wconf 90' lang='lat' dir='ltr'>sed</span> <span class='ocrx_word' id='word_1_104' title='bbox 792 873 991 916; x_wconf 83' lang='lat' dir='ltr'>pedetentim</span> <span class='ocrx_word' id='word_1_105' title='bbox 1003 875 1133 909; x_wconf 80' lang='lat' dir='ltr'>cessavit</span> 
     </span>
     <span class='ocr_line' id='line_1_21' title="bbox 248 919 1134 965; baseline 0.006 -11"><span class='ocrx_word' id='word_1_106' title='bbox 248 921 309 954; x_wconf 83' lang='lat' dir='ltr'>ista</span> <span class='ocrx_word' id='word_1_107' title='bbox 321 919 424 965; x_wconf 80' lang='lat' dir='ltr'>gratia</span> <span class='ocrx_word' id='word_1_108' title='bbox 435 943 442 951; x_wconf 93' lang='lat'>.</span> <span class='ocrx_word' id='word_1_109' title='bbox 473 921 528 954; x_wconf 87' lang='lat' dir='ltr'>Sic</span> <span class='ocrx_word' id='word_1_110' title='bbox 549 920 584 954; x_wconf 77' lang='grc' dir='ltr'>δε</span> <span class='ocrx_word' id='word_1_111' title='bbox 595 922 658 956; x_wconf 84' lang='lat' dir='ltr'>alia</span> <span class='ocrx_word' id='word_1_112' title='bbox 670 921 876 957; x_wconf 84' lang='lat' dir='ltr'>Charismata</span> <span class='ocrx_word' id='word_1_113' title='bbox 886 947 893 955; x_wconf 84' lang='lat'><em>.</em></span> <span class='ocrx_word' id='word_1_114' title='bbox 923 924 1052 959; x_wconf 86' lang='lat' dir='ltr'>Eodem</span> <span class='ocrx_word' id='word_1_115' title='bbox 1064 936 1134 959; x_wconf 88' lang='lat' dir='ltr'>mo-</span> 
     </span>
     <span class='ocr_line' id='line_1_22' title="bbox 246 968 1132 1021; baseline 0.007 -17"><span class='ocrx_word' id='word_1_116' title='bbox 246 968 292 1004; x_wconf 88' lang='lat' dir='ltr'>do</span> <span class='ocrx_word' id='word_1_117' title='bbox 304 968 476 1013; x_wconf 87' lang='lat' dir='ltr'>postquam</span> <span class='ocrx_word' id='word_1_118' title='bbox 497 971 585 1006; x_wconf 83' lang='lat' dir='ltr'>avita</span> <span class='ocrx_word' id='word_1_119' title='bbox 607 973 642 1006; x_wconf 90' lang='lat' dir='ltr'>in</span> <span class='ocrx_word' id='word_1_120' title='bbox 660 972 849 1016; x_wconf 86' lang='lat' dir='ltr'>adjurandis</span> <span class='ocrx_word' id='word_1_121' title='bbox 858 975 1047 1009; x_wconf 86' lang='lat' dir='ltr'>Doemoniis</span> <span class='ocrx_word' id='word_1_122' title='bbox 1066 986 1132 1021; x_wconf 75' lang='lat' dir='ltr'>gra·</span> 
     </span>
     <span class='ocr_line' id='line_1_23' title="bbox 244 1019 1132 1068; baseline 0.006 -13"><span class='ocrx_word' id='word_1_123' title='bbox 244 1021 292 1055; x_wconf 82' lang='lat' dir='ltr'>tia</span> <span class='ocrx_word' id='word_1_124' title='bbox 303 1021 402 1064; x_wconf 90' lang='lat' dir='ltr'>coepit</span> <span class='ocrx_word' id='word_1_125' title='bbox 413 1019 563 1055; x_wconf 84' lang='lat' dir='ltr'>vacillare</span> <span class='ocrx_word' id='word_1_126' title='bbox 575 1046 587 1062; x_wconf 92' lang='lat'>,</span> <span class='ocrx_word' id='word_1_127' title='bbox 612 1023 828 1059; x_wconf 86' lang='lat' dir='ltr'>Exorcismos</span> <span class='ocrx_word' id='word_1_128' title='bbox 853 1034 1052 1068; x_wconf 89' lang='lat' dir='ltr'>componere</span> <span class='ocrx_word' id='word_1_129' title='bbox 1064 1050 1075 1066; x_wconf 94' lang='lat'>,</span> <span class='ocrx_word' id='word_1_130' title='bbox 1099 1026 1132 1059; x_wconf 87' lang='lat'>&amp;</span> 
     </span>
     <span class='ocr_line' id='line_1_24' title="bbox 242 1069 1130 1114; baseline 0.006 -9"><span class='ocrx_word' id='word_1_131' title='bbox 242 1069 382 1114; x_wconf 84' lang='lat' dir='ltr'>adipsos</span> <span class='ocrx_word' id='word_1_132' title='bbox 401 1081 444 1104; x_wconf 84' lang='lat' dir='ltr'>ex</span> <span class='ocrx_word' id='word_1_133' title='bbox 454 1072 556 1105; x_wconf 85' lang='lat' dir='ltr'>totius</span> <span class='ocrx_word' id='word_1_134' title='bbox 571 1071 830 1109; x_wconf 87' lang='lat' dir='ltr'>Christianitatis</span> <span class='ocrx_word' id='word_1_135' title='bbox 858 1076 912 1109; x_wconf 90' lang='lat' dir='ltr'>seu</span> <span class='ocrx_word' id='word_1_136' title='bbox 937 1076 1130 1110; x_wconf 68' lang='lat' dir='ltr'>Sanctorum</span> 
     </span>
     <span class='ocr_line' id='line_1_25' title="bbox 242 1120 1131 1167; baseline 0.006 -12"><span class='ocrx_word' id='word_1_137' title='bbox 242 1120 502 1155; x_wconf 73' lang='lat' dir='ltr'>Communionis</span> <span class='ocrx_word' id='word_1_138' title='bbox 542 1123 679 1165; x_wconf 85' lang='lat' dir='ltr'>persona</span> <span class='ocrx_word' id='word_1_139' title='bbox 721 1124 880 1160; x_wconf 86' lang='lat' dir='ltr'>dicendos</span> <span class='ocrx_word' id='word_1_140' title='bbox 913 1127 1101 1160; x_wconf 88' lang='lat' dir='ltr'>consecrare</span> <span class='ocrx_word' id='word_1_141' title='bbox 1121 1151 1131 1167; x_wconf 89' lang='lat'>‚</span> 
     </span>
     <span class='ocr_line' id='line_1_26' title="bbox 241 1170 1129 1219; baseline 0.007 -15"><span class='ocrx_word' id='word_1_142' title='bbox 241 1182 298 1205; x_wconf 85' lang='lat' dir='ltr'>aut</span> <span class='ocrx_word' id='word_1_143' title='bbox 311 1170 463 1214; x_wconf 86' lang='lat' dir='ltr'>deputare</span> <span class='ocrx_word' id='word_1_144' title='bbox 486 1170 672 1207; x_wconf 82' lang='lat' dir='ltr'>Exorcistas</span> <span class='ocrx_word' id='word_1_145' title='bbox 684 1174 831 1209; x_wconf 86' lang='lat' dir='ltr'>Clericos</span> <span class='ocrx_word' id='word_1_146' title='bbox 850 1175 950 1219; x_wconf 84' lang='lat' dir='ltr'>coepit</span> <span class='ocrx_word' id='word_1_147' title='bbox 964 1176 1104 1210; x_wconf 72' lang='lat' dir='ltr'>Ecclesia</span> <span class='ocrx_word' id='word_1_148' title='bbox 1118 1190 1129 1210; x_wconf 91' lang='lat'>.·</span> 
     </span>
     <span class='ocr_line' id='line_1_27' title="bbox 239 1219 1126 1268; baseline 0.008 -15"><span class='ocrx_word' id='word_1_149' title='bbox 239 1219 285 1255; x_wconf 88' lang='lat' dir='ltr'>Et</span> <span class='ocrx_word' id='word_1_150' title='bbox 293 1221 382 1265; x_wconf 84' lang='lat' dir='ltr'>quod</span> <span class='ocrx_word' id='word_1_151' title='bbox 394 1220 519 1255; x_wconf 88' lang='lat' dir='ltr'>dudum</span> <span class='ocrx_word' id='word_1_152' title='bbox 531 1233 585 1264; x_wconf 88' lang='lat' dir='ltr'>per</span> <span class='ocrx_word' id='word_1_153' title='bbox 599 1223 809 1261; x_wconf 86' lang='lat' dir='ltr'>infallibilem</span> <span class='ocrx_word' id='word_1_154' title='bbox 824 1226 1016 1268; x_wconf 76' lang='lat' dir='ltr'>potestatem</span> <span class='ocrx_word' id='word_1_155' title='bbox 1031 1225 1126 1260; x_wconf 88' lang='lat' dir='ltr'>dede·</span> 
     </span>
     <span class='ocr_line' id='line_1_28' title="bbox 237 1270 1126 1316; baseline 0.008 -13"><span class='ocrx_word' id='word_1_156' title='bbox 237 1280 289 1305; x_wconf 79' lang='lat' dir='ltr'>rat</span> <span class='ocrx_word' id='word_1_157' title='bbox 302 1293 314 1311; x_wconf 80' lang='lat'><strong>,</strong></span> <span class='ocrx_word' id='word_1_158' title='bbox 338 1271 403 1314; x_wconf 84' lang='lat' dir='ltr'>jam</span> <span class='ocrx_word' id='word_1_159' title='bbox 415 1282 469 1315; x_wconf 87' lang='lat' dir='ltr'>per</span> <span class='ocrx_word' id='word_1_160' title='bbox 480 1270 634 1307; x_wconf 84' lang='lat' dir='ltr'>fallibiles</span> <span class='ocrx_word' id='word_1_161' title='bbox 646 1285 754 1316; x_wconf 86' lang='lat' dir='ltr'>preces</span> <span class='ocrx_word' id='word_1_162' title='bbox 771 1275 790 1309; x_wconf 72' lang='lat' dir='ltr'>a</span> <span class='ocrx_word' id='word_1_163' title='bbox 804 1275 928 1309; x_wconf 86' lang='lat' dir='ltr'>Divina</span> <span class='ocrx_word' id='word_1_164' title='bbox 940 1276 1126 1311; x_wconf 84' lang='lat' dir='ltr'>Clementia</span> 
     </span>
     <span class='ocr_line' id='line_1_29' title="bbox 234 1321 1124 1365; baseline 0.006 -11"><span class='ocrx_word' id='word_1_165' title='bbox 234 1321 432 1364; x_wconf 50' lang='lat' dir='ltr'>supplicare:</span> <span class='ocrx_word' id='word_1_166' title='bbox 462 1321 583 1355; x_wconf 80' lang='lat' dir='ltr'>Latina</span> <span class='ocrx_word' id='word_1_167' title='bbox 597 1325 799 1358; x_wconf 87' lang='lat' dir='ltr'>consecravit</span> <span class='ocrx_word' id='word_1_168' title='bbox 814 1349 825 1365; x_wconf 88' lang='lat'><strong>,</strong></span> <span class='ocrx_word' id='word_1_169' title='bbox 854 1325 966 1359; x_wconf 81' lang='lat' dir='ltr'>Graeca</span> <span class='ocrx_word' id='word_1_170' title='bbox 984 1325 1124 1359; x_wconf 80' lang='lat' dir='ltr'>Ecclesia</span> 
     </span>
     <span class='ocr_line' id='line_1_30' title="bbox 235 1368 1126 1416; baseline 0.004 -11"><span class='ocrx_word' id='word_1_171' title='bbox 235 1370 416 1405; x_wconf 81' lang='lat' dir='ltr'>dumtaxat·</span> <span class='ocrx_word' id='word_1_172' title='bbox 425 1368 593 1413; x_wconf 83' lang='lat' dir='ltr'>deputavit</span> <span class='ocrx_word' id='word_1_173' title='bbox 618 1372 802 1407; x_wconf 86' lang='lat' dir='ltr'>Exorcistas</span> <span class='ocrx_word' id='word_1_174' title='bbox 815 1386 827 1406; x_wconf 87' lang='grc'>.·</span> <span class='ocrx_word' id='word_1_175' title='bbox 858 1374 1012 1416; x_wconf 84' lang='lat' dir='ltr'>Utraque</span> <span class='ocrx_word' id='word_1_176' title='bbox 1040 1375 1126 1409; x_wconf 86' lang='lat' dir='ltr'>istud</span> 
     </span>
     <span class='ocr_line' id='line_1_31' title="bbox 232 1419 1125 1472; baseline 0.007 -19"><span class='ocrx_word' id='word_1_177' title='bbox 232 1429 318 1464; x_wconf 81' lang='lat' dir='ltr'>opus</span> <span class='ocrx_word' id='word_1_178' title='bbox 329 1420 421 1453; x_wconf 87' lang='lat' dir='ltr'>laicis</span> <span class='ocrx_word' id='word_1_179' title='bbox 431 1419 537 1464; x_wconf 77' lang='lat' dir='ltr'>rigide</span> <span class='ocrx_word' id='word_1_180' title='bbox 549 1421 745 1456; x_wconf 82' lang='lat' dir='ltr'>interdixit.</span> <span class='ocrx_word' id='word_1_181' title='bbox 774 1424 879 1472; x_wconf 84' lang='lat' dir='ltr'>Qod</span> <span class='ocrx_word' id='word_1_182' title='bbox 895 1435 952 1459; x_wconf 89' lang='lat' dir='ltr'>eos</span> <span class='ocrx_word' id='word_1_183' title='bbox 966 1425 1125 1460; x_wconf 86' lang='lat' dir='ltr'>Africana</span> 
     </span>
     <span class='ocr_line' id='line_1_32' title="bbox 233 1469 1125 1518; baseline 0.007 -14"><span class='ocrx_word' id='word_1_184' title='bbox 233 1470 377 1506; x_wconf 84' lang='lat' dir='ltr'>Ecclesia</span> <span class='ocrx_word' id='word_1_185' title='bbox 389 1469 429 1505; x_wconf 91' lang='lat' dir='ltr'>ad</span> <span class='ocrx_word' id='word_1_186' title='bbox 442 1469 660 1513; x_wconf 86' lang='lat' dir='ltr'>imponendas</span> <span class='ocrx_word' id='word_1_187' title='bbox 673 1472 911 1518; x_wconf 87' lang='lat' dir='ltr'>Energumenis</span> <span class='ocrx_word' id='word_1_188' title='bbox 921 1486 1038 1510; x_wconf 89' lang='lat' dir='ltr'>manus</span> <span class='ocrx_word' id='word_1_189' title='bbox 1048 1486 1125 1510; x_wconf 90' lang='lat' dir='ltr'>con-</span> 
     </span>
     <span class='ocr_line' id='line_1_33' title="bbox 232 1519 1124 1570; baseline 0.004 -16"><span class='ocrx_word' id='word_1_190' title='bbox 232 1519 362 1555; x_wconf 80' lang='lat' dir='ltr'>secrarit</span> <span class='ocrx_word' id='word_1_191' title='bbox 374 1540 394 1561; x_wconf 63' lang='lat' dir='ltr'>=,v</span> <span class='ocrx_word' id='word_1_192' title='bbox 413 1521 499 1554; x_wconf 85' lang='lat' dir='ltr'>lucet</span> <span class='ocrx_word' id='word_1_193' title='bbox 511 1531 552 1554; x_wconf 84' lang='lat' dir='ltr'>ex</span> <span class='ocrx_word' id='word_1_194' title='bbox 565 1531 677 1565; x_wconf 85' lang='lat' dir='ltr'>quarta</span> <span class='ocrx_word' id='word_1_195' title='bbox 698 1524 837 1566; x_wconf 90' lang='lat' dir='ltr'>Synodo</span> <span class='ocrx_word' id='word_1_196' title='bbox 852 1524 1101 1570; x_wconf 75' lang='lat' dir='ltr'>Carthaginensi</span> <span class='ocrx_word' id='word_1_197' title='bbox 1116 1550 1124 1558; x_wconf 87' lang='lat'><strong>.</strong></span> 
     </span>
    </p>
   </div>
   <div class='ocr_carea' id='block_1_10' title="bbox 233 1569 1151 1618">
    <p class='ocr_par' dir='ltr' id='par_1_10' title="bbox 233 1569 1151 1618">
     <span class='ocr_line' id='line_1_34' title="bbox 233 1569 1151 1618; baseline 0.004 -13"><span class='ocrx_word' id='word_1_198' title='bbox 233 1571 338 1605; x_wconf 83' lang='lat' dir='ltr'>Graeci</span> <span class='ocrx_word' id='word_1_199' title='bbox 363 1571 493 1604; x_wconf 87' lang='lat' dir='ltr'>nullum</span> <span class='ocrx_word' id='word_1_200' title='bbox 515 1569 658 1612; x_wconf 82' lang='lat' dir='ltr'>habent,</span> <span class='ocrx_word' id='word_1_201' title='bbox 684 1584 746 1607; x_wconf 88' lang='lat' dir='ltr'>nec</span> <span class='ocrx_word' id='word_1_202' title='bbox 767 1585 912 1618; x_wconf 82' lang='lat' dir='ltr'>unquam</span> <span class='ocrx_word' id='word_1_203' title='bbox 937 1574 1122 1610; x_wconf 88' lang='lat' dir='ltr'>habuerunt</span> <span class='ocrx_word' id='word_1_204' title='bbox 1149 1591 1151 1594; x_wconf 93' lang='lat'>·</span> 
     </span>
    </p>
   </div>
   <div class='ocr_carea' id='block_1_11' title="bbox 230 1621 1124 1916">
    <p class='ocr_par' dir='ltr' id='par_1_11' title="bbox 230 1621 1124 1916">
     <span class='ocr_line' id='line_1_35' title="bbox 230 1621 1124 1662; baseline 0.003 -6"><span class='ocrx_word' id='word_1_205' title='bbox 230 1621 393 1656; x_wconf 84' lang='lat' dir='ltr'>minorem</span> <span class='ocrx_word' id='word_1_206' title='bbox 405 1621 584 1662; x_wconf 89' lang='lat' dir='ltr'>Ordinem,</span> <span class='ocrx_word' id='word_1_207' title='bbox 601 1623 659 1655; x_wconf 86' lang='lat' dir='ltr'>nisi</span> <span class='ocrx_word' id='word_1_208' title='bbox 673 1623 779 1658; x_wconf 90' lang='lat' dir='ltr'>solum</span> <span class='ocrx_word' id='word_1_209' title='bbox 789 1625 997 1659; x_wconf 70' lang='lat' dir='ltr'>Lectoratum</span> <span class='ocrx_word' id='word_1_210' title='bbox 1007 1639 1018 1659; x_wconf 90' lang='grc'>.·</span> <span class='ocrx_word' id='word_1_211' title='bbox 1032 1625 1124 1659; x_wconf 89' lang='lat' dir='ltr'>Hinc</span> 
     </span>
     <span class='ocr_line' id='line_1_36' title="bbox 231 1671 1121 1719; baseline 0.004 -13"><span class='ocrx_word' id='word_1_212' title='bbox 231 1672 321 1716; x_wconf 64' lang='lat' dir='ltr'>apud</span> <span class='ocrx_word' id='word_1_213' title='bbox 331 1672 418 1715; x_wconf 87' lang='lat' dir='ltr'>ipsos</span> <span class='ocrx_word' id='word_1_214' title='bbox 429 1683 563 1706; x_wconf 87' lang='lat' dir='ltr'>manum</span> <span class='ocrx_word' id='word_1_215' title='bbox 575 1671 669 1707; x_wconf 85' lang='lat' dir='ltr'>istam</span> <span class='ocrx_word' id='word_1_216' title='bbox 683 1674 744 1708; x_wconf 90' lang='lat' dir='ltr'>soli</span> <span class='ocrx_word' id='word_1_217' title='bbox 758 1676 882 1718; x_wconf 86' lang='lat' dir='ltr'>semper</span> <span class='ocrx_word' id='word_1_218' title='bbox 896 1675 1121 1719; x_wconf 86' lang='lat' dir='ltr'>imposuerunt</span> 
     </span>
     <span class='ocr_line' id='line_1_37' title="bbox 232 1720 1121 1760; baseline 0.007 -6"><span class='ocrx_word' id='word_1_219' title='bbox 232 1723 421 1756; x_wconf 82' lang='lat' dir='ltr'>Sacerdotes</span> <span class='ocrx_word' id='word_1_220' title='bbox 444 1747 451 1753; x_wconf 90' lang='lat'><em>.</em></span> <span class='ocrx_word' id='word_1_221' title='bbox 479 1720 620 1756; x_wconf 78' lang='lat' dir='ltr'>Laudari</span> <span class='ocrx_word' id='word_1_222' title='bbox 645 1724 736 1757; x_wconf 89' lang='lat' dir='ltr'>enim</span> <span class='ocrx_word' id='word_1_223' title='bbox 762 1725 946 1760; x_wconf 87' lang='lat' dir='ltr'>Laodiceni</span> <span class='ocrx_word' id='word_1_224' title='bbox 969 1725 1121 1760; x_wconf 88' lang='lat' dir='ltr'>Canonis</span> 
     </span>
     <span class='ocr_line' id='line_1_38' title="bbox 234 1769 1120 1817; baseline 0.005 -12"><span class='ocrx_word' id='word_1_225' title='bbox 234 1772 331 1805; x_wconf 80' lang='lat' dir='ltr'>verba</span> <span class='ocrx_word' id='word_1_226' title='bbox 352 1795 362 1810; x_wconf 87' lang='lat'>‚</span> <span class='ocrx_word' id='word_1_227' title='bbox 388 1773 453 1814; x_wconf 74' lang='lat' dir='ltr'>,Qui</span> <span class='ocrx_word' id='word_1_228' title='bbox 474 1782 530 1804; x_wconf 82' lang='lat' dir='ltr'>non</span> <span class='ocrx_word' id='word_1_229' title='bbox 548 1769 623 1813; x_wconf 83' lang='lat' dir='ltr'>sunt</span> <span class='ocrx_word' id='word_1_230' title='bbox 642 1771 680 1804; x_wconf 84' lang='lat' dir='ltr'>ab</span> <span class='ocrx_word' id='word_1_231' title='bbox 704 1773 861 1816; x_wconf 68' lang='lat' dir='ltr'>Epist-opis</span> <span class='ocrx_word' id='word_1_232' title='bbox 883 1776 1018 1809; x_wconf 69' lang='lat' dir='ltr'>ordinati</span> <span class='ocrx_word' id='word_1_233' title='bbox 1047 1801 1058 1817; x_wconf 89' lang='lat'><strong>,</strong></span> <span class='ocrx_word' id='word_1_234' title='bbox 1086 1775 1120 1809; x_wconf 88' lang='lat' dir='ltr'>in</span> 
     </span>
     <span class='ocr_line' id='line_1_39' title="bbox 235 1821 1121 1864; baseline 0.003 -8"><span class='ocrx_word' id='word_1_235' title='bbox 235 1823 352 1856; x_wconf 88' lang='lat' dir='ltr'>Graeco</span> <span class='ocrx_word' id='word_1_236' title='bbox 370 1821 519 1854; x_wconf 85' lang='lat' dir='ltr'>sermone</span> <span class='ocrx_word' id='word_1_237' title='bbox 543 1830 747 1864; x_wconf 85' lang='lat' dir='ltr'>nequaquam</span> <span class='ocrx_word' id='word_1_238' title='bbox 759 1825 1043 1858; x_wconf 87' lang='lat' dir='ltr'>consecrationem</span> <span class='ocrx_word' id='word_1_239' title='bbox 1062 1826 1121 1858; x_wconf 91' lang='lat' dir='ltr'>im-</span> 
     </span>
     <span class='ocr_line' id='line_1_40' title="bbox 234 1868 1120 1916; baseline 0.002 -10"><span class='ocrx_word' id='word_1_240' title='bbox 234 1879 365 1916; x_wconf 81' lang='lat' dir='ltr'>portant</span> <span class='ocrx_word' id='word_1_241' title='bbox 379 1895 390 1911; x_wconf 91' lang='lat'>,</span> <span class='ocrx_word' id='word_1_242' title='bbox 415 1870 468 1903; x_wconf 88' lang='lat' dir='ltr'>sed</span> <span class='ocrx_word' id='word_1_243' title='bbox 482 1870 584 1903; x_wconf 86' lang='lat' dir='ltr'>solam</span> <span class='ocrx_word' id='word_1_244' title='bbox 595 1868 845 1914; x_wconf 80' lang='lat' dir='ltr'>deputationern</span> <span class='ocrx_word' id='word_1_245' title='bbox 855 1897 862 1905; x_wconf 90' lang='lat'><em>.</em></span> <span class='ocrx_word' id='word_1_246' title='bbox 893 1873 1041 1908; x_wconf 86' lang='lat' dir='ltr'>Eandem</span> <span class='ocrx_word' id='word_1_247' title='bbox 1056 1875 1120 1908; x_wconf 90' lang='lat' dir='ltr'>for·</span> 
     </span>
    </p>
   </div>
   <div class='ocr_carea' id='block_1_12' title="bbox 234 1918 1146 1957">
    <p class='ocr_par' dir='ltr' id='par_1_12' title="bbox 234 1918 1146 1957">
     <span class='ocr_line' id='line_1_41' title="bbox 234 1918 1146 1957; baseline 0.001 -1"><span class='ocrx_word' id='word_1_248' title='bbox 234 1932 323 1956; x_wconf 83' lang='lat' dir='ltr'>mam</span> <span class='ocrx_word' id='word_1_249' title='bbox 343 1918 468 1954; x_wconf 81' lang='lat' dir='ltr'>dudum</span> <span class='ocrx_word' id='word_1_250' title='bbox 485 1919 579 1952; x_wconf 79' lang='lat' dir='ltr'>fuisse</span> <span class='ocrx_word' id='word_1_251' title='bbox 601 1921 754 1954; x_wconf 84' lang='lat' dir='ltr'>servaram</span> <span class='ocrx_word' id='word_1_252' title='bbox 774 1921 809 1954; x_wconf 91' lang='lat' dir='ltr'>in</span> <span class='ocrx_word' id='word_1_253' title='bbox 836 1921 989 1956; x_wconf 86' lang='lat' dir='ltr'>Romana</span> <span class='ocrx_word' id='word_1_254' title='bbox 1010 1923 1118 1957; x_wconf 90' lang='lat' dir='ltr'>Eccle-</span> <span class='ocrx_word' id='word_1_255' title='bbox 1144 1946 1146 1949; x_wconf 65' lang='grc'>«</span> 
     </span>
    </p>
   </div>
   <div class='ocr_carea' id='block_1_13' title="bbox 233 1968 1123 2617">
    <p class='ocr_par' dir='ltr' id='par_1_13' title="bbox 233 1968 1123 2617">
     <span class='ocr_line' id='line_1_42' title="bbox 236 1968 1120 2014; baseline 0.001 -10"><span class='ocrx_word' id='word_1_256' title='bbox 236 1970 280 2006; x_wconf 82' lang='lat' dir='ltr'>fia</span> <span class='ocrx_word' id='word_1_257' title='bbox 291 1992 301 2012; x_wconf 80' lang='grc'><strong>,</strong></span> <span class='ocrx_word' id='word_1_258' title='bbox 328 1968 530 2005; x_wconf 83' lang='lat' dir='ltr'>demonstrat</span> <span class='ocrx_word' id='word_1_259' title='bbox 540 1968 678 2012; x_wconf 83' lang='lat' dir='ltr'>epistola</span> <span class='ocrx_word' id='word_1_260' title='bbox 695 1970 884 2004; x_wconf 87' lang='lat' dir='ltr'>lnuocentii</span> <span class='ocrx_word' id='word_1_261' title='bbox 897 1971 993 2014; x_wconf 88' lang='lat' dir='ltr'>primi</span> <span class='ocrx_word' id='word_1_262' title='bbox 1004 1970 1120 2006; x_wconf 88' lang='lat' dir='ltr'>Ponti-</span> 
     </span>
     <span class='ocr_line' id='line_1_43' title="bbox 233 2019 1034 2064; baseline -0.002 -9"><span class='ocrx_word' id='word_1_263' title='bbox 233 2020 305 2056; x_wconf 77' lang='lat' dir='ltr'>ficis</span> <span class='ocrx_word' id='word_1_264' title='bbox 315 2020 355 2055; x_wconf 92' lang='lat' dir='ltr'>ad</span> <span class='ocrx_word' id='word_1_265' title='bbox 373 2019 575 2054; x_wconf 85' lang='lat' dir='ltr'>Decentium</span> <span class='ocrx_word' id='word_1_266' title='bbox 590 2019 789 2063; x_wconf 85' lang='lat' dir='ltr'>Episcopum</span> <span class='ocrx_word' id='word_1_267' title='bbox 802 2019 1015 2064; x_wconf 88' lang='lat' dir='ltr'>Eugubinum</span> <span class='ocrx_word' id='word_1_268' title='bbox 1026 2045 1034 2053; x_wconf 92' lang='lat'><em>.</em></span> 
     </span>
     <span class='ocr_line' id='line_1_44' title="bbox 286 2068 1118 2115; baseline -0.001 -9"><span class='ocrx_word' id='word_1_269' title='bbox 286 2071 457 2106; x_wconf 88' lang='lat' dir='ltr'>Dominus</span> <span class='ocrx_word' id='word_1_270' title='bbox 478 2068 640 2103; x_wconf 87' lang='lat' dir='ltr'>Nicolaus</span> <span class='ocrx_word' id='word_1_271' title='bbox 661 2070 822 2105; x_wconf 83' lang='lat' dir='ltr'>Aletenfis</span> <span class='ocrx_word' id='word_1_272' title='bbox 847 2071 1029 2115; x_wconf 88' lang='lat' dir='ltr'>Episcopus</span> <span class='ocrx_word' id='word_1_273' title='bbox 1051 2082 1118 2105; x_wconf 89' lang='lat' dir='ltr'>non</span> 
     </span>
     <span class='ocr_line' id='line_1_45' title="bbox 234 2118 1121 2165; baseline -0.003 -8"><span class='ocrx_word' id='word_1_274' title='bbox 234 2120 279 2157; x_wconf 83' lang='lat' dir='ltr'>ita</span> <span class='ocrx_word' id='word_1_275' title='bbox 294 2121 419 2165; x_wconf 89' lang='lat' dir='ltr'>pridem</span> <span class='ocrx_word' id='word_1_276' title='bbox 445 2119 549 2154; x_wconf 85' lang='lat' dir='ltr'>edidit</span> <span class='ocrx_word' id='word_1_277' title='bbox 561 2118 693 2154; x_wconf 85' lang='lat' dir='ltr'>Scholia</span> <span class='ocrx_word' id='word_1_278' title='bbox 710 2122 744 2154; x_wconf 91' lang='lat' dir='ltr'>in</span> <span class='ocrx_word' id='word_1_279' title='bbox 769 2121 937 2156; x_wconf 84' lang='lat' dir='ltr'>Ritualem</span> <span class='ocrx_word' id='word_1_280' title='bbox 962 2121 1121 2155; x_wconf 85' lang='lat' dir='ltr'>Romanae</span> 
     </span>
     <span class='ocr_line' id='line_1_46' title="bbox 234 2170 1121 2213; baseline -0.002 -6"><span class='ocrx_word' id='word_1_281' title='bbox 234 2172 383 2207; x_wconf 84' lang='lat' dir='ltr'>Ecclefiae</span> <span class='ocrx_word' id='word_1_282' title='bbox 393 2171 511 2204; x_wconf 87' lang='lat' dir='ltr'>librum</span> <span class='ocrx_word' id='word_1_283' title='bbox 525 2190 536 2209; x_wconf 85' lang='lat'><strong>,</strong></span> <span class='ocrx_word' id='word_1_284' title='bbox 562 2179 632 2213; x_wconf 84' lang='lat' dir='ltr'>quae</span> <span class='ocrx_word' id='word_1_285' title='bbox 661 2170 816 2205; x_wconf 87' lang='lat' dir='ltr'>Clemens</span> <span class='ocrx_word' id='word_1_286' title='bbox 840 2182 948 2206; x_wconf 88' lang='lat' dir='ltr'>nonus</span> <span class='ocrx_word' id='word_1_287' title='bbox 961 2171 1041 2206; x_wconf 78' lang='lat' dir='ltr'>dure</span> <span class='ocrx_word' id='word_1_288' title='bbox 1061 2170 1121 2205; x_wconf 80' lang='lat' dir='ltr'>da-</span> 
     </span>
     <span class='ocr_line' id='line_1_47' title="bbox 234 2220 1117 2268; baseline -0.002 -11"><span class='ocrx_word' id='word_1_289' title='bbox 234 2224 363 2257; x_wconf 86' lang='lat' dir='ltr'>mnavit</span> <span class='ocrx_word' id='word_1_290' title='bbox 375 2246 382 2253; x_wconf 91' lang='lat'>.</span> <span class='ocrx_word' id='word_1_291' title='bbox 411 2220 537 2254; x_wconf 89' lang='lat' dir='ltr'>Omnia</span> <span class='ocrx_word' id='word_1_292' title='bbox 548 2222 746 2264; x_wconf 85' lang='lat' dir='ltr'>exemplaria</span> <span class='ocrx_word' id='word_1_293' title='bbox 762 2221 943 2268; x_wconf 86' lang='lat' dir='ltr'>proscripsit</span> <span class='ocrx_word' id='word_1_294' title='bbox 956 2223 997 2257; x_wconf 88' lang='lat' dir='ltr'>ad</span> <span class='ocrx_word' id='word_1_295' title='bbox 1010 2222 1117 2266; x_wconf 89' lang='lat' dir='ltr'>ignes.</span> 
     </span>
     <span class='ocr_line' id='line_1_48' title="bbox 234 2270 1123 2316; baseline -0.004 -8"><span class='ocrx_word' id='word_1_296' title='bbox 234 2272 326 2308; x_wconf 74' lang='lat' dir='ltr'>Interv</span> <span class='ocrx_word' id='word_1_297' title='bbox 345 2270 589 2316; x_wconf 85' lang='lat' dir='ltr'>proscriptionis</span> <span class='ocrx_word' id='word_1_298' title='bbox 609 2273 718 2306; x_wconf 82' lang='lat' dir='ltr'>causas</span> <span class='ocrx_word' id='word_1_299' title='bbox 731 2272 826 2315; x_wconf 86' lang='lat' dir='ltr'>poffit</span> <span class='ocrx_word' id='word_1_300' title='bbox 854 2272 946 2306; x_wconf 77' lang='lat' dir='ltr'>fuisse</span> <span class='ocrx_word' id='word_1_301' title='bbox 968 2271 1067 2307; x_wconf 86' lang='lat' dir='ltr'>&amp;hic</span> <span class='ocrx_word' id='word_1_302' title='bbox 1078 2282 1123 2305; x_wconf 84' lang='lat' dir='ltr'>ar-</span> 
     </span>
     <span class='ocr_line' id='line_1_49' title="bbox 235 2319 1123 2366; baseline -0.003 -8"><span class='ocrx_word' id='word_1_303' title='bbox 235 2323 357 2358; x_wconf 89' lang='lat' dir='ltr'>ticulos</span> <span class='ocrx_word' id='word_1_304' title='bbox 373 2334 386 2356; x_wconf 83' lang='lat'><em>:</em></span> <span class='ocrx_word' id='word_1_305' title='bbox 411 2322 583 2363; x_wconf 81' lang='lat' dir='ltr'>Expediret</span> <span class='ocrx_word' id='word_1_306' title='bbox 600 2346 611 2362; x_wconf 83' lang='lat'>,</span> <span class='ocrx_word' id='word_1_307' title='bbox 638 2332 671 2355; x_wconf 85' lang='lat' dir='ltr'>ut</span> <span class='ocrx_word' id='word_1_308' title='bbox 696 2322 966 2366; x_wconf 65' lang='lat' dir='ltr'>energumenorum</span> <span class='ocrx_word' id='word_1_309' title='bbox 988 2319 1123 2364; x_wconf 78' lang='lat' dir='ltr'>Exercis·</span> 
     </span>
     <span class='ocr_line' id='line_1_50' title="bbox 236 2371 1123 2415; baseline -0.003 -7"><span class='ocrx_word' id='word_1_310' title='bbox 236 2381 278 2408; x_wconf 83' lang='lat' dir='ltr'>mi</span> <span class='ocrx_word' id='word_1_311' title='bbox 299 2375 438 2414; x_wconf 81' lang='lat' dir='ltr'>delnceps</span> <span class='ocrx_word' id='word_1_312' title='bbox 463 2382 520 2405; x_wconf 88' lang='lat' dir='ltr'>non</span> <span class='ocrx_word' id='word_1_313' title='bbox 535 2371 644 2414; x_wconf 82' lang='lat' dir='ltr'>fierent</span> <span class='ocrx_word' id='word_1_314' title='bbox 661 2378 719 2414; x_wconf 81' lang='lat' dir='ltr'>per</span> <span class='ocrx_word' id='word_1_315' title='bbox 742 2373 932 2412; x_wconf 83' lang='lat' dir='ltr'>Presbyteros</span> <span class='ocrx_word' id='word_1_316' title='bbox 954 2396 964 2413; x_wconf 87' lang='lat'><strong><em>‚</em></strong></span> <span class='ocrx_word' id='word_1_317' title='bbox 985 2371 1046 2415; x_wconf 87' lang='lat' dir='ltr'>sed</span> <span class='ocrx_word' id='word_1_318' title='bbox 1068 2381 1123 2414; x_wconf 79' lang='lat' dir='ltr'>per</span> 
     </span>
     <span class='ocr_line' id='line_1_51' title="bbox 238 2421 1122 2466; baseline -0.005 -8"><span class='ocrx_word' id='word_1_319' title='bbox 238 2430 364 2458; x_wconf 81' lang='lat' dir='ltr'>minores</span> <span class='ocrx_word' id='word_1_320' title='bbox 380 2422 509 2457; x_wconf 76' lang='lat' dir='ltr'>clericos</span> <span class='ocrx_word' id='word_1_321' title='bbox 525 2421 700 2462; x_wconf 75' lang='lat' dir='ltr'>exorcistas.</span> <span class='ocrx_word' id='word_1_322' title='bbox 730 2423 817 2466; x_wconf 70' lang='lat' dir='ltr'>,Quia</span> <span class='ocrx_word' id='word_1_323' title='bbox 839 2424 909 2456; x_wconf 84' lang='lat' dir='ltr'>dum</span> <span class='ocrx_word' id='word_1_324' title='bbox 926 2431 982 2465; x_wconf 81' lang='lat' dir='ltr'>per</span> <span class='ocrx_word' id='word_1_325' title='bbox 1005 2422 1122 2460; x_wconf 72' lang='lat' dir='ltr'>Presby-</span> 
     </span>
     <span class='ocr_line' id='line_1_52' title="bbox 238 2471 1122 2515; baseline -0.002 -8"><span class='ocrx_word' id='word_1_326' title='bbox 238 2482 335 2507; x_wconf 80' lang='lat' dir='ltr'>terum</span> <span class='ocrx_word' id='word_1_327' title='bbox 344 2472 422 2515; x_wconf 78' lang='lat' dir='ltr'>fiune</span> <span class='ocrx_word' id='word_1_328' title='bbox 436 2497 447 2512; x_wconf 91' lang='lat'><strong>,</strong></span> <span class='ocrx_word' id='word_1_329' title='bbox 476 2475 586 2506; x_wconf 73' lang='lat' dir='ltr'>nimius</span> <span class='ocrx_word' id='word_1_330' title='bbox 601 2471 690 2506; x_wconf 86' lang='lat' dir='ltr'>bonor</span> <span class='ocrx_word' id='word_1_331' title='bbox 701 2475 883 2515; x_wconf 65' lang='lat' dir='ltr'>impendItur</span> <span class='ocrx_word' id='word_1_332' title='bbox 897 2473 1022 2506; x_wconf 77' lang='lat' dir='ltr'>Diabolo</span> <span class='ocrx_word' id='word_1_333' title='bbox 1033 2495 1040 2504; x_wconf 80' lang='grc'><strong>.</strong></span> <span class='ocrx_word' id='word_1_334' title='bbox 1066 2472 1122 2505; x_wconf 86' lang='lat' dir='ltr'>Est</span> 
     </span>
     <span class='ocr_line' id='line_1_53' title="bbox 240 2522 1123 2564; baseline -0.002 -7"><span class='ocrx_word' id='word_1_335' title='bbox 240 2524 397 2557; x_wconf 82' lang='lat' dir='ltr'>articulus</span> <span class='ocrx_word' id='word_1_336' title='bbox 419 2533 572 2557; x_wconf 87' lang='lat' dir='ltr'>erroneus</span> <span class='ocrx_word' id='word_1_337' title='bbox 594 2546 605 2563; x_wconf 89' lang='lat'>,</span> <span class='ocrx_word' id='word_1_338' title='bbox 630 2524 788 2558; x_wconf 83' lang='lat' dir='ltr'>ridiculus</span> <span class='ocrx_word' id='word_1_339' title='bbox 808 2547 819 2564; x_wconf 90' lang='lat'>,</span> <span class='ocrx_word' id='word_1_340' title='bbox 844 2522 1026 2558; x_wconf 87' lang='lat' dir='ltr'>contrarius</span> <span class='ocrx_word' id='word_1_341' title='bbox 1044 2522 1123 2556; x_wconf 84' lang='lat' dir='ltr'>anti·</span> 
     </span>
     <span class='ocr_line' id='line_1_54' title="bbox 242 2571 1123 2617; baseline -0.003 -10"><span class='ocrx_word' id='word_1_342' title='bbox 242 2574 316 2617; x_wconf 90' lang='lat' dir='ltr'>quis</span> <span class='ocrx_word' id='word_1_343' title='bbox 338 2571 482 2606; x_wconf 88' lang='lat' dir='ltr'>moribus</span> <span class='ocrx_word' id='word_1_344' title='bbox 506 2573 660 2607; x_wconf 91' lang='lat' dir='ltr'>omnium</span> <span class='ocrx_word' id='word_1_345' title='bbox 687 2574 746 2607; x_wconf 91' lang='lat' dir='ltr'>sub</span> <span class='ocrx_word' id='word_1_346' title='bbox 772 2574 858 2608; x_wconf 86' lang='lat' dir='ltr'>coelo</span> <span class='ocrx_word' id='word_1_347' title='bbox 887 2574 1123 2608; x_wconf 87' lang='lat' dir='ltr'>Ecclefiarum.</span> 
     </span>
    </p>
   </div>
   <div class='ocr_carea' id='block_1_14' title="bbox 242 2621 2098 2665">
    <p class='ocr_par' dir='ltr' id='par_1_14' title="bbox 242 2621 2098 2665">
     <span class='ocr_line' id='line_1_55' title="bbox 242 2621 2098 2665; baseline 0.001 -8"><span class='ocrx_word' id='word_1_348' title='bbox 242 2623 379 2658; x_wconf 86' lang='lat' dir='ltr'>Etenim</span> <span class='ocrx_word' id='word_1_349' title='bbox 404 2632 509 2656; x_wconf 88' lang='lat' dir='ltr'>meam</span> <span class='ocrx_word' id='word_1_350' title='bbox 530 2621 571 2655; x_wconf 91' lang='lat' dir='ltr'>de</span> <span class='ocrx_word' id='word_1_351' title='bbox 583 2621 900 2657; x_wconf 84' lang='lat' dir='ltr'>OrientaliEcclesia</span> <span class='ocrx_word' id='word_1_352' title='bbox 922 2622 1127 2657; x_wconf 69' lang='lat' dir='ltr'>assertionem</span> <span class='ocrx_word' id='word_1_353' title='bbox 1189 2623 1317 2657; x_wconf 87' lang='lat' dir='ltr'>mulum</span> <span class='ocrx_word' id='word_1_354' title='bbox 1342 2621 1600 2655; x_wconf 84' lang='lat' dir='ltr'>exorcizandum</span> <span class='ocrx_word' id='word_1_355' title='bbox 1626 2622 1822 2665; x_wconf 86' lang='lat' dir='ltr'>permoverit</span> <span class='ocrx_word' id='word_1_356' title='bbox 1848 2634 1860 2662; x_wconf 67' lang='lat'>,&#39;</span> <span class='ocrx_word' id='word_1_357' title='bbox 1890 2622 2009 2658; x_wconf 69' lang='lat' dir='ltr'>scribit</span> <span class='ocrx_word' id='word_1_358' title='bbox 2034 2624 2098 2658; x_wconf 49' lang='lat' dir='ltr'>in‘*</span> 
     </span>
    </p>
   </div>
   <div class='ocr_carea' id='block_1_15' title="bbox 244 2668 1130 2769">
    <p class='ocr_par' dir='ltr' id='par_1_15' title="bbox 244 2668 1130 2769">
     <span class='ocr_line' id='line_1_56' title="bbox 248 2668 1130 2708; baseline -0.001 -1"><span class='ocrx_word' id='word_1_359' title='bbox 248 2672 423 2708; x_wconf 84' lang='lat' dir='ltr'>confirmat</span> <span class='ocrx_word' id='word_1_360' title='bbox 436 2672 470 2705; x_wconf 90' lang='lat' dir='ltr'>in</span> <span class='ocrx_word' id='word_1_361' title='bbox 483 2668 617 2705; x_wconf 92' lang='lat' dir='ltr'>eruditis</span> <span class='ocrx_word' id='word_1_362' title='bbox 630 2670 670 2705; x_wconf 91' lang='lat' dir='ltr'>ad</span> <span class='ocrx_word' id='word_1_363' title='bbox 687 2672 778 2706; x_wconf 87' lang='lat' dir='ltr'>istius</span> <span class='ocrx_word' id='word_1_364' title='bbox 802 2672 951 2706; x_wconf 85' lang='lat' dir='ltr'>Ecclefiae</span> <span class='ocrx_word' id='word_1_365' title='bbox 962 2672 1130 2706; x_wconf 90' lang='lat' dir='ltr'>Eucholo·</span> 
     </span>
     <span class='ocr_line' id='line_1_57' title="bbox 244 2720 1128 2769; baseline 0 -13"><span class='ocrx_word' id='word_1_366' title='bbox 244 2724 336 2769; x_wconf 85' lang='lat' dir='ltr'>gium</span> <span class='ocrx_word' id='word_1_367' title='bbox 360 2720 495 2755; x_wconf 86' lang='lat' dir='ltr'>scholiis</span> <span class='ocrx_word' id='word_1_368' title='bbox 508 2720 697 2755; x_wconf 71' lang='lat' dir='ltr'>Graecorum</span> <span class='ocrx_word' id='word_1_369' title='bbox 719 2722 841 2756; x_wconf 86' lang='lat' dir='ltr'>rituum</span> <span class='ocrx_word' id='word_1_370' title='bbox 864 2723 1071 2766; x_wconf 74' lang='lat' dir='ltr'>peritissimus</span> <span class='ocrx_word' id='word_1_371' title='bbox 1082 2722 1128 2766; x_wconf 89' lang='lat' dir='ltr'>Ja-</span> 
     </span>
    </p>
   </div>
   <div class='ocr_carea' id='block_1_16' title="bbox 252 2819 1129 2864">
    <p class='ocr_par' dir='ltr' id='par_1_16' title="bbox 252 2819 1129 2864">
     <span class='ocr_line' id='line_1_58' title="bbox 252 2819 1129 2864; baseline -0.002 -7"><span class='ocrx_word' id='word_1_372' title='bbox 252 2824 412 2858; x_wconf 75' lang='lat' dir='ltr'>traditione</span> <span class='ocrx_word' id='word_1_373' title='bbox 435 2820 507 2864; x_wconf 83' lang='lat' dir='ltr'>sunt</span> <span class='ocrx_word' id='word_1_374' title='bbox 514 2819 570 2863; x_wconf 83' lang='lat' dir='ltr'>soli</span> <span class='ocrx_word' id='word_1_375' title='bbox 582 2823 770 2856; x_wconf 75' lang='lat' dir='ltr'>sacerdotes.</span> <span class='ocrx_word' id='word_1_376' title='bbox 800 2823 845 2856; x_wconf 89' lang='lat' dir='ltr'>Et</span> <span class='ocrx_word' id='word_1_377' title='bbox 866 2824 970 2856; x_wconf 82' lang='lat' dir='ltr'>infra:</span> <span class='ocrx_word' id='word_1_378' title='bbox 1000 2825 1129 2856; x_wconf 78' lang='lat' dir='ltr'>Ordina-</span> 
     </span>
    </p>
   </div>
   <div class='ocr_carea' id='block_1_17' title="bbox 793 136 1145 183">
    <p class='ocr_par' dir='ltr' id='par_1_17' title="bbox 793 136 1145 183">
     <span class='ocr_line' id='line_1_59' title="bbox 793 136 1145 183; baseline 0.003 -2"><span class='ocrx_word' id='word_1_379' title='bbox 793 136 942 183; x_wconf 55' lang='lat' dir='ltr'>jSTc</span> <span class='ocrx_word' id='word_1_380' title='bbox 1011 153 1042 183; x_wconf 81' lang='grc' dir='ltr'><strong>Η</strong></span> <span class='ocrx_word' id='word_1_381' title='bbox 1112 149 1145 182; x_wconf 84' lang='grc'>0</span> 
     </span>
    </p>
   </div>
   <div class='ocr_carea' id='block_1_18' title="bbox 1130 229 1196 2599">
    <p class='ocr_par' dir='ltr' id='par_1_18' title="bbox 1130 229 1196 2599">
     <span class='ocr_line' id='line_1_60' title="bbox 1130 229 1196 2599; baseline 0 0"><span class='ocrx_word' id='word_1_382' title='bbox 1130 891 1158 2599; x_wconf 95' lang='lat' dir='ltr'>       </span> <span class='ocrx_word' id='word_1_383' title='bbox 1169 229 1196 1163; x_wconf 95' lang='lat' dir='ltr'>   </span> 
     </span>
    </p>
   </div>
   <div class='ocr_carea' id='block_1_19' title="bbox 1215 150 1557 184">
    <p class='ocr_par' dir='ltr' id='par_1_19' title="bbox 1215 150 1557 184">
     <span class='ocr_line' id='line_1_61' title="bbox 1215 150 1557 184; baseline 0.009 -3"><span class='ocrx_word' id='word_1_384' title='bbox 1215 150 1557 184; x_wconf 46' lang='lat' dir='ltr'>1⁴10va</span> 
     </span>
    </p>
   </div>
   <div class='ocr_carea' id='block_1_20' title="bbox 1197 220 2082 622">
    <p class='ocr_par' dir='ltr' id='par_1_20' title="bbox 1197 220 2082 622">
     <span class='ocr_line' id='line_1_62' title="bbox 1201 220 2082 274; baseline 0.014 -20"><span class='ocrx_word' id='word_1_385' title='bbox 1201 223 1305 263; x_wconf 78' lang='lat' dir='ltr'>poffine</span> <span class='ocrx_word' id='word_1_386' title='bbox 1310 229 1365 256; x_wconf 80' lang='lat' dir='ltr'>aut</span> <span class='ocrx_word' id='word_1_387' title='bbox 1373 221 1500 257; x_wconf 75' lang='lat' dir='ltr'>debeant</span> <span class='ocrx_word' id='word_1_388' title='bbox 1510 220 1819 270; x_wconf 30' lang='lat' dir='ltr'>consignarisbffiguod*</span> <span class='ocrx_word' id='word_1_389' title='bbox 1832 227 1883 263; x_wconf 84' lang='lat' dir='ltr'>boc</span> <span class='ocrx_word' id='word_1_390' title='bbox 1895 228 1951 272; x_wconf 75' lang='lat' dir='ltr'>nisi</span> <span class='ocrx_word' id='word_1_391' title='bbox 1958 226 2082 274; x_wconf 58' lang='lat' dir='ltr'>&amp;piscis</span> 
     </span>
     <span class='ocr_line' id='line_1_63' title="bbox 1199 271 2081 324; baseline 0.014 -19"><span class='ocrx_word' id='word_1_392' title='bbox 1199 271 1296 315; x_wconf 75' lang='lat' dir='ltr'>scopis</span> <span class='ocrx_word' id='word_1_393' title='bbox 1302 278 1464 316; x_wconf 83' lang='lat' dir='ltr'>praecipere</span> <span class='ocrx_word' id='word_1_394' title='bbox 1489 275 1621 307; x_wconf 69' lang='lat' dir='ltr'>nonlicet</span> <span class='ocrx_word' id='word_1_395' title='bbox 1633 297 1640 304; x_wconf 84' lang='lat'><strong>.</strong></span> <span class='ocrx_word' id='word_1_396' title='bbox 1668 276 1920 314; x_wconf 55' lang='lat' dir='ltr'>Navata-manus</span> <span class='ocrx_word' id='word_1_397' title='bbox 1931 286 2081 324; x_wconf 58' lang='lat' dir='ltr'>impona*</span> 
     </span>
     <span class='ocr_line' id='line_1_64' title="bbox 1205 321 2080 367; baseline 0.013 -12"><span class='ocrx_word' id='word_1_398' title='bbox 1205 324 1246 355; x_wconf 85' lang='lat' dir='ltr'>da</span> <span class='ocrx_word' id='word_1_399' title='bbox 1258 326 1371 356; x_wconf 75' lang='lat' dir='ltr'>omnino</span> <span class='ocrx_word' id='word_1_400' title='bbox 1393 335 1450 357; x_wconf 84' lang='lat' dir='ltr'>non</span> <span class='ocrx_word' id='word_1_401' title='bbox 1471 323 1530 365; x_wconf 82' lang='lat' dir='ltr'>est,</span> <span class='ocrx_word' id='word_1_402' title='bbox 1557 321 1781 367; x_wconf 75' lang='lat' dir='ltr'>nisiEpifiopus</span> <span class='ocrx_word' id='word_1_403' title='bbox 1802 329 2014 366; x_wconf 81' lang='lat' dir='ltr'>authoritatem</span> <span class='ocrx_word' id='word_1_404' title='bbox 2028 333 2080 366; x_wconf 84' lang='lat' dir='ltr'>de-</span> 
     </span>
     <span class='ocr_line' id='line_1_65' title="bbox 1203 373 2080 423; baseline 0.011 -18"><span class='ocrx_word' id='word_1_405' title='bbox 1203 373 1281 407; x_wconf 82' lang='lat' dir='ltr'>derit</span> <span class='ocrx_word' id='word_1_406' title='bbox 1291 376 1327 407; x_wconf 71' lang='lat' dir='ltr'>id</span> <span class='ocrx_word' id='word_1_407' title='bbox 1337 375 1490 416; x_wconf 79' lang='lat' dir='ltr'>efficiendi.</span> <span class='ocrx_word' id='word_1_408' title='bbox 1523 377 1561 407; x_wconf 85' lang='lat' dir='ltr'>Ut</span> <span class='ocrx_word' id='word_1_409' title='bbox 1572 382 1670 408; x_wconf 88' lang='lat' dir='ltr'>autem</span> <span class='ocrx_word' id='word_1_410' title='bbox 1688 375 1749 417; x_wconf 84' lang='lat' dir='ltr'>fiat</span> <span class='ocrx_word' id='word_1_411' title='bbox 1762 400 1773 416; x_wconf 93' lang='lat'>,</span> <span class='ocrx_word' id='word_1_412' title='bbox 1799 377 1939 423; x_wconf 72' lang='lat' dir='ltr'>Episcopi</span> <span class='ocrx_word' id='word_1_413' title='bbox 1962 382 2000 422; x_wconf 85' lang='lat' dir='ltr'>est</span> <span class='ocrx_word' id='word_1_414' title='bbox 2022 387 2080 415; x_wconf 79' lang='lat' dir='ltr'>im-</span> 
     </span>
     <span class='ocr_line' id='line_1_66' title="bbox 1199 426 2078 472; baseline 0.008 -15"><span class='ocrx_word' id='word_1_415' title='bbox 1199 431 1306 465; x_wconf 81' lang='lat' dir='ltr'>perare</span> <span class='ocrx_word' id='word_1_416' title='bbox 1318 449 1329 464; x_wconf 91' lang='lat'><strong>,</strong></span> <span class='ocrx_word' id='word_1_417' title='bbox 1353 434 1386 458; x_wconf 88' lang='lat' dir='ltr'>ut</span> <span class='ocrx_word' id='word_1_418' title='bbox 1396 434 1505 470; x_wconf 62' lang='lat' dir='ltr'>monus</span> <span class='ocrx_word' id='word_1_419' title='bbox 1519 429 1548 458; x_wconf 77' lang='lat' dir='ltr'>ei</span> <span class='ocrx_word' id='word_1_420' title='bbox 1556 426 1608 458; x_wconf 79' lang='lat' dir='ltr'>vel</span> <span class='ocrx_word' id='word_1_421' title='bbox 1615 427 1636 458; x_wconf 72' lang='grc' dir='ltr'><em>ἃ</em></span> <span class='ocrx_word' id='word_1_422' title='bbox 1648 426 1847 472; x_wconf 63' lang='lat' dir='ltr'>Presbytero,</span> <span class='ocrx_word' id='word_1_423' title='bbox 1871 433 1922 463; x_wconf 84' lang='lat' dir='ltr'>vel</span> <span class='ocrx_word' id='word_1_424' title='bbox 1932 433 1952 464; x_wconf 79' lang='grc' dir='ltr'><em>ἆ</em></span> <span class='ocrx_word' id='word_1_425' title='bbox 1963 437 2078 466; x_wconf 82' lang='lat' dir='ltr'>caeteris</span> 
     </span>
     <span class='ocr_line' id='line_1_67' title="bbox 1202 474 2079 522; baseline 0.011 -16"><span class='ocrx_word' id='word_1_426' title='bbox 1202 476 1323 515; x_wconf 61' lang='lat' dir='ltr'>clericis</span> <span class='ocrx_word' id='word_1_427' title='bbox 1344 474 1513 516; x_wconf 80' lang='lat' dir='ltr'>imponatur</span> <span class='ocrx_word' id='word_1_428' title='bbox 1526 500 1534 508; x_wconf 92' lang='lat'>.</span> <span class='ocrx_word' id='word_1_429' title='bbox 1559 479 1647 508; x_wconf 85' lang='lat' dir='ltr'>Nam</span> <span class='ocrx_word' id='word_1_430' title='bbox 1670 479 1814 519; x_wconf 77' lang='lat' dir='ltr'>quomodo</span> <span class='ocrx_word' id='word_1_431' title='bbox 1824 479 1861 511; x_wconf 79' lang='lat' dir='ltr'>id</span> <span class='ocrx_word' id='word_1_432' title='bbox 1873 478 2003 522; x_wconf 72' lang='lat' dir='ltr'>fierifine</span> <span class='ocrx_word' id='word_1_433' title='bbox 2013 495 2079 515; x_wconf 86' lang='lat' dir='ltr'>ma-</span> 
     </span>
     <span class='ocr_line' id='line_1_68' title="bbox 1197 524 2079 574; baseline 0.012 -18"><span class='ocrx_word' id='word_1_434' title='bbox 1197 535 1257 567; x_wconf 87' lang='lat' dir='ltr'>gno</span> <span class='ocrx_word' id='word_1_435' title='bbox 1265 524 1366 557; x_wconf 78' lang='lat' dir='ltr'>labore</span> <span class='ocrx_word' id='word_1_436' title='bbox 1373 530 1484 566; x_wconf 71' lang='lat' dir='ltr'>poterit</span> <span class='ocrx_word' id='word_1_437' title='bbox 1495 546 1507 565; x_wconf 87' lang='lat'><strong>,</strong></span> <span class='ocrx_word' id='word_1_438' title='bbox 1533 534 1566 559; x_wconf 85' lang='lat' dir='ltr'>ut</span> <span class='ocrx_word' id='word_1_439' title='bbox 1578 526 1661 570; x_wconf 67' lang='lat' dir='ltr'>longe*</span> <span class='ocrx_word' id='word_1_440' title='bbox 1673 526 1843 567; x_wconf 78' lang='lat' dir='ltr'>constitutus</span> <span class='ocrx_word' id='word_1_441' title='bbox 1857 531 2079 574; x_wconf 83' lang='lat' dir='ltr'>Energumenus</span> 
     </span>
     <span class='ocr_line' id='line_1_69' title="bbox 1199 572 2078 622; baseline 0.011 -17"><span class='ocrx_word' id='word_1_442' title='bbox 1199 575 1245 606; x_wconf 69' lang='lat' dir='ltr'>a&#39;d</span> <span class='ocrx_word' id='word_1_443' title='bbox 1263 572 1445 616; x_wconf 76' lang='lat' dir='ltr'>Episcopum</span> <span class='ocrx_word' id='word_1_444' title='bbox 1467 576 1631 610; x_wconf 69' lang='lat' dir='ltr'>deducatur</span> <span class='ocrx_word' id='word_1_445' title='bbox 1643 599 1654 617; x_wconf 88' lang='lat'><strong>,</strong></span> <span class='ocrx_word' id='word_1_446' title='bbox 1681 589 1745 611; x_wconf 89' lang='lat' dir='ltr'>cum</span> <span class='ocrx_word' id='word_1_447' title='bbox 1758 577 1798 619; x_wconf 85' lang='lat' dir='ltr'>fit</span> <span class='ocrx_word' id='word_1_448' title='bbox 1808 580 1879 611; x_wconf 78' lang='lat' dir='ltr'>talis</span> <span class='ocrx_word' id='word_1_449' title='bbox 1902 578 1987 622; x_wconf 78' lang='lat' dir='ltr'>casus</span> <span class='ocrx_word' id='word_1_450' title='bbox 1999 584 2034 616; x_wconf 67' lang='lat' dir='ltr'>&#39;ei</span> <span class='ocrx_word' id='word_1_451' title='bbox 2045 588 2078 615; x_wconf 78' lang='lat' dir='ltr'>in</span> 
     </span>
    </p>
   </div>
   <div class='ocr_carea' id='block_1_21' title="bbox 1173 626 2079 672">
    <p class='ocr_par' dir='ltr' id='par_1_21' title="bbox 1173 626 2079 672">
     <span class='ocr_line' id='line_1_70' title="bbox 1173 626 2079 672; baseline 0.011 -17"><span class='ocrx_word' id='word_1_452' title='bbox 1173 647 1179 661; x_wconf 93' lang='grc'>,</span> <span class='ocrx_word' id='word_1_453' title='bbox 1198 628 1303 657; x_wconf 70' lang='lat' dir='ltr'>itinere</span> <span class='ocrx_word' id='word_1_454' title='bbox 1313 626 1453 658; x_wconf 72' lang='lat' dir='ltr'>acciderit</span> <span class='ocrx_word' id='word_1_455' title='bbox 1464 649 1475 665; x_wconf 92' lang='lat'><strong>,</strong></span> <span class='ocrx_word' id='word_1_456' title='bbox 1497 626 1629 667; x_wconf 71' lang='lat' dir='ltr'>perferri</span> <span class='ocrx_word' id='word_1_457' title='bbox 1640 628 1685 660; x_wconf 84' lang='lat' dir='ltr'>ad</span> <span class='ocrx_word' id='word_1_458' title='bbox 1697 626 1876 671; x_wconf 80' lang='lat' dir='ltr'>Episcopum</span> <span class='ocrx_word' id='word_1_459' title='bbox 1886 653 1897 670; x_wconf 90' lang='lat'>,</span> <span class='ocrx_word' id='word_1_460' title='bbox 1925 640 1975 663; x_wconf 82' lang='lat' dir='ltr'>nec</span> <span class='ocrx_word' id='word_1_461' title='bbox 1983 631 2079 672; x_wconf 54' lang='lat' dir='ltr'>reftrk</span> 
     </span>
    </p>
   </div>
   <div class='ocr_carea' id='block_1_22' title="bbox 1194 672 2081 970">
    <p class='ocr_par' dir='ltr' id='par_1_22' title="bbox 1194 672 2081 970">
     <span class='ocr_line' id='line_1_71' title="bbox 1196 672 2080 723; baseline 0.011 -17"><span class='ocrx_word' id='word_1_462' title='bbox 1196 681 1223 707; x_wconf 75' lang='lat' dir='ltr'>rr</span> <span class='ocrx_word' id='word_1_463' title='bbox 1242 675 1287 707; x_wconf 83' lang='lat' dir='ltr'>ad</span> <span class='ocrx_word' id='word_1_464' title='bbox 1302 672 1362 717; x_wconf 85' lang='lat' dir='ltr'>sua</span> <span class='ocrx_word' id='word_1_465' title='bbox 1375 674 1470 716; x_wconf 71' lang='lat' dir='ltr'>facile</span> <span class='ocrx_word' id='word_1_466' title='bbox 1488 677 1595 717; x_wconf 63' lang='lat' dir='ltr'>pff‘?</span> <span class='ocrx_word' id='word_1_467' title='bbox 1622 677 1872 723; x_wconf 86' lang='lat' dir='ltr'>Energumenos</span> <span class='ocrx_word' id='word_1_468' title='bbox 1893 680 2080 717; x_wconf 77' lang='lat' dir='ltr'>exorcizare</span> 
     </span>
     <span class='ocr_line' id='line_1_72' title="bbox 1197 725 2079 772; baseline 0.009 -13"><span class='ocrx_word' id='word_1_469' title='bbox 1197 733 1264 759; x_wconf 86' lang='lat' dir='ltr'>erat</span> <span class='ocrx_word' id='word_1_470' title='bbox 1275 734 1355 759; x_wconf 90' lang='lat' dir='ltr'>tunc</span> <span class='ocrx_word' id='word_1_471' title='bbox 1366 725 1384 759; x_wconf 69' lang='lat' dir='ltr'>a</span> <span class='ocrx_word' id='word_1_472' title='bbox 1398 726 1582 760; x_wconf 88' lang='lat' dir='ltr'>minoribus</span> <span class='ocrx_word' id='word_1_473' title='bbox 1591 726 1729 762; x_wconf 86' lang='lat' dir='ltr'>Clericis</span> <span class='ocrx_word' id='word_1_474' title='bbox 1749 727 1832 763; x_wconf 74' lang='lat' dir='ltr'>adeo</span> <span class='ocrx_word' id='word_1_475' title='bbox 1844 729 1989 766; x_wconf 84' lang='lat' dir='ltr'>alienum</span> <span class='ocrx_word' id='word_1_476' title='bbox 2002 742 2015 772; x_wconf 79' lang='grc'>,’</span> <span class='ocrx_word' id='word_1_477' title='bbox 2039 742 2079 767; x_wconf 80' lang='lat' dir='ltr'>ut</span> 
     </span>
     <span class='ocr_line' id='line_1_73' title="bbox 1197 775 2080 824; baseline 0.007 -16"><span class='ocrx_word' id='word_1_478' title='bbox 1197 775 1303 819; x_wconf 87' lang='lat' dir='ltr'>plures</span> <span class='ocrx_word' id='word_1_479' title='bbox 1327 775 1485 810; x_wconf 90' lang='lat' dir='ltr'>Italorum</span> <span class='ocrx_word' id='word_1_480' title='bbox 1512 777 1667 820; x_wconf 89' lang='lat' dir='ltr'>Episcopi</span> <span class='ocrx_word' id='word_1_481' title='bbox 1699 780 1884 814; x_wconf 85' lang='lat' dir='ltr'>censuerint</span> <span class='ocrx_word' id='word_1_482' title='bbox 1919 779 2080 824; x_wconf 68' lang='lat' dir='ltr'>privative</span> 
     </span>
     <span class='ocr_line' id='line_1_74' title="bbox 1195 824 2079 875; baseline 0.009 -17"><span class='ocrx_word' id='word_1_483' title='bbox 1195 826 1331 869; x_wconf 67' lang='lat' dir='ltr'>spectare</span> <span class='ocrx_word' id='word_1_484' title='bbox 1341 824 1383 860; x_wconf 87' lang='lat' dir='ltr'>ad</span> <span class='ocrx_word' id='word_1_485' title='bbox 1393 826 1458 860; x_wconf 87' lang='lat' dir='ltr'>sese</span> <span class='ocrx_word' id='word_1_486' title='bbox 1469 826 1557 860; x_wconf 89' lang='lat' dir='ltr'>solos</span> <span class='ocrx_word' id='word_1_487' title='bbox 1569 850 1577 860; x_wconf 86' lang='lat'><strong>.</strong></span> <span class='ocrx_word' id='word_1_488' title='bbox 1607 828 1651 862; x_wconf 88' lang='lat' dir='ltr'>Et</span> <span class='ocrx_word' id='word_1_489' title='bbox 1664 828 1729 862; x_wconf 86' lang='lat' dir='ltr'>sine</span> <span class='ocrx_word' id='word_1_490' title='bbox 1741 829 1898 874; x_wconf 81' lang='lat' dir='ltr'>singulari</span> <span class='ocrx_word' id='word_1_491' title='bbox 1919 830 2079 875; x_wconf 68' lang='lat' dir='ltr'>Episcopi</span> 
     </span>
     <span class='ocr_line' id='line_1_75' title="bbox 1196 875 2080 924; baseline 0.008 -15"><span class='ocrx_word' id='word_1_492' title='bbox 1196 875 1350 910; x_wconf 88' lang='lat' dir='ltr'>mandato</span> <span class='ocrx_word' id='word_1_493' title='bbox 1361 887 1429 910; x_wconf 87' lang='lat' dir='ltr'>non</span> <span class='ocrx_word' id='word_1_494' title='bbox 1442 884 1567 920; x_wconf 86' lang='lat' dir='ltr'>poterat</span> <span class='ocrx_word' id='word_1_495' title='bbox 1579 877 1648 911; x_wconf 87' lang='lat' dir='ltr'>fieri</span> <span class='ocrx_word' id='word_1_496' title='bbox 1665 902 1672 910; x_wconf 93' lang='lat'><strong><em>.</em></strong></span> <span class='ocrx_word' id='word_1_497' title='bbox 1701 878 1890 922; x_wconf 86' lang='lat' dir='ltr'>Nequidem</span> <span class='ocrx_word' id='word_1_498' title='bbox 1914 882 1931 915; x_wconf 72' lang='lat' dir='ltr'>a</span> <span class='ocrx_word' id='word_1_499' title='bbox 1944 879 2080 924; x_wconf 86' lang='lat' dir='ltr'>Presby-</span> 
     </span>
     <span class='ocr_line' id='line_1_76' title="bbox 1194 926 2081 970; baseline 0.007 -11"><span class='ocrx_word' id='word_1_500' title='bbox 1194 936 1275 960; x_wconf 85' lang='lat' dir='ltr'>tero.</span> <span class='ocrx_word' id='word_1_501' title='bbox 1303 926 1348 960; x_wconf 88' lang='lat' dir='ltr'>Et</span> <span class='ocrx_word' id='word_1_502' title='bbox 1359 926 1394 960; x_wconf 88' lang='lat' dir='ltr'>in</span> <span class='ocrx_word' id='word_1_503' title='bbox 1405 928 1514 970; x_wconf 88' lang='lat' dir='ltr'>primo</span> <span class='ocrx_word' id='word_1_504' title='bbox 1525 927 1711 962; x_wconf 77' lang='lat' dir='ltr'>officiorum</span> <span class='ocrx_word' id='word_1_505' title='bbox 1723 928 1808 964; x_wconf 85' lang='lat' dir='ltr'>libro</span> <span class='ocrx_word' id='word_1_506' title='bbox 1815 930 1929 965; x_wconf 59' lang='lat' dir='ltr'>*scribit</span> <span class='ocrx_word' id='word_1_507' title='bbox 1940 932 2081 966; x_wconf 71' lang='lat' dir='ltr'>Sanetus</span> 
     </span>
    </p>
   </div>
   <div class='ocr_carea' id='block_1_23' title="bbox 1183 974 2246 1036">
    <p class='ocr_par' dir='ltr' id='par_1_23' title="bbox 1183 974 2246 1036">
     <span class='ocr_line' id='line_1_77' title="bbox 1183 974 2246 1036; baseline 0.008 -26"><span class='ocrx_word' id='word_1_508' title='bbox 1183 974 1385 1011; x_wconf 57' lang='lat' dir='ltr'>‘Ambrosius</span> <span class='ocrx_word' id='word_1_509' title='bbox 1407 990 1419 1010; x_wconf 80' lang='lat'>.-</span> <span class='ocrx_word' id='word_1_510' title='bbox 1456 978 1539 1010; x_wconf 68' lang='lat' dir='ltr'>Alius</span> <span class='ocrx_word' id='word_1_511' title='bbox 1566 979 1698 1012; x_wconf 77' lang='lat' dir='ltr'>Clericus</span> <span class='ocrx_word' id='word_1_512' title='bbox 1721 979 1936 1023; x_wconf 70' lang='lat' dir='ltr'>dsstnguendae</span> <span class='ocrx_word' id='word_1_513' title='bbox 1961 981 2081 1015; x_wconf 63' lang='lat' dir='ltr'>remant</span> <span class='ocrx_word' id='word_1_514' title='bbox 2095 996 2246 1036; x_wconf 41' lang='lat'>0394&amp;</span> 
     </span>
    </p>
   </div>
   <div class='ocr_carea' id='block_1_24' title="bbox 1182 1025 2083 1073">
    <p class='ocr_par' dir='ltr' id='par_1_24' title="bbox 1182 1025 2083 1073">
     <span class='ocr_line' id='line_1_78' title="bbox 1182 1025 2083 1073; baseline 0.009 -15"><span class='ocrx_word' id='word_1_515' title='bbox 1182 1032 1310 1068; x_wconf 67' lang='lat' dir='ltr'>optior,</span> <span class='ocrx_word' id='word_1_516' title='bbox 1335 1026 1413 1059; x_wconf 78' lang='lat' dir='ltr'>alius</span> <span class='ocrx_word' id='word_1_517' title='bbox 1445 1025 1563 1069; x_wconf 84' lang='lat' dir='ltr'>Psalmo</span> <span class='ocrx_word' id='word_1_518' title='bbox 1572 1035 1690 1071; x_wconf 69' lang='lat' dir='ltr'>gratior</span> <span class='ocrx_word' id='word_1_519' title='bbox 1703 1051 1714 1069; x_wconf 88' lang='lat'><strong>,</strong></span> <span class='ocrx_word' id='word_1_520' title='bbox 1740 1031 1818 1062; x_wconf 80' lang='lat' dir='ltr'>alius</span> <span class='ocrx_word' id='word_1_521' title='bbox 1841 1033 2053 1065; x_wconf 65' lang='lat' dir='ltr'>exorcizandis</span> <span class='ocrx_word' id='word_1_522' title='bbox 2064 1048 2083 1073; x_wconf 61' lang='grc' dir='ltr'>,ι</span> 
     </span>
    </p>
   </div>
   <div class='ocr_carea' id='block_1_25' title="bbox 1182 1076 2087 1573">
    <p class='ocr_par' dir='ltr' id='par_1_25' title="bbox 1182 1076 2087 1573">
     <span class='ocr_line' id='line_1_79' title="bbox 1192 1076 2082 1121; baseline 0.007 -12"><span class='ocrx_word' id='word_1_523' title='bbox 1192 1081 1242 1119; x_wconf 84' lang='lat' dir='ltr'>qui</span> <span class='ocrx_word' id='word_1_524' title='bbox 1262 1077 1339 1109; x_wconf 84' lang='lat' dir='ltr'>malo</span> <span class='ocrx_word' id='word_1_525' title='bbox 1361 1076 1498 1110; x_wconf 86' lang='lat' dir='ltr'>laborant</span> <span class='ocrx_word' id='word_1_526' title='bbox 1514 1079 1652 1119; x_wconf 60' lang='lat' dir='ltr'>Spiritu,</span> <span class='ocrx_word' id='word_1_527' title='bbox 1674 1077 1814 1121; x_wconf 78' lang='lat' dir='ltr'>solicitior</span> <span class='ocrx_word' id='word_1_528' title='bbox 1826 1103 1838 1121; x_wconf 89' lang='lat'><strong><em>,</em></strong></span> <span class='ocrx_word' id='word_1_529' title='bbox 1867 1082 1946 1114; x_wconf 75' lang='lat' dir='ltr'>alius</span> <span class='ocrx_word' id='word_1_530' title='bbox 1973 1085 2082 1116; x_wconf 81' lang='lat' dir='ltr'>Sacra-</span> 
     </span>
     <span class='ocr_line' id='line_1_80' title="bbox 1182 1126 2082 1173; baseline 0.009 -15"><span class='ocrx_word' id='word_1_531' title='bbox 1182 1130 1235 1159; x_wconf 67' lang='lat' dir='ltr'>‘rio</span> <span class='ocrx_word' id='word_1_532' title='bbox 1245 1131 1432 1168; x_wconf 79' lang='lat' dir='ltr'>opportunior</span> <span class='ocrx_word' id='word_1_533' title='bbox 1443 1126 1578 1161; x_wconf 79' lang='lat' dir='ltr'>habetur.</span> <span class='ocrx_word' id='word_1_534' title='bbox 1606 1130 1676 1161; x_wconf 84' lang='lat' dir='ltr'>Haec</span> <span class='ocrx_word' id='word_1_535' title='bbox 1686 1134 1786 1162; x_wconf 76' lang='lat' dir='ltr'>omnia</span> <span class='ocrx_word' id='word_1_536' title='bbox 1792 1127 1905 1172; x_wconf 69' lang='lat' dir='ltr'>‘spedler</span> <span class='ocrx_word' id='word_1_537' title='bbox 1918 1133 2082 1173; x_wconf 65' lang='lat' dir='ltr'>sacerdos,1</span> 
     </span>
     <span class='ocr_line' id='line_1_81' title="bbox 1193 1178 2079 1224; baseline 0.006 -14"><span class='ocrx_word' id='word_1_538' title='bbox 1193 1178 1227 1210; x_wconf 71' lang='lat'>(9⁴</span> <span class='ocrx_word' id='word_1_539' title='bbox 1239 1184 1306 1219; x_wconf 79' lang='lat' dir='ltr'>quot</span> <span class='ocrx_word' id='word_1_540' title='bbox 1315 1181 1415 1219; x_wconf 82' lang='lat' dir='ltr'>cuique</span> <span class='ocrx_word' id='word_1_541' title='bbox 1426 1181 1612 1219; x_wconf 54' lang='lat' dir='ltr'>congruet-im</span> <span class='ocrx_word' id='word_1_542' title='bbox 1637 1179 1764 1219; x_wconf 68' lang='lat' dir='ltr'>idofficii</span> <span class='ocrx_word' id='word_1_543' title='bbox 1782 1180 1921 1220; x_wconf 55' lang='lat' dir='ltr'>deputet.</span> <span class='ocrx_word' id='word_1_544' title='bbox 1950 1181 2079 1224; x_wconf 50' lang='lat' dir='ltr'>Loqui&amp;</span> 
     </span>
     <span class='ocr_line' id='line_1_82' title="bbox 1192 1226 2086 1273; baseline 0.007 -14"><span class='ocrx_word' id='word_1_545' title='bbox 1192 1237 1244 1260; x_wconf 92' lang='lat' dir='ltr'>tur</span> <span class='ocrx_word' id='word_1_546' title='bbox 1255 1226 1297 1259; x_wconf 90' lang='lat' dir='ltr'>de</span> <span class='ocrx_word' id='word_1_547' title='bbox 1309 1228 1407 1269; x_wconf 90' lang='lat' dir='ltr'>pleno</span> <span class='ocrx_word' id='word_1_548' title='bbox 1420 1227 1559 1260; x_wconf 83' lang='lat' dir='ltr'>universi</span> <span class='ocrx_word' id='word_1_549' title='bbox 1575 1226 1666 1260; x_wconf 86' lang='lat' dir='ltr'>Cleri</span> <span class='ocrx_word' id='word_1_550' title='bbox 1688 1238 1848 1270; x_wconf 87' lang='lat' dir='ltr'>corpore,</span> <span class='ocrx_word' id='word_1_551' title='bbox 1874 1227 2018 1273; x_wconf 74' lang='lat' dir='ltr'>ideoque</span> <span class='ocrx_word' id='word_1_552' title='bbox 2033 1230 2086 1264; x_wconf 49' lang='grc' dir='ltr'>Ἰ’ἅτ’</span> 
     </span>
     <span class='ocr_line' id='line_1_83' title="bbox 1191 1275 2081 1319; baseline 0.004 -9"><span class='ocrx_word' id='word_1_553' title='bbox 1191 1276 1233 1310; x_wconf 91' lang='lat' dir='ltr'>de</span> <span class='ocrx_word' id='word_1_554' title='bbox 1255 1275 1457 1318; x_wconf 86' lang='lat' dir='ltr'>Presbyteris</span> <span class='ocrx_word' id='word_1_555' title='bbox 1471 1300 1479 1308; x_wconf 91' lang='lat'><strong>.</strong></span> <span class='ocrx_word' id='word_1_556' title='bbox 1506 1277 1551 1310; x_wconf 89' lang='lat' dir='ltr'>Et</span> <span class='ocrx_word' id='word_1_557' title='bbox 1574 1275 1664 1319; x_wconf 91' lang='lat' dir='ltr'>quod</span> <span class='ocrx_word' id='word_1_558' title='bbox 1681 1277 1779 1311; x_wconf 82' lang='lat' dir='ltr'>etiam</span> <span class='ocrx_word' id='word_1_559' title='bbox 1800 1278 1934 1313; x_wconf 61' lang='lat' dir='ltr'>Sanetus</span> <span class='ocrx_word' id='word_1_560' title='bbox 1944 1279 2081 1314; x_wconf 50' lang='lat' dir='ltr'>Bernarss</span> 
     </span>
     <span class='ocr_line' id='line_1_84' title="bbox 1190 1325 2083 1367; baseline 0.006 -9"><span class='ocrx_word' id='word_1_561' title='bbox 1190 1325 1250 1360; x_wconf 91' lang='lat' dir='ltr'>dus</span> <span class='ocrx_word' id='word_1_562' title='bbox 1285 1337 1324 1359; x_wconf 88' lang='lat' dir='ltr'>ac</span> <span class='ocrx_word' id='word_1_563' title='bbox 1346 1326 1480 1359; x_wconf 66' lang='lat' dir='ltr'>sancius</span> <span class='ocrx_word' id='word_1_564' title='bbox 1505 1325 1690 1362; x_wconf 80' lang='lat' dir='ltr'>Norbertus</span> <span class='ocrx_word' id='word_1_565' title='bbox 1707 1351 1718 1367; x_wconf 91' lang='lat'>,</span> <span class='ocrx_word' id='word_1_566' title='bbox 1757 1329 1874 1362; x_wconf 84' lang='lat' dir='ltr'>summi</span> <span class='ocrx_word' id='word_1_567' title='bbox 1898 1328 2083 1364; x_wconf 65' lang='lat' dir='ltr'>Gallicanae*</span> 
     </span>
     <span class='ocr_line' id='line_1_85' title="bbox 1192 1374 2084 1421; baseline 0.008 -13"><span class='ocrx_word' id='word_1_568' title='bbox 1192 1375 1341 1410; x_wconf 78' lang='lat' dir='ltr'>Ecclefiae</span> <span class='ocrx_word' id='word_1_569' title='bbox 1363 1374 1548 1419; x_wconf 81' lang='lat' dir='ltr'>Presbyteri</span> <span class='ocrx_word' id='word_1_570' title='bbox 1559 1399 1570 1415; x_wconf 91' lang='lat'>‚</span> <span class='ocrx_word' id='word_1_571' title='bbox 1581 1391 1585 1392; x_wconf 43' lang='lat'><em>⁷</em></span> <span class='ocrx_word' id='word_1_572' title='bbox 1597 1375 1849 1421; x_wconf 72' lang='lat' dir='ltr'>Energu&#39;menos</span> <span class='ocrx_word' id='word_1_573' title='bbox 1868 1378 2084 1414; x_wconf 53' lang='lat' dir='ltr'>exorcizavea‘</span> 
     </span>
     <span class='ocr_line' id='line_1_86' title="bbox 1190 1423 2087 1469; baseline 0.004 -9"><span class='ocrx_word' id='word_1_574' title='bbox 1190 1426 1277 1467; x_wconf 89' lang='lat' dir='ltr'>rint,</span> <span class='ocrx_word' id='word_1_575' title='bbox 1293 1426 1349 1465; x_wconf 78' lang='lat' dir='ltr'>cst</span> <span class='ocrx_word' id='word_1_576' title='bbox 1371 1426 1528 1460; x_wconf 86' lang='lat' dir='ltr'>omnibus</span> <span class='ocrx_word' id='word_1_577' title='bbox 1545 1426 1772 1469; x_wconf 80' lang='lat' dir='ltr'>exploratum.</span> <span class='ocrx_word' id='word_1_578' title='bbox 1798 1423 2087 1464; x_wconf 58' lang='lat' dir='ltr'>Sunlnnocenti&#39;fi</span> 
     </span>
     <span class='ocr_line' id='line_1_87' title="bbox 1190 1476 2084 1522; baseline 0.003 -12"><span class='ocrx_word' id='word_1_579' title='bbox 1190 1477 1277 1510; x_wconf 87' lang='lat' dir='ltr'>terti-i</span> <span class='ocrx_word' id='word_1_580' title='bbox 1289 1476 1491 1511; x_wconf 76' lang='lat' dir='ltr'>pontificatu</span> <span class='ocrx_word' id='word_1_581' title='bbox 1508 1477 1663 1520; x_wconf 36' lang='lat' dir='ltr'>vquaedam</span> <span class='ocrx_word' id='word_1_582' title='bbox 1670 1477 1938 1522; x_wconf 24' lang='lat' dir='ltr'>propeiGenuam</span> <span class='ocrx_word' id='word_1_583' title='bbox 1947 1490 1951 1495; x_wconf 69' lang='lat'>¹</span> <span class='ocrx_word' id='word_1_584' title='bbox 1959 1478 2084 1514; x_wconf 58' lang='lat' dir='ltr'>civitas»</span> 
     </span>
     <span class='ocr_line' id='line_1_88' title="bbox 1189 1526 2083 1573; baseline 0.004 -13"><span class='ocrx_word' id='word_1_585' title='bbox 1189 1527 1259 1561; x_wconf 82' lang='lat' dir='ltr'>fuit</span> <span class='ocrx_word' id='word_1_586' title='bbox 1276 1527 1372 1570; x_wconf 78' lang='lat' dir='ltr'>plena</span> <span class='ocrx_word' id='word_1_587' title='bbox 1397 1526 1636 1571; x_wconf 80' lang='lat' dir='ltr'>Energumenis</span> <span class='ocrx_word' id='word_1_588' title='bbox 1658 1548 1669 1566; x_wconf 89' lang='lat'><strong>,</strong></span> <span class='ocrx_word' id='word_1_589' title='bbox 1687 1527 1741 1562; x_wconf 78' lang='lat' dir='ltr'>ob</span> <span class='ocrx_word' id='word_1_590' title='bbox 1760 1536 1910 1565; x_wconf 79' lang='lat' dir='ltr'>enormes</span> <span class='ocrx_word' id='word_1_591' title='bbox 1931 1526 2083 1573; x_wconf 65' lang='lat' dir='ltr'>blasph-2⁴</span> 
     </span>
    </p>
   </div>
   <div class='ocr_carea' id='block_1_26' title="bbox 1189 1575 2234 1627">
    <p class='ocr_par' dir='ltr' id='par_1_26' title="bbox 1189 1575 2234 1627">
     <span class='ocr_line' id='line_1_89' title="bbox 1189 1575 2234 1627; baseline 0.004 -17"><span class='ocrx_word' id='word_1_592' title='bbox 1189 1578 1271 1611; x_wconf 88' lang='lat' dir='ltr'>mias</span> <span class='ocrx_word' id='word_1_593' title='bbox 1285 1578 1317 1610; x_wconf 88' lang='lat' dir='ltr'>in</span> <span class='ocrx_word' id='word_1_594' title='bbox 1331 1575 1505 1620; x_wconf 89' lang='lat' dir='ltr'>Deiparam</span> <span class='ocrx_word' id='word_1_595' title='bbox 1519 1575 1703 1622; x_wconf 81' lang='lat' dir='ltr'>Virginem.</span> <span class='ocrx_word' id='word_1_596' title='bbox 1730 1577 1835 1625; x_wconf 79' lang='lat' dir='ltr'>Qo&#39;d</span> <span class='ocrx_word' id='word_1_597' title='bbox 1845 1575 2084 1627; x_wconf 74' lang='lat' dir='ltr'>ipsosquidam³</span> <span class='ocrx_word' id='word_1_598' title='bbox 2095 1580 2156 1616; x_wconf 67' lang='lat'><strong>1²01,</strong></span> <span class='ocrx_word' id='word_1_599' title='bbox 2165 1585 2234 1619; x_wconf 56' lang='lat'>7852</span> 
     </span>
    </p>
   </div>
   <div class='ocr_carea' id='block_1_27' title="bbox 1187 1625 2083 1872">
    <p class='ocr_par' dir='ltr' id='par_1_27' title="bbox 1187 1625 2083 1772">
     <span class='ocr_line' id='line_1_90' title="bbox 1187 1625 2083 1675; baseline 0.003 -14"><span class='ocrx_word' id='word_1_600' title='bbox 1187 1626 1207 1661; x_wconf 83' lang='grc' dir='ltr'>ὲ</span> <span class='ocrx_word' id='word_1_601' title='bbox 1228 1627 1434 1661; x_wconf 82' lang='lat' dir='ltr'>Cisterciensi</span> <span class='ocrx_word' id='word_1_602' title='bbox 1459 1625 1577 1666; x_wconf 83' lang='lat' dir='ltr'>ordine</span> <span class='ocrx_word' id='word_1_603' title='bbox 1588 1626 1701 1661; x_wconf 81' lang='lat' dir='ltr'>Abbas</span> <span class='ocrx_word' id='word_1_604' title='bbox 1719 1628 1955 1663; x_wconf 80' lang='lat' dir='ltr'>exorcizaverit</span> <span class='ocrx_word' id='word_1_605' title='bbox 1977 1631 2083 1675; x_wconf 58' lang='lat' dir='ltr'>atque*</span> 
     </span>
     <span class='ocr_line' id='line_1_91' title="bbox 1188 1720 2082 1772; baseline -0.001 -11"><span class='ocrx_word' id='word_1_606' title='bbox 1188 1727 1301 1761; x_wconf 88' lang='lat' dir='ltr'>bernus</span> <span class='ocrx_word' id='word_1_607' title='bbox 1314 1727 1454 1771; x_wconf 88' lang='lat' dir='ltr'>plurima</span> <span class='ocrx_word' id='word_1_608' title='bbox 1467 1727 1827 1772; x_wconf 84' lang='lat' dir='ltr'>istiusmodiexempla.</span> <span class='ocrx_word' id='word_1_609' title='bbox 2011 1749 2013 1753; x_wconf 38' lang='lat' dir='ltr'>s</span> <span class='ocrx_word' id='word_1_610' title='bbox 2076 1720 2082 1754; x_wconf 68' lang='grc' dir='ltr'>ἰ</span> 
     </span>
    </p>

    <p class='ocr_par' dir='ltr' id='par_1_28' title="bbox 1187 1776 2083 1872">
     <span class='ocr_line' id='line_1_92' title="bbox 1236 1776 2083 1823; baseline 0.006 -14"><span class='ocrx_word' id='word_1_611' title='bbox 1236 1776 1328 1823; x_wconf 86' lang='lat' dir='ltr'>Qin</span> <span class='ocrx_word' id='word_1_612' title='bbox 1354 1776 1423 1811; x_wconf 77' lang='lat' dir='ltr'>imo</span> <span class='ocrx_word' id='word_1_613' title='bbox 1444 1776 1617 1820; x_wconf 82' lang='lat' dir='ltr'>primitivae</span> <span class='ocrx_word' id='word_1_614' title='bbox 1645 1777 1794 1812; x_wconf 78' lang='lat' dir='ltr'>Ecclesiae</span> <span class='ocrx_word' id='word_1_615' title='bbox 1815 1778 1968 1823; x_wconf 70' lang='lat' dir='ltr'>Episcopi</span> <span class='ocrx_word' id='word_1_616' title='bbox 1980 1779 2083 1814; x_wconf 69' lang='lat' dir='ltr'>istam»</span> 
     </span>
     <span class='ocr_line' id='line_1_93' title="bbox 1187 1827 2079 1872; baseline 0.006 -13"><span class='ocrx_word' id='word_1_617' title='bbox 1187 1828 1381 1870; x_wconf 84' lang='lat' dir='ltr'>potestatem</span> <span class='ocrx_word' id='word_1_618' title='bbox 1395 1837 1462 1859; x_wconf 89' lang='lat' dir='ltr'>non</span> <span class='ocrx_word' id='word_1_619' title='bbox 1476 1827 1687 1860; x_wconf 88' lang='lat' dir='ltr'>solummodo</span> <span class='ocrx_word' id='word_1_620' title='bbox 1699 1827 1894 1872; x_wconf 79' lang='lat' dir='ltr'>delegabant</span> <span class='ocrx_word' id='word_1_621' title='bbox 1910 1829 1975 1863; x_wconf 86' lang='lat' dir='ltr'>suis</span> <span class='ocrx_word' id='word_1_622' title='bbox 1985 1827 2079 1864; x_wconf 86' lang='lat' dir='ltr'>Pres-</span> 
     </span>
    </p>
   </div>
   <div class='ocr_carea' id='block_1_28' title="bbox 1188 1675 2109 1730">
    <p class='ocr_par' dir='ltr' id='par_1_29' title="bbox 1188 1675 2109 1730">
     <span class='ocr_line' id='line_1_94' title="bbox 1188 1675 2109 1730; baseline 0.003 -18"><span class='ocrx_word' id='word_1_623' title='bbox 1188 1675 1394 1721; x_wconf 85' lang='lat' dir='ltr'>purgaverit,</span> <span class='ocrx_word' id='word_1_624' title='bbox 1420 1677 1557 1710; x_wconf 80' lang='lat' dir='ltr'>testatur</span> <span class='ocrx_word' id='word_1_625' title='bbox 1581 1677 1731 1721; x_wconf 87' lang='lat' dir='ltr'>Rogerus</span> <span class='ocrx_word' id='word_1_626' title='bbox 1753 1675 1981 1730; x_wconf 79' lang='lat' dir='ltr'>Hovedensis.</span> <span class='ocrx_word' id='word_1_627' title='bbox 2009 1679 2067 1715; x_wconf 78' lang='lat' dir='ltr'>Ha</span> <span class='ocrx_word' id='word_1_628' title='bbox 2107 1694 2109 1710; x_wconf 85' lang='lat'>;</span> 
     </span>
    </p>
   </div>
   <div class='ocr_carea' id='block_1_29' title="bbox 1185 1875 2182 1918">
    <p class='ocr_par' dir='ltr' id='par_1_30' title="bbox 1185 1875 2182 1918">
     <span class='ocr_line' id='line_1_95' title="bbox 1185 1875 2182 1918; baseline 0.004 -9"><span class='ocrx_word' id='word_1_629' title='bbox 1185 1876 1304 1918; x_wconf 86' lang='lat' dir='ltr'>byteris</span> <span class='ocrx_word' id='word_1_630' title='bbox 1318 1899 1329 1915; x_wconf 91' lang='lat'>,</span> <span class='ocrx_word' id='word_1_631' title='bbox 1356 1875 1410 1909; x_wconf 90' lang='lat' dir='ltr'>sed</span> <span class='ocrx_word' id='word_1_632' title='bbox 1436 1875 1472 1908; x_wconf 88' lang='lat'>&amp;</span> <span class='ocrx_word' id='word_1_633' title='bbox 1494 1875 1549 1917; x_wconf 87' lang='lat' dir='ltr'>ipsi</span> <span class='ocrx_word' id='word_1_634' title='bbox 1572 1875 1768 1908; x_wconf 82' lang='lat' dir='ltr'>exercebant</span> <span class='ocrx_word' id='word_1_635' title='bbox 1788 1896 1815 1908; x_wconf 68' lang='lat'>.›</span> <span class='ocrx_word' id='word_1_636' title='bbox 1833 1877 1915 1911; x_wconf 81' lang='lat' dir='ltr'>Hoc</span> <span class='ocrx_word' id='word_1_637' title='bbox 1938 1879 2081 1913; x_wconf 85' lang='lat' dir='ltr'>demon·-</span> <span class='ocrx_word' id='word_1_638' title='bbox 2105 1896 2111 1902; x_wconf 89' lang='lat'><strong>·</strong></span> <span class='ocrx_word' id='word_1_639' title='bbox 2161 1900 2182 1913; x_wconf 51' lang='lat'><em>0</em></span> 
     </span>
    </p>
   </div>
   <div class='ocr_carea' id='block_1_30' title="bbox 1180 1923 2091 2467">
    <p class='ocr_par' dir='ltr' id='par_1_31' title="bbox 1180 1923 2091 2467">
     <span class='ocr_line' id='line_1_96' title="bbox 1183 1923 2082 1967; baseline 0.003 -8"><span class='ocrx_word' id='word_1_640' title='bbox 1183 1926 1259 1959; x_wconf 81' lang='lat' dir='ltr'>strat</span> <span class='ocrx_word' id='word_1_641' title='bbox 1273 1924 1408 1967; x_wconf 84' lang='lat' dir='ltr'>antiqua</span> <span class='ocrx_word' id='word_1_642' title='bbox 1434 1924 1466 1957; x_wconf 74' lang='grc' dir='ltr'>ὃς</span> <span class='ocrx_word' id='word_1_643' title='bbox 1479 1923 1606 1957; x_wconf 81' lang='lat' dir='ltr'>Latinae</span> <span class='ocrx_word' id='word_1_644' title='bbox 1626 1924 1665 1957; x_wconf 88' lang='lat'>-&amp;</span> <span class='ocrx_word' id='word_1_645' title='bbox 1675 1924 1793 1958; x_wconf 82' lang='lat' dir='ltr'>Graecae</span> <span class='ocrx_word' id='word_1_646' title='bbox 1805 1925 2082 1962; x_wconf 68' lang='lat' dir='ltr'>Ecciefoe·Litur-=</span> 
     </span>
     <span class='ocr_line' id='line_1_97' title="bbox 1180 1971 2084 2020; baseline 0.004 -14"><span class='ocrx_word' id='word_1_647' title='bbox 1180 1975 1254 2018; x_wconf 81' lang='lat' dir='ltr'>gia.</span> <span class='ocrx_word' id='word_1_648' title='bbox 1286 1971 1514 2014; x_wconf 81' lang='lat' dir='ltr'>Etenimpost</span> <span class='ocrx_word' id='word_1_649' title='bbox 1539 1972 1722 2004; x_wconf 79' lang='lat' dir='ltr'>solemnem</span> <span class='ocrx_word' id='word_1_650' title='bbox 1742 1974 1924 2008; x_wconf 72' lang='lat' dir='ltr'>sermonem</span> <span class='ocrx_word' id='word_1_651' title='bbox 1942 1975 2084 2020; x_wconf 55' lang='lat' dir='ltr'>Episem-</span> 
     </span>
     <span class='ocr_line' id='line_1_98' title="bbox 1185 2019 2085 2066; baseline 0.006 -12"><span class='ocrx_word' id='word_1_652' title='bbox 1185 2032 1243 2065; x_wconf 85' lang='lat' dir='ltr'>pus</span> <span class='ocrx_word' id='word_1_653' title='bbox 1267 2021 1428 2055; x_wconf 86' lang='lat' dir='ltr'>solemnes</span> <span class='ocrx_word' id='word_1_654' title='bbox 1451 2019 1620 2054; x_wconf 84' lang='lat' dir='ltr'>orationes</span> <span class='ocrx_word' id='word_1_655' title='bbox 1653 2030 1690 2054; x_wconf 88' lang='lat' dir='ltr'>ac</span> <span class='ocrx_word' id='word_1_656' title='bbox 1713 2023 2085 2066; x_wconf 68' lang='lat' dir='ltr'>manue‘impositiones‘</span> 
     </span>
     <span class='ocr_line' id='line_1_99' title="bbox 1183 2070 2086 2114; baseline 0.002 -8"><span class='ocrx_word' id='word_1_657' title='bbox 1183 2071 1281 2106; x_wconf 89' lang='lat' dir='ltr'>dabat</span> <span class='ocrx_word' id='word_1_658' title='bbox 1298 2072 1390 2114; x_wconf 90' lang='lat' dir='ltr'>super</span> <span class='ocrx_word' id='word_1_659' title='bbox 1402 2071 1656 2114; x_wconf 82' lang='lat' dir='ltr'>Energumenos</span> <span class='ocrx_word' id='word_1_660' title='bbox 1670 2094 1681 2111; x_wconf 86' lang='lat'>,</span> <span class='ocrx_word' id='word_1_661' title='bbox 1706 2070 1931 2113; x_wconf 72' lang='lat' dir='ltr'>Poeni&#39;tentes‘,</span> <span class='ocrx_word' id='word_1_662' title='bbox 1956 2074 2086 2110; x_wconf 60' lang='lat' dir='ltr'>&amp;lct-r</span> 
     </span>
     <span class='ocr_line' id='line_1_100' title="bbox 1185 2120 2078 2167; baseline 0.003 -11"><span class='ocrx_word' id='word_1_663' title='bbox 1185 2121 1399 2156; x_wconf 89' lang='lat' dir='ltr'>techumenos</span> <span class='ocrx_word' id='word_1_664' title='bbox 1417 2144 1425 2151; x_wconf 87' lang='lat'>.</span> <span class='ocrx_word' id='word_1_665' title='bbox 1451 2120 1495 2154; x_wconf 92' lang='lat' dir='ltr'>Et</span> <span class='ocrx_word' id='word_1_666' title='bbox 1522 2120 1632 2163; x_wconf 80' lang='lat' dir='ltr'>primae</span> <span class='ocrx_word' id='word_1_667' title='bbox 1654 2131 1724 2155; x_wconf 87' lang='lat' dir='ltr'>non</span> <span class='ocrx_word' id='word_1_668' title='bbox 1748 2131 1844 2157; x_wconf 26' lang='lat' dir='ltr'>erant*</span> <span class='ocrx_word' id='word_1_669' title='bbox 1863 2122 1954 2157; x_wconf 75' lang='lat' dir='ltr'>aliud</span> <span class='ocrx_word' id='word_1_670' title='bbox 1968 2124 2078 2167; x_wconf 54' lang='lat' dir='ltr'>»quam</span> 
     </span>
     <span class='ocr_line' id='line_1_101' title="bbox 1185 2169 2088 2217; baseline 0.004 -11"><span class='ocrx_word' id='word_1_671' title='bbox 1185 2171 1358 2206; x_wconf 82' lang='lat' dir='ltr'>exorcismi</span> <span class='ocrx_word' id='word_1_672' title='bbox 1371 2196 1378 2203; x_wconf 94' lang='lat'><strong>.</strong></span> <span class='ocrx_word' id='word_1_673' title='bbox 1407 2170 1451 2204; x_wconf 88' lang='lat' dir='ltr'>Et</span> <span class='ocrx_word' id='word_1_674' title='bbox 1463 2170 1606 2204; x_wconf 77' lang='lat' dir='ltr'>omnino</span> <span class='ocrx_word' id='word_1_675' title='bbox 1616 2169 2088 2217; x_wconf 26' lang='lat' dir='ltr'>fiebantperipfflmnsspiscom</span> 
     </span>
     <span class='ocr_line' id='line_1_102' title="bbox 1187 2219 2078 2266; baseline 0.006 -11"><span class='ocrx_word' id='word_1_676' title='bbox 1187 2234 1265 2266; x_wconf 88' lang='lat' dir='ltr'>pum</span> <span class='ocrx_word' id='word_1_677' title='bbox 1280 2246 1287 2254; x_wconf 92' lang='lat'>.</span> <span class='ocrx_word' id='word_1_678' title='bbox 1301 2222 1357 2255; x_wconf 47' lang='lat' dir='ltr'>*Et</span> <span class='ocrx_word' id='word_1_679' title='bbox 1380 2220 1421 2255; x_wconf 88' lang='lat' dir='ltr'>de</span> <span class='ocrx_word' id='word_1_680' title='bbox 1432 2221 1552 2255; x_wconf 59' lang='lat' dir='ltr'>Sancto</span> <span class='ocrx_word' id='word_1_681' title='bbox 1573 2219 1740 2256; x_wconf 88' lang='lat' dir='ltr'>Anthimo</span> <span class='ocrx_word' id='word_1_682' title='bbox 1754 2220 2001 2258; x_wconf 67' lang='lat' dir='ltr'>Nicomeilienfi</span> <span class='ocrx_word' id='word_1_683' title='bbox 2016 2226 2078 2260; x_wconf 82' lang='lat' dir='ltr'>Ar-</span> 
     </span>
     <span class='ocr_line' id='line_1_103' title="bbox 1187 2269 2083 2316; baseline 0.002 -9"><span class='ocrx_word' id='word_1_684' title='bbox 1187 2271 1423 2316; x_wconf 89' lang='lat' dir='ltr'>chi—Episcopo</span> <span class='ocrx_word' id='word_1_685' title='bbox 1434 2295 1444 2311; x_wconf 88' lang='lat'><strong>,</strong></span> <span class='ocrx_word' id='word_1_686' title='bbox 1472 2270 1563 2315; x_wconf 86' lang='lat' dir='ltr'>quod</span> <span class='ocrx_word' id='word_1_687' title='bbox 1575 2270 1770 2316; x_wconf 86' lang='lat' dir='ltr'>singularem</span> <span class='ocrx_word' id='word_1_688' title='bbox 1792 2274 2003 2308; x_wconf 75' lang='lat' dir='ltr'>exorcizandi</span> <span class='ocrx_word' id='word_1_689' title='bbox 2014 2269 2083 2309; x_wconf 49' lang='lat' dir='ltr'>vir&amp;-</span> 
     </span>
     <span class='ocr_line' id='line_1_104' title="bbox 1187 2319 2075 2367; baseline 0.002 -11"><span class='ocrx_word' id='word_1_690' title='bbox 1187 2332 1290 2356; x_wconf 91' lang='lat' dir='ltr'>tutem</span> <span class='ocrx_word' id='word_1_691' title='bbox 1313 2321 1462 2356; x_wconf 86' lang='lat' dir='ltr'>habuerit</span> <span class='ocrx_word' id='word_1_692' title='bbox 1484 2342 1502 2362; x_wconf 38' lang='lat' dir='ltr'>,v</span> <span class='ocrx_word' id='word_1_693' title='bbox 1534 2330 1634 2365; x_wconf 81' lang='lat' dir='ltr'>atque</span> <span class='ocrx_word' id='word_1_694' title='bbox 1667 2322 1712 2356; x_wconf 88' lang='lat' dir='ltr'>ita</span> <span class='ocrx_word' id='word_1_695' title='bbox 1733 2323 1867 2358; x_wconf 82' lang='lat' dir='ltr'>offenso·</span> <span class='ocrx_word' id='word_1_696' title='bbox 1881 2319 2075 2367; x_wconf 71' lang='lat' dir='ltr'>Imperatori</span> 
     </span>
     <span class='ocr_line' id='line_1_105' title="bbox 1187 2371 2091 2409; baseline 0.001 -3"><span class='ocrx_word' id='word_1_697' title='bbox 1187 2372 1404 2406; x_wconf 89' lang='lat' dir='ltr'>Diocletiano</span> <span class='ocrx_word' id='word_1_698' title='bbox 1416 2371 1527 2405; x_wconf 84' lang='lat' dir='ltr'>ansam</span> <span class='ocrx_word' id='word_1_699' title='bbox 1541 2372 1710 2406; x_wconf 75' lang='lat' dir='ltr'>movendae</span> <span class='ocrx_word' id='word_1_700' title='bbox 1729 2372 1828 2407; x_wconf 84' lang='lat' dir='ltr'>nobis</span> <span class='ocrx_word' id='word_1_701' title='bbox 1849 2371 2091 2409; x_wconf 72' lang='lat' dir='ltr'>crudeliffimae&#39;.</span> 
     </span>
     <span class='ocr_line' id='line_1_106' title="bbox 1188 2420 2080 2467; baseline 0.003 -11"><span class='ocrx_word' id='word_1_702' title='bbox 1188 2421 1423 2466; x_wconf 88' lang='lat' dir='ltr'>persecutionis</span> <span class='ocrx_word' id='word_1_703' title='bbox 1434 2420 1562 2455; x_wconf 88' lang='lat' dir='ltr'>dederit</span> <span class='ocrx_word' id='word_1_704' title='bbox 1574 2444 1585 2461; x_wconf 92' lang='lat'>,</span> <span class='ocrx_word' id='word_1_705' title='bbox 1611 2422 1769 2456; x_wconf 89' lang='lat' dir='ltr'>testantur</span> <span class='ocrx_word' id='word_1_706' title='bbox 1780 2423 1815 2456; x_wconf 82' lang='lat' dir='ltr'>N</span> <span class='ocrx_word' id='word_1_707' title='bbox 1819 2423 1990 2467; x_wconf 86' lang='lat' dir='ltr'>icephorus</span> <span class='ocrx_word' id='word_1_708' title='bbox 2011 2425 2080 2459; x_wconf 79' lang='lat' dir='ltr'>Ca-</span> 
     </span>
    </p>
   </div>
   <div class='ocr_carea' id='block_1_31' title="bbox 2159 1685 2224 1721">
    <p class='ocr_par' dir='ltr' id='par_1_32' title="bbox 2159 1685 2224 1721">
     <span class='ocr_line' id='line_1_107' title="bbox 2159 1685 2224 1721; baseline 0 -7"><span class='ocrx_word' id='word_1_709' title='bbox 2159 1685 2224 1721; x_wconf 50' lang='lat'>:¹53</span> 
     </span>
    </p>
   </div>
   <div class='ocr_carea' id='block_1_32' title="bbox 1187 2470 2223 2572">
    <p class='ocr_par' dir='ltr' id='par_1_33' title="bbox 1187 2470 2223 2572">
     <span class='ocr_line' id='line_1_108' title="bbox 1188 2470 2223 2530; baseline 0.001 -23"><span class='ocrx_word' id='word_1_710' title='bbox 1188 2472 1287 2507; x_wconf 80' lang='lat' dir='ltr'>lixtus</span> <span class='ocrx_word' id='word_1_711' title='bbox 1314 2472 1348 2506; x_wconf 90' lang='lat'>&amp;</span> <span class='ocrx_word' id='word_1_712' title='bbox 1372 2470 1429 2505; x_wconf 85' lang='lat' dir='ltr'>alii</span> <span class='ocrx_word' id='word_1_713' title='bbox 1450 2471 1642 2506; x_wconf 85' lang='lat' dir='ltr'>Graecorum</span> <span class='ocrx_word' id='word_1_714' title='bbox 1662 2472 1843 2516; x_wconf 85' lang='lat' dir='ltr'>Scriptores</span> <span class='ocrx_word' id='word_1_715' title='bbox 1857 2497 1864 2506; x_wconf 92' lang='lat'><strong>.</strong></span> <span class='ocrx_word' id='word_1_716' title='bbox 1892 2473 1936 2507; x_wconf 88' lang='lat' dir='ltr'>Et</span> <span class='ocrx_word' id='word_1_717' title='bbox 1954 2474 1995 2521; x_wconf 86' lang='lat' dir='ltr'>de</span> <span class='ocrx_word' id='word_1_718' title='bbox 2005 2474 2195 2530; x_wconf 42' lang='lat' dir='ltr'>Te-*Ub‘p</span> <span class='ocrx_word' id='word_1_719' title='bbox 2218 2471 2223 2486; x_wconf 83' lang='grc'><strong>“</strong></span> 
     </span>
     <span class='ocr_line' id='line_1_109' title="bbox 1187 2520 2204 2572; baseline 0.001 -16"><span class='ocrx_word' id='word_1_720' title='bbox 1187 2523 1294 2557; x_wconf 85' lang='lat' dir='ltr'>tradio</span> <span class='ocrx_word' id='word_1_721' title='bbox 1305 2546 1315 2563; x_wconf 90' lang='lat'><strong>,</strong></span> <span class='ocrx_word' id='word_1_722' title='bbox 1342 2521 1415 2555; x_wconf 91' lang='lat' dir='ltr'>viro</span> <span class='ocrx_word' id='word_1_723' title='bbox 1426 2520 1655 2555; x_wconf 74' lang='lat' dir='ltr'>proconsulari</span> <span class='ocrx_word' id='word_1_724' title='bbox 1668 2522 1700 2555; x_wconf 69' lang='grc' dir='ltr'>ὅ(</span> <span class='ocrx_word' id='word_1_725' title='bbox 1711 2520 1818 2556; x_wconf 86' lang='lat' dir='ltr'>adhuc</span> <span class='ocrx_word' id='word_1_726' title='bbox 1830 2523 1947 2567; x_wconf 89' lang='lat' dir='ltr'>gentili</span> <span class='ocrx_word' id='word_1_727' title='bbox 1961 2523 2073 2567; x_wconf 81' lang='lat' dir='ltr'>„quod</span> <span class='ocrx_word' id='word_1_728' title='bbox 2083 2539 2160 2572; x_wconf 45' lang='lat' dir='ltr'>sap.</span> <span class='ocrx_word' id='word_1_729' title='bbox 2174 2539 2204 2565; x_wconf 82' lang='lat'>6·</span> 
     </span>
    </p>
   </div>
   <div class='ocr_carea' id='block_1_33' title="bbox 1182 2571 2084 2617">
    <p class='ocr_par' dir='ltr' id='par_1_34' title="bbox 1182 2571 2084 2617">
     <span class='ocr_line' id='line_1_110' title="bbox 1182 2571 2084 2617; baseline 0 -9"><span class='ocrx_word' id='word_1_730' title='bbox 1182 2574 1342 2608; x_wconf 56' lang='lat' dir='ltr'>‚Sanstum</span> <span class='ocrx_word' id='word_1_731' title='bbox 1355 2571 1542 2606; x_wconf 85' lang='lat' dir='ltr'>Martinum</span> <span class='ocrx_word' id='word_1_732' title='bbox 1564 2572 1606 2606; x_wconf 90' lang='lat' dir='ltr'>ad</span> <span class='ocrx_word' id='word_1_733' title='bbox 1626 2572 1719 2606; x_wconf 88' lang='lat' dir='ltr'>suum</span> <span class='ocrx_word' id='word_1_734' title='bbox 1738 2571 2007 2617; x_wconf 83' lang='lat' dir='ltr'>Energumenum</span> <span class='ocrx_word' id='word_1_735' title='bbox 2029 2574 2084 2608; x_wconf 54' lang='lat' dir='ltr'>fa-i</span> 
     </span>
    </p>
   </div>
   <div class='ocr_carea' id='block_1_34' title="bbox 1184 2667 2083 2717">
    <p class='ocr_par' dir='ltr' id='par_1_35' title="bbox 1184 2667 2083 2717">
     <span class='ocr_line' id='line_1_111' title="bbox 1184 2667 2083 2717; baseline 0.002 -10"><span class='ocrx_word' id='word_1_736' title='bbox 1184 2667 1278 2715; x_wconf 55' lang='lat' dir='ltr'>[istius</span> <span class='ocrx_word' id='word_1_737' title='bbox 1299 2671 1366 2705; x_wconf 91' lang='lat' dir='ltr'>vita</span> <span class='ocrx_word' id='word_1_738' title='bbox 1376 2667 1512 2706; x_wconf 70' lang='lat' dir='ltr'>Sanctus</span> <span class='ocrx_word' id='word_1_739' title='bbox 1532 2670 1689 2714; x_wconf 79' lang='lat' dir='ltr'>Sulpicius</span> <span class='ocrx_word' id='word_1_740' title='bbox 1709 2674 1844 2708; x_wconf 86' lang='lat' dir='ltr'>Severus</span> <span class='ocrx_word' id='word_1_741' title='bbox 1858 2697 1869 2713; x_wconf 89' lang='lat'><strong>,</strong></span> <span class='ocrx_word' id='word_1_742' title='bbox 1895 2682 1993 2717; x_wconf 83' lang='lat' dir='ltr'>atque</span> <span class='ocrx_word' id='word_1_743' title='bbox 2017 2673 2083 2709; x_wconf 79' lang='lat' dir='ltr'>acl-¹</span> 
     </span>
    </p>
   </div>
   <div class='ocr_carea' id='block_1_35' title="bbox 1184 2719 2285 2768">
    <p class='ocr_par' dir='ltr' id='par_1_36' title="bbox 1184 2719 2285 2768">
     <span class='ocr_line' id='line_1_112' title="bbox 1184 2719 2285 2768; baseline 0.001 -13"><span class='ocrx_word' id='word_1_744' title='bbox 1184 2719 1315 2768; x_wconf 56' lang='lat' dir='ltr'>ssjungit:</span> <span class='ocrx_word' id='word_1_745' title='bbox 1344 2724 1498 2755; x_wconf 79' lang='lat' dir='ltr'>Martinus</span> <span class='ocrx_word' id='word_1_746' title='bbox 1521 2719 1653 2764; x_wconf 73' lang='lat' dir='ltr'>imposita</span> <span class='ocrx_word' id='word_1_747' title='bbox 1674 2733 1765 2756; x_wconf 82' lang='lat' dir='ltr'>manu</span> <span class='ocrx_word' id='word_1_748' title='bbox 1783 2732 1876 2766; x_wconf 83' lang='lat' dir='ltr'>puero</span> <span class='ocrx_word' id='word_1_749' title='bbox 1908 2747 1920 2764; x_wconf 89' lang='lat'>‚</span> <span class='ocrx_word' id='word_1_750' title='bbox 1946 2725 2222 2767; x_wconf 59' lang='lat' dir='ltr'>immun-Cdpass&#39;</span> <span class='ocrx_word' id='word_1_751' title='bbox 2281 2752 2285 2756; x_wconf 94' lang='lat'>.</span> 
     </span>
    </p>
   </div>
   <div class='ocr_carea' id='block_1_36' title="bbox 249 2770 2074 2817">
    <p class='ocr_par' dir='ltr' id='par_1_37' title="bbox 249 2770 2074 2817">
     <span class='ocr_line' id='line_1_113' title="bbox 249 2770 2074 2817; baseline 0 -9"><span class='ocrx_word' id='word_1_752' title='bbox 249 2773 353 2808; x_wconf 89' lang='lat' dir='ltr'>cobus</span> <span class='ocrx_word' id='word_1_753' title='bbox 379 2771 490 2806; x_wconf 72' lang='lat' dir='ltr'>Goar‘:</span> <span class='ocrx_word' id='word_1_754' title='bbox 516 2770 678 2805; x_wconf 70' lang='lat' dir='ltr'>Exorcmae</span> <span class='ocrx_word' id='word_1_755' title='bbox 701 2773 783 2814; x_wconf 79' lang='lat' dir='ltr'>apud</span> <span class='ocrx_word' id='word_1_756' title='bbox 803 2775 922 2806; x_wconf 80' lang='lat' dir='ltr'>Graecos</span> <span class='ocrx_word' id='word_1_757' title='bbox 944 2783 982 2808; x_wconf 77' lang='lat' dir='ltr'>ex</span> <span class='ocrx_word' id='word_1_758' title='bbox 1002 2776 1138 2815; x_wconf 79' lang='lat' dir='ltr'>antiqua·</span> <span class='ocrx_word' id='word_1_759' title='bbox 1184 2775 1262 2810; x_wconf 60' lang='lat' dir='ltr'>dum</span> <span class='ocrx_word' id='word_1_760' title='bbox 1283 2772 1322 2805; x_wconf 85' lang='lat' dir='ltr'>ab</span> <span class='ocrx_word' id='word_1_761' title='bbox 1339 2781 1370 2805; x_wconf 84' lang='lat' dir='ltr'>eo</span> <span class='ocrx_word' id='word_1_762' title='bbox 1390 2774 1537 2814; x_wconf 79' lang='lat' dir='ltr'>spirltum</span> <span class='ocrx_word' id='word_1_763' title='bbox 1561 2774 1660 2816; x_wconf 75' lang='lat' dir='ltr'>ejecit.</span> <span class='ocrx_word' id='word_1_764' title='bbox 1689 2776 1758 2817; x_wconf 72' lang='lat' dir='ltr'>,Quo</span> <span class='ocrx_word' id='word_1_765' title='bbox 1779 2771 1845 2816; x_wconf 74' lang='lat' dir='ltr'>viso</span> <span class='ocrx_word' id='word_1_766' title='bbox 1856 2775 2020 2807; x_wconf 74' lang='lat' dir='ltr'>Tetradrus</span> <span class='ocrx_word' id='word_1_767' title='bbox 2039 2779 2074 2808; x_wconf 77' lang='lat' dir='ltr'>in</span> 
     </span>
    </p>
   </div>
   <div class='ocr_carea' id='block_1_37' title="bbox 1192 2820 2081 2866">
    <p class='ocr_par' dir='ltr' id='par_1_38' title="bbox 1192 2820 2081 2866">
     <span class='ocr_line' id='line_1_114' title="bbox 1192 2820 2081 2866; baseline 0.002 -10"><span class='ocrx_word' id='word_1_768' title='bbox 1192 2822 1347 2856; x_wconf 72' lang='lat' dir='ltr'>Dominum</span> <span class='ocrx_word' id='word_1_769' title='bbox 1370 2820 1527 2866; x_wconf 86' lang='lat' dir='ltr'>JESUM</span> <span class='ocrx_word' id='word_1_770' title='bbox 1548 2824 1676 2856; x_wconf 73' lang='lat' dir='ltr'>eredidit</span> <span class='ocrx_word' id='word_1_771' title='bbox 1694 2847 1704 2862; x_wconf 94' lang='lat'>‚</span> <span class='ocrx_word' id='word_1_772' title='bbox 1726 2822 1887 2866; x_wconf 76' lang='lat' dir='ltr'>statimque</span> <span class='ocrx_word' id='word_1_773' title='bbox 1900 2822 1965 2866; x_wconf 75' lang='lat' dir='ltr'>post</span> <span class='ocrx_word' id='word_1_774' title='bbox 1984 2828 2081 2858; x_wconf 72' lang='lat' dir='ltr'>Care-¹</span> 
     </span>
    </p>
   </div>
   <div class='ocr_carea' id='block_1_38' title="bbox 251 2871 2085 2917">
    <p class='ocr_par' dir='ltr' id='par_1_39' title="bbox 251 2871 2085 2917">
     <span class='ocr_line' id='line_1_115' title="bbox 251 2871 2085 2917; baseline 0.001 -10"><span class='ocrx_word' id='word_1_775' title='bbox 251 2883 300 2907; x_wconf 77' lang='lat' dir='ltr'>tus</span> <span class='ocrx_word' id='word_1_776' title='bbox 313 2873 398 2917; x_wconf 87' lang='lat' dir='ltr'>apud</span> <span class='ocrx_word' id='word_1_777' title='bbox 412 2872 541 2905; x_wconf 82' lang='lat' dir='ltr'>Graecos</span> <span class='ocrx_word' id='word_1_778' title='bbox 555 2871 659 2905; x_wconf 75' lang='lat' dir='ltr'>Lec‘lor</span> <span class='ocrx_word' id='word_1_779' title='bbox 665 2871 759 2916; x_wconf 79' lang='lat' dir='ltr'>sacris</span> <span class='ocrx_word' id='word_1_780' title='bbox 769 2873 879 2906; x_wconf 76' lang='lat' dir='ltr'>altaris</span> <span class='ocrx_word' id='word_1_781' title='bbox 879 2873 1000 2915; x_wconf 74' lang='lat' dir='ltr'>foribus</span> <span class='ocrx_word' id='word_1_782' title='bbox 1011 2873 1129 2914; x_wconf 81' lang='lat' dir='ltr'>adflat,</span> <span class='ocrx_word' id='word_1_783' title='bbox 1192 2873 1348 2908; x_wconf 80' lang='lat' dir='ltr'>chamenus</span> <span class='ocrx_word' id='word_1_784' title='bbox 1369 2871 1475 2914; x_wconf 61' lang='lat' dir='ltr'>fadus</span> <span class='ocrx_word' id='word_1_785' title='bbox 1498 2894 1509 2913; x_wconf 92' lang='lat'>,</span> <span class='ocrx_word' id='word_1_786' title='bbox 1547 2883 1598 2906; x_wconf 86' lang='lat' dir='ltr'>nec</span> <span class='ocrx_word' id='word_1_787' title='bbox 1625 2874 1718 2906; x_wconf 70' lang='lat' dir='ltr'>multo</span> <span class='ocrx_word' id='word_1_788' title='bbox 1732 2874 1796 2916; x_wconf 85' lang='lat' dir='ltr'>post</span> <span class='ocrx_word' id='word_1_789' title='bbox 1817 2874 1993 2916; x_wconf 70' lang='lat' dir='ltr'>baptizatus</span> <span class='ocrx_word' id='word_1_790' title='bbox 2013 2873 2052 2914; x_wconf 77' lang='lat' dir='ltr'>est</span> <span class='ocrx_word' id='word_1_791' title='bbox 2061 2879 2085 2916; x_wconf 71' lang='lat'>·,⁷</span> 
     </span>
    </p>
   </div>
   <div class='ocr_carea' id='block_1_39' title="bbox 248 2922 1131 3117">
    <p class='ocr_par' dir='ltr' id='par_1_40' title="bbox 248 2922 1131 3117">
     <span class='ocr_line' id='line_1_116' title="bbox 250 2922 1130 2968; baseline -0.002 -10"><span class='ocrx_word' id='word_1_792' title='bbox 250 2924 368 2968; x_wconf 85' lang='lat' dir='ltr'>legendo</span> <span class='ocrx_word' id='word_1_793' title='bbox 391 2922 560 2965; x_wconf 81' lang='lat' dir='ltr'>Evangelio</span> <span class='ocrx_word' id='word_1_794' title='bbox 583 2923 865 2965; x_wconf 68' lang='lat' dir='ltr'>Cereumpraefer&#39;t‚</span> <span class='ocrx_word' id='word_1_795' title='bbox 890 2926 1076 2965; x_wconf 70' lang='lat' dir='ltr'>scripturam</span> <span class='ocrx_word' id='word_1_796' title='bbox 1081 2922 1130 2967; x_wconf 84' lang='lat' dir='ltr'>sa·</span> 
     </span>
     <span class='ocr_line' id='line_1_117' title="bbox 248 2972 1130 3017; baseline -0.003 -8"><span class='ocrx_word' id='word_1_797' title='bbox 248 2986 329 3009; x_wconf 85' lang='lat' dir='ltr'>cram</span> <span class='ocrx_word' id='word_1_798' title='bbox 348 2973 439 3016; x_wconf 83' lang='lat' dir='ltr'>legit,</span> <span class='ocrx_word' id='word_1_799' title='bbox 470 2982 561 3014; x_wconf 79' lang='lat' dir='ltr'>atque</span> <span class='ocrx_word' id='word_1_800' title='bbox 577 2977 795 3017; x_wconf 83' lang='lat' dir='ltr'>Energumem&#39;s</span> <span class='ocrx_word' id='word_1_801' title='bbox 819 2985 858 3006; x_wconf 79' lang='lat' dir='ltr'>ex</span> <span class='ocrx_word' id='word_1_802' title='bbox 882 2972 1034 3015; x_wconf 80' lang='lat' dir='ltr'>Pontificis</span> <span class='ocrx_word' id='word_1_803' title='bbox 1058 2985 1130 3006; x_wconf 86' lang='lat' dir='ltr'>com-</span> 
     </span>
     <span class='ocr_line' id='line_1_118' title="bbox 248 3022 1130 3065; baseline -0.002 -7"><span class='ocrx_word' id='word_1_804' title='bbox 248 3026 396 3065; x_wconf 76' lang='lat' dir='ltr'>miffione‚</span> <span class='ocrx_word' id='word_1_805' title='bbox 418 3034 487 3065; x_wconf 83' lang='lat' dir='ltr'>quae</span> <span class='ocrx_word' id='word_1_806' title='bbox 509 3033 587 3056; x_wconf 85' lang='lat' dir='ltr'>nunc</span> <span class='ocrx_word' id='word_1_807' title='bbox 608 3025 727 3057; x_wconf 69' lang='lat' dir='ltr'>tantum</span> <span class='ocrx_word' id='word_1_808' title='bbox 750 3022 951 3057; x_wconf 72' lang='lat' dir='ltr'>Sacerdotibus</span> <span class='ocrx_word' id='word_1_809' title='bbox 972 3025 1130 3057; x_wconf 77' lang='lat' dir='ltr'>demanda-</span> 
     </span>
     <span class='ocr_line' id='line_1_119' title="bbox 248 3071 1131 3117; baseline 0 -9"><span class='ocrx_word' id='word_1_810' title='bbox 248 3084 297 3109; x_wconf 69' lang='lat' dir='ltr'>tur</span> <span class='ocrx_word' id='word_1_811' title='bbox 310 3100 320 3116; x_wconf 90' lang='lat'>‚</span> <span class='ocrx_word' id='word_1_812' title='bbox 345 3083 454 3110; x_wconf 79' lang='lat' dir='ltr'>manus</span> <span class='ocrx_word' id='word_1_813' title='bbox 470 3071 561 3116; x_wconf 80' lang='lat' dir='ltr'>poffet</span> <span class='ocrx_word' id='word_1_814' title='bbox 582 3079 747 3116; x_wconf 73' lang='lat' dir='ltr'>imponere.</span> <span class='ocrx_word' id='word_1_815' title='bbox 776 3074 859 3108; x_wconf 89' lang='lat' dir='ltr'>Non</span> <span class='ocrx_word' id='word_1_816' title='bbox 883 3075 1026 3117; x_wconf 87' lang='lat' dir='ltr'>imponit</span> <span class='ocrx_word' id='word_1_817' title='bbox 1039 3100 1049 3115; x_wconf 93' lang='lat'>‚</span> <span class='ocrx_word' id='word_1_818' title='bbox 1077 3075 1131 3108; x_wconf 86' lang='lat' dir='ltr'>sed</span> 
     </span>
    </p>
   </div>
   <div class='ocr_carea' id='block_1_40' title="bbox 246 3123 1159 3218">
    <p class='ocr_par' dir='ltr' id='par_1_41' title="bbox 246 3123 1159 3218">
     <span class='ocr_line' id='line_1_120' title="bbox 246 3123 1139 3169; baseline -0.004 -10"><span class='ocrx_word' id='word_1_819' title='bbox 246 3127 350 3167; x_wconf 71' lang='lat' dir='ltr'>&#39;pollet</span> <span class='ocrx_word' id='word_1_820' title='bbox 365 3125 556 3167; x_wconf 81' lang='lat' dir='ltr'>imponere.</span> <span class='ocrx_word' id='word_1_821' title='bbox 585 3125 628 3157; x_wconf 92' lang='lat' dir='ltr'>Et</span> <span class='ocrx_word' id='word_1_822' title='bbox 640 3123 790 3169; x_wconf 83' lang='lat' dir='ltr'>adjungit</span> <span class='ocrx_word' id='word_1_823' title='bbox 812 3124 910 3158; x_wconf 81' lang='lat' dir='ltr'>istum</span> <span class='ocrx_word' id='word_1_824' title='bbox 932 3125 995 3159; x_wconf 72' lang='lat' dir='ltr'>esse</span> <span class='ocrx_word' id='word_1_825' title='bbox 1008 3125 1139 3159; x_wconf 52' lang='lat' dir='ltr'>sensum„</span> 
     </span>
     <span class='ocr_line' id='line_1_121' title="bbox 251 3172 1159 3218; baseline 0.001 -10"><span class='ocrx_word' id='word_1_826' title='bbox 251 3175 399 3209; x_wconf 89' lang='lat' dir='ltr'>Canonis</span> <span class='ocrx_word' id='word_1_827' title='bbox 422 3172 652 3208; x_wconf 85' lang='lat' dir='ltr'>Laodicensis.</span> <span class='ocrx_word' id='word_1_828' title='bbox 682 3176 724 3208; x_wconf 86' lang='lat' dir='ltr'>Et</span> <span class='ocrx_word' id='word_1_829' title='bbox 736 3175 904 3209; x_wconf 90' lang='lat' dir='ltr'>laudatum</span> <span class='ocrx_word' id='word_1_830' title='bbox 929 3173 1132 3218; x_wconf 79' lang='lat' dir='ltr'>primilnno·</span> <span class='ocrx_word' id='word_1_831' title='bbox 1157 3214 1159 3217; x_wconf 25' lang='lat'><strong><em>¹</em></strong></span> 
     </span>
    </p>
   </div>
   <div class='ocr_carea' id='block_1_41' title="bbox 251 3222 1132 3368">
    <p class='ocr_par' dir='ltr' id='par_1_42' title="bbox 251 3222 1132 3368">
     <span class='ocr_line' id='line_1_122' title="bbox 251 3222 1132 3259; baseline 0 -2"><span class='ocrx_word' id='word_1_832' title='bbox 251 3224 351 3258; x_wconf 86' lang='lat' dir='ltr'>centii</span> <span class='ocrx_word' id='word_1_833' title='bbox 364 3225 544 3259; x_wconf 87' lang='lat' dir='ltr'>Decretum</span> <span class='ocrx_word' id='word_1_834' title='bbox 555 3224 633 3258; x_wconf 88' lang='lat' dir='ltr'>volo</span> <span class='ocrx_word' id='word_1_835' title='bbox 647 3225 807 3259; x_wconf 84' lang='lat' dir='ltr'>verbatim</span> <span class='ocrx_word' id='word_1_836' title='bbox 822 3226 1001 3259; x_wconf 82' lang='lat' dir='ltr'>adducere:</span> <span class='ocrx_word' id='word_1_837' title='bbox 1030 3228 1075 3257; x_wconf 85' lang='lat' dir='ltr'>De</span> <span class='ocrx_word' id='word_1_838' title='bbox 1085 3222 1132 3257; x_wconf 75' lang='lat' dir='ltr'>bis</span> 
     </span>
     <span class='ocr_line' id='line_1_123' title="bbox 251 3272 1128 3317; baseline 0 -11"><span class='ocrx_word' id='word_1_839' title='bbox 251 3273 418 3315; x_wconf 68' lang='lat' dir='ltr'>baptizatis</span> <span class='ocrx_word' id='word_1_840' title='bbox 446 3298 457 3314; x_wconf 95' lang='lat'>,</span> <span class='ocrx_word' id='word_1_841' title='bbox 489 3280 539 3317; x_wconf 74' lang='lat' dir='ltr'>qui</span> <span class='ocrx_word' id='word_1_842' title='bbox 562 3272 661 3316; x_wconf 83' lang='lat' dir='ltr'>postea</span> <span class='ocrx_word' id='word_1_843' title='bbox 688 3277 707 3308; x_wconf 74' lang='grc' dir='ltr'><em>ἂ</em></span> <span class='ocrx_word' id='word_1_844' title='bbox 734 3279 885 3308; x_wconf 79' lang='lat' dir='ltr'>Doemonio</span> <span class='ocrx_word' id='word_1_845' title='bbox 910 3281 1128 3317; x_wconf 75' lang='lat' dir='ltr'>corripiuntur,</span> 
     </span>
     <span class='ocr_line' id='line_1_124' title="bbox 251 3322 1132 3368; baseline 0.001 -11"><span class='ocrx_word' id='word_1_846' title='bbox 251 3322 389 3366; x_wconf 78' lang='lat' dir='ltr'>quaefivit</span> <span class='ocrx_word' id='word_1_847' title='bbox 411 3325 536 3363; x_wconf 67' lang='lat' dir='ltr'>Diledlio</span> <span class='ocrx_word' id='word_1_848' title='bbox 556 3332 629 3368; x_wconf 78' lang='lat' dir='ltr'>tua,</span> <span class='ocrx_word' id='word_1_849' title='bbox 648 3324 678 3368; x_wconf 83' lang='lat' dir='ltr'>si</span> <span class='ocrx_word' id='word_1_850' title='bbox 692 3328 712 3360; x_wconf 71' lang='grc' dir='ltr'><em>ἃ</em></span> <span class='ocrx_word' id='word_1_851' title='bbox 738 3326 908 3366; x_wconf 71' lang='lat' dir='ltr'>Presbytero</span> <span class='ocrx_word' id='word_1_852' title='bbox 933 3327 985 3360; x_wconf 79' lang='lat' dir='ltr'>vel</span> <span class='ocrx_word' id='word_1_853' title='bbox 1005 3327 1132 3358; x_wconf 81' lang='lat' dir='ltr'>Diacono</span> 
     </span>
    </p>
   </div>
   <div class='ocr_carea' id='block_1_42' title="bbox 1171 2946 1191 3514">
    <p class='ocr_par' dir='ltr' id='par_1_43' title="bbox 1171 2946 1191 3514">
     <span class='ocr_line' id='line_1_125' title="bbox 1171 2946 1184 3143; baseline 0 0"><span class='ocrx_word' id='word_1_854' title='bbox 1171 2946 1184 3143; x_wconf 95' lang='lat' dir='ltr'>    </span> 
     </span>
     <span class='ocr_line' id='line_1_126' title="bbox 1171 3143 1191 3514; baseline 0 0"><span class='ocrx_word' id='word_1_855' title='bbox 1171 3143 1191 3514; x_wconf 95' lang='lat' dir='ltr'>  </span> 
     </span>
    </p>
   </div>
   <div class='ocr_carea' id='block_1_43' title="bbox 1184 2920 2084 3066">
    <p class='ocr_par' dir='ltr' id='par_1_44' title="bbox 1184 2920 2084 3066">
     <span class='ocr_line' id='line_1_127' title="bbox 1185 2920 2082 2970; baseline -0.002 -12"><span class='ocrx_word' id='word_1_856' title='bbox 1185 2923 1359 2970; x_wconf 82' lang='lat' dir='ltr'>semperque</span> <span class='ocrx_word' id='word_1_857' title='bbox 1384 2925 1550 2956; x_wconf 75' lang='lat' dir='ltr'>Martinam</span> <span class='ocrx_word' id='word_1_858' title='bbox 1562 2921 1671 2966; x_wconf 80' lang='lat' dir='ltr'>salutis</span> <span class='ocrx_word' id='word_1_859' title='bbox 1688 2922 1755 2966; x_wconf 87' lang='lat' dir='ltr'>suae</span> <span class='ocrx_word' id='word_1_860' title='bbox 1776 2920 1934 2958; x_wconf 69' lang='lat' dir='ltr'>authorem?</span> <span class='ocrx_word' id='word_1_861' title='bbox 1950 2930 2024 2957; x_wconf 81' lang='lat' dir='ltr'>miro</span> <span class='ocrx_word' id='word_1_862' title='bbox 2033 2935 2082 2958; x_wconf 64' lang='lat' dir='ltr'>com</span> 
     </span>
     <span class='ocr_line' id='line_1_128' title="bbox 1184 2972 2084 3022; baseline 0.003 -16"><span class='ocrx_word' id='word_1_863' title='bbox 1184 2972 1374 3022; x_wconf 15' lang='lat' dir='ltr'>iluitlaffec‘Ju</span> <span class='ocrx_word' id='word_1_864' title='bbox 1398 2994 1406 3004; x_wconf 73' lang='grc'><em>.</em></span> <span class='ocrx_word' id='word_1_865' title='bbox 1433 2972 1588 3016; x_wconf 84' lang='lat' dir='ltr'>Sulpitius</span> <span class='ocrx_word' id='word_1_866' title='bbox 1609 2972 1701 3008; x_wconf 88' lang='lat' dir='ltr'>addit</span> <span class='ocrx_word' id='word_1_867' title='bbox 1728 2974 1917 3008; x_wconf 86' lang='lat' dir='ltr'>Martinum</span> <span class='ocrx_word' id='word_1_868' title='bbox 1941 2974 2084 3020; x_wconf 53' lang='lat' dir='ltr'>roganti*-</span> 
     </span>
     <span class='ocr_line' id='line_1_129' title="bbox 1194 3023 2084 3066; baseline -0.001 -7"><span class='ocrx_word' id='word_1_869' title='bbox 1194 3026 1276 3059; x_wconf 85' lang='lat' dir='ltr'>istud</span> <span class='ocrx_word' id='word_1_870' title='bbox 1299 3023 1446 3058; x_wconf 88' lang='lat' dir='ltr'>officium</span> <span class='ocrx_word' id='word_1_871' title='bbox 1470 3023 1637 3059; x_wconf 73' lang='lat' dir='ltr'>Tetradio,</span> <span class='ocrx_word' id='word_1_872' title='bbox 1653 3024 1746 3058; x_wconf 82' lang='lat' dir='ltr'>fuisse</span> <span class='ocrx_word' id='word_1_873' title='bbox 1767 3024 1979 3066; x_wconf 69' lang='lat' dir='ltr'>relushtum,</span> <span class='ocrx_word' id='word_1_874' title='bbox 2004 3031 2084 3058; x_wconf 77' lang='lat' dir='ltr'>tan-³</span> 
     </span>
    </p>
   </div>
   <div class='ocr_carea' id='block_1_44' title="bbox 1192 3172 2076 3310">
    <p class='ocr_par' dir='ltr' id='par_1_45' title="bbox 1192 3172 2076 3310">
     <span class='ocr_line' id='line_1_130' title="bbox 1192 3172 2073 3219; baseline -0.007 -10"><span class='ocrx_word' id='word_1_875' title='bbox 1192 3177 1262 3209; x_wconf 89' lang='lat' dir='ltr'>sum</span> <span class='ocrx_word' id='word_1_876' title='bbox 1287 3173 1446 3219; x_wconf 81' lang='lat' dir='ltr'>judicaret</span> <span class='ocrx_word' id='word_1_877' title='bbox 1470 3172 1641 3218; x_wconf 85' lang='lat' dir='ltr'>Episcopo</span> <span class='ocrx_word' id='word_1_878' title='bbox 1660 3187 1729 3208; x_wconf 90' lang='lat' dir='ltr'>non</span> <span class='ocrx_word' id='word_1_879' title='bbox 1752 3175 1950 3209; x_wconf 79' lang='lat' dir='ltr'>convenire.</span> <span class='ocrx_word' id='word_1_880' title='bbox 1980 3172 2073 3205; x_wconf 80' lang='lat' dir='ltr'>Hinc</span> 
     </span>
     <span class='ocr_line' id='line_1_131' title="bbox 1193 3221 2076 3270; baseline -0.009 -10"><span class='ocrx_word' id='word_1_881' title='bbox 1193 3225 1346 3270; x_wconf 86' lang='lat' dir='ltr'>adjungit</span> <span class='ocrx_word' id='word_1_882' title='bbox 1370 3224 1579 3268; x_wconf 56' lang='lat' dir='ltr'>&amp;spontaneo</span> <span class='ocrx_word' id='word_1_883' title='bbox 1591 3224 1741 3259; x_wconf 85' lang='lat' dir='ltr'>Mattino</span> <span class='ocrx_word' id='word_1_884' title='bbox 1762 3226 1845 3259; x_wconf 79' lang='lat' dir='ltr'>alios</span> <span class='ocrx_word' id='word_1_885' title='bbox 1866 3225 1971 3268; x_wconf 83' lang='lat' dir='ltr'>plures</span> <span class='ocrx_word' id='word_1_886' title='bbox 1982 3221 2076 3254; x_wconf 71' lang='lat' dir='ltr'>fuisse</span> 
     </span>
     <span class='ocr_line' id='line_1_132' title="bbox 1193 3271 2076 3310; baseline -0.008 -1"><span class='ocrx_word' id='word_1_887' title='bbox 1193 3276 1396 3309; x_wconf 80' lang='lat' dir='ltr'>&#39;exorcizatos</span> <span class='ocrx_word' id='word_1_888' title='bbox 1407 3287 1444 3309; x_wconf 84' lang='lat' dir='ltr'>ac</span> <span class='ocrx_word' id='word_1_889' title='bbox 1456 3274 1611 3309; x_wconf 74' lang='lat' dir='ltr'>liberatos</span> <span class='ocrx_word' id='word_1_890' title='bbox 1621 3300 1628 3308; x_wconf 86' lang='lat'>.</span> <span class='ocrx_word' id='word_1_891' title='bbox 1660 3274 1818 3310; x_wconf 72' lang='lat' dir='ltr'>Notanda</span> <span class='ocrx_word' id='word_1_892' title='bbox 1835 3274 1911 3307; x_wconf 68' lang='lat' dir='ltr'>ssim:</span> <span class='ocrx_word' id='word_1_893' title='bbox 1919 3271 1986 3305; x_wconf 83' lang='lat' dir='ltr'>haec</span> <span class='ocrx_word' id='word_1_894' title='bbox 1995 3271 2076 3303; x_wconf 85' lang='lat' dir='ltr'>San-</span> 
     </span>
    </p>
   </div>
   <div class='ocr_carea' id='block_1_45' title="bbox 1193 3318 2081 3405">
    <p class='ocr_par' dir='ltr' id='par_1_46' title="bbox 1193 3318 2081 3405">
     <span class='ocr_line' id='line_1_133' title="bbox 1193 3318 2081 3362; baseline -0.007 -2"><span class='ocrx_word' id='word_1_895' title='bbox 1193 3326 1235 3360; x_wconf 69' lang='lat' dir='ltr'>eti</span> <span class='ocrx_word' id='word_1_896' title='bbox 1256 3325 1397 3359; x_wconf 88' lang='lat' dir='ltr'>Martini</span> <span class='ocrx_word' id='word_1_897' title='bbox 1418 3324 1461 3361; x_wconf 89' lang='lat' dir='ltr'>ad</span> <span class='ocrx_word' id='word_1_898' title='bbox 1483 3325 1685 3362; x_wconf 76' lang='lat' dir='ltr'>Doemonem</span> <span class='ocrx_word' id='word_1_899' title='bbox 1707 3324 1799 3361; x_wconf 66' lang='lat' dir='ltr'>verbu</span> <span class='ocrx_word' id='word_1_900' title='bbox 1821 3323 1856 3357; x_wconf 71' lang='grc' dir='ltr'>δε</span> <span class='ocrx_word' id='word_1_901' title='bbox 1880 3320 1960 3356; x_wconf 63' lang='lat' dir='ltr'>Aeta</span> <span class='ocrx_word' id='word_1_902' title='bbox 1982 3332 1990 3352; x_wconf 74' lang='grc' dir='ltr'>ι</span> <span class='ocrx_word' id='word_1_903' title='bbox 2016 3318 2081 3354; x_wconf 61' lang='lat' dir='ltr'>sod</span> 
     </span>
     <span class='ocr_line' id='line_1_134' title="bbox 1875 3380 2025 3405; baseline -0.007 0"><span class='ocrx_word' id='word_1_904' title='bbox 1875 3394 1877 3396; x_wconf 88' lang='lat'><em>-</em></span> <span class='ocrx_word' id='word_1_905' title='bbox 1960 3380 2025 3405; x_wconf 78' lang='lat' dir='ltr'>eum</span> 
     </span>
    </p>
   </div>
   <div class='ocr_carea' id='block_1_46' title="bbox 1184 3068 2220 3173">
    <p class='ocr_par' dir='ltr' id='par_1_47' title="bbox 1184 3068 2220 3173">
     <span class='ocr_line' id='line_1_135' title="bbox 1184 3068 2220 3118; baseline -0.001 -10"><span class='ocrx_word' id='word_1_906' title='bbox 1184 3075 1335 3118; x_wconf 62' lang='lat' dir='ltr'>ssdemque</span> <span class='ocrx_word' id='word_1_907' title='bbox 1347 3072 1551 3116; x_wconf 87' lang='lat' dir='ltr'>compulsum</span> <span class='ocrx_word' id='word_1_908' title='bbox 1560 3074 1768 3109; x_wconf 73' lang='lat' dir='ltr'>consensisse:</span> <span class='ocrx_word' id='word_1_909' title='bbox 1779 3075 1965 3118; x_wconf 77' lang='lat' dir='ltr'>Nonquod-</span> <span class='ocrx_word' id='word_1_910' title='bbox 1975 3074 2080 3109; x_wconf 76' lang='lat' dir='ltr'>istum‘</span> <span class='ocrx_word' id='word_1_911' title='bbox 2090 3068 2160 3107; x_wconf 67' lang='lat' dir='ltr'>Cap·</span> <span class='ocrx_word' id='word_1_912' title='bbox 2173 3068 2220 3103; x_wconf 64' lang='lat'>¹7³</span> 
     </span>
     <span class='ocr_line' id='line_1_136' title="bbox 1186 3112 2138 3173; baseline -0.001 -15"><span class='ocrx_word' id='word_1_913' title='bbox 1186 3125 1432 3173; x_wconf 66' lang='lat' dir='ltr'>exorcismum,</span> <span class='ocrx_word' id='word_1_914' title='bbox 1461 3124 1512 3157; x_wconf 87' lang='lat' dir='ltr'>sed</span> <span class='ocrx_word' id='word_1_915' title='bbox 1535 3125 1625 3168; x_wconf 90' lang='lat' dir='ltr'>quod</span> <span class='ocrx_word' id='word_1_916' title='bbox 1646 3125 1791 3159; x_wconf 88' lang='lat' dir='ltr'>Gentilis</span> <span class='ocrx_word' id='word_1_917' title='bbox 1812 3121 1933 3159; x_wconf 77' lang='lat' dir='ltr'>domus</span> <span class='ocrx_word' id='word_1_918' title='bbox 1955 3122 2080 3171; x_wconf 63' lang='lat' dir='ltr'>ingress</span> <span class='ocrx_word' id='word_1_919' title='bbox 2095 3112 2138 3139; x_wconf 77' lang='lat'>¹⁸·</span> 
     </span>
    </p>
   </div>
  </div>
 </body>
</html>
