2346 3724
72 1610 126 1648 Ep.
141 1612 189 1645 76.

735 150 776 195 C
847 163 876 193 A
947 162 970 192 1²
1038 160 1054 191 1

206 233 328 270 &Deo
347 230 442 264 Patre
462 228 629 262 vinculum
645 252 655 267 ‚
671 227 796 263 *diserte
817 229 953 262 affirmat
972 225 1006 260 in
1024 225 1071 258 Ca

208 282 338 318 nonicis
354 279 393 313 ad
405 279 558 313 Sanctum
570 277 845 320 Amphilochium
857 276 974 312 litteris
983 275 1085 309 etiam

209 334 352 376 Magnus
375 328 534 362 Basilius:
561 327 695 370 Haereses
719 330 840 361 dicimus
857 339 902 362 eor
917 351 928 367 ‚
953 330 1006 368 qui
1029 336 1085 357 om-

208 384 279 416 nim>
288 379 412 420 abrupti
416 377 489 421 fiant
501 402 512 417 ,
536 379 570 411 (τ
581 384 613 410 in
624 377 691 420 ipsa
699 379 762 420 fide
784 377 969 418 abaloenan3
994 372 1086 417 schef-

207 438 293 465 mta
314 436 412 462 autem
432 440 479 461 eos
493 451 504 467 ,
532 433 584 470 qut
599 436 723 470 propter
744 429 861 470 aliquas
873 424 1084 464 Ecclelt'astlcas

207 477 309 521 causas
323 503 334 519 ,
361 480 395 512 <et
408 478 595 510 medicabiles
609 478 776 520 quastiones
798 482 875 510 inter
889 475 923 520 se
933 475 1083 515 diffident.

233 528 358 563 Verum
373 527 424 561 his
434 527 560 561 obstare
572 528 699 562 videtur
711 529 778 571 ipse
788 527 921 560 Sanaos
933 528 1087 567 Optatus,

206 579 320 613 dicens
331 577 371 611 de
383 578 603 612 Schismaticis
615 591 622 609 :
637 578 778 611 Errande
788 576 908 610 rebelles
918 574 1086 619 abscedunt.

207 628 341 671 Utique
363 628 500 662 errando
523 629 606 661 circa
633 627 731 662 fidem
749 651 758 660 .
785 626 830 660 Et
856 628 890 660 in
917 626 1022 660 fratris
1040 623 1086 658 sui

205 677 292 722 apud
302 676 417 712 Sardos
426 677 569 713 defuncti
581 677 706 712 funebri
717 676 874 711 encomio
887 676 996 711 scribit
1012 676 1088 709 San·

205 730 276 762 stus
288 727 499 762 Ambrosius:
527 730 721 771 ,Quamquam
737 726 857 769 Lucifer
872 735 929 770 pro
945 725 1008 768 fide
1020 735 1087 759 exu-

206 778 308 820 laffet,
336 779 370 811 &
379 777 453 820 fidei
465 777 529 820 suae
549 778 704 821 reliqulffet
722 777 853 811 baeredes
863 801 875 817 ,
900 779 1017 815 Satyrus
1036 784 1088 808 ta-

205 839 276 861 men
299 838 356 861 non
364 833 491 870 putavit
508 827 602 869 fidem
620 828 669 869 effe
694 832 727 860 tn
737 826 917 869 Schismate.
945 829 1032 859 Nam
1041 822 1093 865 etfi

203 876 295 918 fidem
305 887 375 920 erga
390 881 486 911 Deam
497 884 627 910 tenerent
637 899 647 914 ‚
672 884 773 909 tamen
786 887 856 920 erga
868 879 922 910 Det
933 874 1088 917 Ecclesiam

207 937 268 959 mm
286 926 445 966 tenebant,
472 927 562 966 cuju:
573 925 775 967 patiebtmtur·¹
797 926 879 959 velut
890 924 1034 969 quosdam
1041 936 1089 957 ar-

207 983 258 1009 tus
270 976 371 1008 dividi
381 999 393 1016 ,
417 977 453 1010 Θ
463 974 594 1008 membra
616 975 743 1009 lacerari
756 1000 763 1008 .
791 979 918 1009 Etenim
939 977 1004 1009 crim
1012 983 1088 1017 pro-

204 1032 277 1067 pter
286 1023 442 1066 Ecclefiam
455 1023 590 1065 christus
598 1026 701 1069 paffus
716 1024 757 1067 fit
771 1050 782 1066 ‚
807 1027 841 1059 ὀ*
857 1025 967 1064 christi
986 1031 1088 1066 corpus

207 1073 379 1117 Ecclesiaste
386 1100 397 1116 ‚
410 1087 470 1109 non
481 1076 603 1108 videtur
616 1076 656 1108 ab
662 1074 709 1108 bis
723 1074 859 1109 exbiberi
866 1075 983 1115 Christo
987 1074 1064 1116 fides
1075 1097 1087 1114 ,

207 1123 345 1167 aquibus
363 1133 525 1158 evacuatur
545 1126 609 1166 ejus
634 1126 746 1167 Paffio,
772 1124 928 1169 corpusque
950 1123 1090 1165 distrahi-

206 1182 260 1209 tur
272 1198 280 1206 .
307 1171 434 1209 Eodem
451 1173 556 1209 modo
579 1176 724 1220 loquitur
733 1177 868 1212 Sanctus
885 1176 1089 1220 Cyprianus.

208 1224 344 1259 Etenim
364 1225 472 1259 nescio
496 1226 568 1270 quis
592 1226 736 1272 Magnus
753 1238 943 1274 rogaverat,
968 1238 1026 1263 cur
1036 1226 1091 1262 da-

208 1284 280 1310 tum
302 1285 357 1318 per
370 1274 629 1312 Novatianenses
641 1278 804 1322 Baptisma
831 1291 900 1313 non
917 1278 1001 1314 foret
1013 1277 1091 1313 vali·

212 1324 318 1359 dum?
339 1324 480 1360 Videtur
493 1327 649 1361 admisisse
659 1328 836 1372 datum‘per
846 1329 1010 1364 baereticos
1022 1340 1091 1364 non

210 1384 322 1409 tenere
332 1398 343 1414 ‚
363 1374 416 1409 sed
428 1375 587 1410 dubitasse
597 1376 638 1411 de
649 1375 727 1412 dato
739 1389 794 1422 per
807 1378 1098 1419 Novatianensesn,

211 1425 305 1469 quod
328 1424 363 1458 hi
384 1426 486 1460 essent
506 1426 678 1461 dumtaxat
696 1428 898 1463 Schismatici
911 1453 922 1469 ,
949 1429 1091 1473 ideoque

209 1475 295 1509 circa
307 1474 408 1508 fidem
429 1486 496 1508 non
508 1485 669 1509 errarent:
697 1477 803 1522 Qud
822 1478 1090 1514 eundemDeum

208 1523 396 1564 crederent,
426 1524 516 1567 quod
528 1524 734 1560 observarent
758 1527 895 1560 eandem
909 1527 1093 1570 baptizandi

208 1574 314 1619 legem
328 1597 340 1614 ,
365 1572 455 1616 quod
466 1574 553 1609 idem
564 1573 760 1618 Symbolum
772 1576 999 1620 profiterentur
1010 1601 1018 1610 .
1047 1577 1092 1611 Et

209 1624 398 1668 Cyprianus
408 1625 592 1669 respondit:
618 1627 697 1659 Sciat
709 1650 721 1667 ,
748 1625 882 1670 quisquis
894 1626 946 1660 hoc
953 1635 1095 1670 opponen-

210 1676 284 1709 dum
289 1681 379 1716 putat
389 1698 400 1714 ,
423 1676 556 1717 primum
568 1686 627 1709 non
637 1676 689 1719 effe
698 1687 791 1710 unam
804 1676 887 1711 nobis
907 1678 941 1711 ὀ*
952 1676 1095 1720 Schisma-

208 1729 277 1758 ttcts
287 1724 410 1764 symboli
418 1726 507 1769 Iegem
517 1749 529 1767 ,
555 1737 648 1769 neque
667 1728 793 1761 eandem
813 1733 1072 1772 interrogationem
1086 1752 1094 1761 .

210 1779 300 1809 Nam
320 1784 386 1808 cum
408 1776 534 1817 dicunt,
560 1775 679 1812 Credis
703 1777 922 1812 remiffionem
943 1787 1095 1822 peccato·

209 1835 285 1859 rum
303 1823 451 1860 &vitam
473 1834 625 1861 aeternam
646 1837 700 1870 per
723 1828 872 1863 Sanstam
893 1827 1096 1868 Ecclesiam,

210 1880 396 1909 mentiuntur
416 1881 450 1908 in
473 1880 722 1919 interrogatione,
747 1879 867 1920 quando
891 1889 949 1911 non
966 1877 1096 1912 babeant

210 1924 387 1967 Ecclesiam.
414 1924 525 1959 Etiam
538 1926 736 1961 Antoniano
755 1927 919 1972 Episcopo
940 1930 1095 1973 roganti,

210 1983 310 2019 quam
329 1973 467 2009 haerefim
480 1975 688 2010 Novatianus
713 1977 900 2018 induceret,
928 1978 1093 2021 respondit

207 2024 302 2069 quod
313 2023 491 2063 humanam
511 2025 544 2059 δε
556 2037 676 2061 novam
701 2037 815 2062 contra
829 2028 993 2063 Divinum
1005 2027 1097 2062 Insti-

213 2084 326 2109 tutum
351 2085 450 2118 atque
475 2075 611 2120 Dogma
638 2086 776 2112 tentaret
804 2076 961 2113 fabricare
988 2079 1096 2113 Eccle-

210 2125 314 2158 {iam-
343 2124 386 2158 Et
408 2125 494 2159 certe
516 2123 606 2169 quod
630 2126 837 2162 Schismatici
858 2128 900 2162 de
920 2128 1097 2163 Catholica

213 2175 356 2210 Ecclesia
367 2186 494 2215 errent,
521 2177 707 2218 frequenter
727 2176 824 2214 docet
841 2179 940 2212 etiam
962 2180 1097 2212 Sanetus

215 2224 440 2270 Augustinus.
471 2226 588 2260 Errant
601 2227 710 2270 plura.
737 2226 872 2267 Primo,
895 2227 984 2270 quod
1012 2228 1096 2261 circa

214 2285 338 2310 motam
363 2276 404 2309 ab
425 2276 497 2318 ipsis
510 2276 601 2308 litem
621 2285 690 2309 tota
713 2276 851 2311 Ecclesia
863 2287 965 2309 errare
978 2275 1096 2319 poffit‚

214 2333 312 2366 atque
339 2334 439 2358 erret.
461 2323 632 2363 Secundo,
657 2323 745 2368 quod
771 2335 840 2360 tota
852 2326 990 2359 Ecclefia
1001 2325 1096 2367 possit

214 2374 281 2407 labi
305 2375 338 2407 in
354 2374 669 2416 praevaricationem,
695 2383 792 2416 atque
810 2375 854 2407 ita
868 2374 986 2415 perire.
1015 2372 1097 2407 Ter-

266 2523 462 2566 Respondeo
484 2521 549 2556 hoc
569 2532 796 2568 argumentum
820 2535 887 2558 non
909 2536 1015 2559 carere
1035 2536 1098 2559 no·

213 2573 265 2608 dis
284 2598 292 2605 .
333 2574 491 2607 Attamen
514 2572 622 2607 nullus
643 2573 687 2606 est
713 2574 746 2607 in
771 2574 959 2609 testimonio
987 2575 1091 2608 Sancti

214 2624 333 2665 Optati
344 2647 351 2654 .
380 2623 512 2656 Etenim
524 2624 669 2666 loquitur
680 2622 720 2657 de
732 2636 839 2659 errore
849 2637 917 2659 non
929 2626 1095 2669 dogmatis

216 2671 270 2706 sed
293 2672 365 2705 vitae
382 2697 392 2713 ,
420 2673 476 2717 qui
497 2673 717 2707 committitur
744 2675 896 2718 vagando
919 2686 1007 2711 extra
1029 2686 1096 2720 gre-

216 2733 313 2767 gem.-
339 2722 410 2770 Qi
422 2722 564 2756 omnino
574 2724 636 2757 esse
649 2724 751 2766 potest
766 2737 820 2768 per
845 2726 946 2760 solam
961 2727 1025 2759 fine
1038 2726 1095 2758 hae-

216 2773 274 2808 resi
300 2771 523 2815 Apostasiam.
550 2774 683 2808 Sanctus
706 2774 893 2810 Ambrosius
912 2777 993 2810 reste
1017 2776 1097 2810 affir-

218 2831 287 2857 mat
306 2821 392 2865 apud
426 2822 658 2857 Schismaticos
691 2836 759 2859 non
787 2828 849 2859 effe
871 2824 968 2860 fidem
987 2851 994 2857 .
1026 2826 1097 2860 Nec

216 2873 401 2911 actualem,
429 2884 488 2906 nec
509 2872 711 2908 habitualem
732 2900 739 2906 .
769 2875 902 2910 Etenim
926 2888 996 2910 vera
1020 2875 1099 2910 fides

218 2922 317 2957 debet
335 2933 389 2964 per
400 2919 565 2956 charitatis
575 2924 707 2959 exordia
717 2926 841 2968 operari
859 2927 911 2960 seu
922 2927 1028 2960 effici.-
1054 2926 1097 2960 Et

219 2973 256 3006 in
268 2970 490 3007 schismaticis
503 2971 587 3006 nihil
600 2985 743 3009 remanet
756 2974 927 3010 charitatis
939 3001 946 3009 .
965 2976 998 3010 Si
1011 2988 1100 3010 nam-

220 3022 390 3068 queipfius
400 3021 522 3065 aliquid
537 3021 712 3065 haberent,
740 3037 807 3059 non
831 3026 1005 3060 lacerarent
1025 3039 1100 3061 cor·-

221 3085 282 3118 pus
305 3069 451 3112 Christi,
477 3072 566 3116 quod
588 3071 633 3105 est
656 3074 794 3110 Ecclesia
812 3100 819 3107 .
851 3077 976 3111 Eorum
1001 3077 1102 3122 igitur

220 3123 303 3158 fides
322 3123 368 3156 est
392 3122 561 3157 dumtaxat
583 3120 727 3158 humana
746 3124 939 3160 credulitas:
968 3128 1105 3163 Doemo·

214 3175 356 3208 iniorum
368 3172 447 3207 fides
457 3195 467 3210 ,
490 3184 558 3207 non
571 3171 829 3209 Christianorum
842 3202 850 3208 .
878 3178 1014 3211 Sanstus
1025 3177 1104 3212 Am-

216 3223 344 3258 brosius
356 3223 433 3257 item
446 3222 592 3267 loquitur
609 3221 650 3257 de
663 3223 734 3257 solo
754 3223 923 3260 schismate
938 3228 1103 3262 Luciferi.

220 3271 271 3308 'Et
289 3273 357 3316 ejus
377 3272 475 3307 frater
499 3273 634 3315 Satyrus
657 3274 738 3308 reste
756 3276 882 3309 censuit
905 3278 1103 3321 apudipsum

214 3332 294 3358 mon
304 3323 476 3357 dumtaxat
495 3322 599 3357 deesse
617 3322 714 3357 fidem
727 3348 738 3363 ‚
765 3325 818 3365 sed
836 3325 961 3371 insuper
974 3330 1102 3373 grassari

324 3372 432 3414 Christ.
443 3376 523 3416 Lupi
532 3377 631 3417 Opera
642 3376 676 3408 T.
691 3377 750 3408 IX.

213 2423 284 2463 tio,
311 2423 398 2466 quod
412 2432 504 2456 extra
516 2422 730 2457 universalem
744 2422 920 2458 Ecclesiam
935 2422 1029 2468 possit
1052 2423 1096 2456 es-
1160 2422 1398 2465 commuuione
1408 2446 1416 2453 .
1449 2421 1491 2455 Et
1506 2420 1573 2456 haec
1583 2422 1628 2456 est
1643 2422 1782 2457 secunda
1793 2423 1974 2458 schismatis
1984 2423 2052 2465 spe-

213 2473 246 2507 se
255 2472 377 2515 justitia
395 2484 432 2506 ac
445 2472 527 2506 salus
541 2496 548 2505 .
1160 2483 1209 2506 ce
1271 2472 1313 2506 Et
1324 2471 1390 2506 tale
1405 2471 1504 2506 etiam
1516 2472 1578 2506 fnit
1590 2472 1734 2507 Schisma
1749 2473 1940 2508 Novatiani.
1966 2473 2050 2507 Item

1427 140 1487 188 V.

1126 156 1324 192 TIS

1148 223 1316 267 perfidiam
1338 218 1522 256 &haerefim
1534 245 1542 254 .
1570 219 1704 257 Etenim
1717 224 1849 261 Lucifer
1866 225 2026 261 Romanae

1147 274 1295 308 Ecclesiae
1306 273 1503 313 Decretum,
1532 271 1623 315 quod
1635 272 1727 315 lapsis
1736 276 1820 315 apud
1832 275 2025 313 Ariminum

1148 324 1318 368 Episcopis
1342 322 1449 356 sanxit
1471 320 1674 357 reddendum
1695 323 1831 366 gradum
1843 335 1938 366 atque
1950 326 2025 370 Epi.

1148 374 1274 417 scopale
1283 373 1429 407 officium
1441 396 1452 413 ,
1478 372 1648 406 damnavit
1658 381 1695 406 ut
1707 372 1860 415 iniquum
1874 394 1886 410 ‚
1907 385 2028 415 perver-

1149 424 1218 458 sum
1229 448 1240 464 ,
1267 435 1305 457 ac
1317 422 1515 466 Apostolicae
1526 420 1705 466 disciplinae
1715 421 2005 466 praevaricatorium
2019 449 2026 455 .

1150 475 1245 509 Licet
1258 472 1405 507 Ecclesiae
1418 471 1610 517 potestatem
1633 483 1702 507 non
1716 471 1884 517 negaverit
1896 496 1907 512 ,
1933 482 2029 514 nega-

1151 525 1196 558 vit
1215 533 1324 558 tamen
1341 522 1474 557 Decreti
1493 523 1677 567 aequitatem
1689 547 1700 563 ,
1727 532 1825 567 atque
1846 521 1891 555 ita
1904 521 2031 556 censuit

1150 574 1331 609 universam
1356 572 1535 607 Ecclesiam
1557 597 1568 614 ,
1595 573 1672 607 licet
1693 584 1762 607 non
1783 573 1870 606 circa
1889 571 2031 615 dogma,

1150 632 1258 658 tamen
1272 623 1355 657 circa
1367 622 1578 656 universalem
1601 634 1639 656 ac
1652 622 1879 666 Apostolicam
1892 621 2032 664 discipli-

1150 685 1226 708 nam
1239 674 1326 716 poffe
1338 671 1408 707 falli
1421 683 1459 706 ac
1471 673 1665 716 praevaricari
1674 698 1685 715 ,
1713 672 1904 718 adeoque&
1914 672 2033 715 perire.

1151 724 1235 771 Qae
1245 725 1289 758 est
1302 722 1470 757 manifesta
1492 721 1614 757 haerefis
1624 747 1631 755 .

1200 772 1305 807 Porro
1328 773 1434 814 ratio,
1459 784 1523 814 qua
1542 773 1589 806 sui
1617 772 1722 808 fratris
1747 772 1908 817 judicium
1928 772 2035 806 firmat

1151 824 1284 858 Sanetus
1298 822 1510 863 Ambrosius,
1535 821 1582 856 est
1594 823 1754 868 generalis
1764 848 1775 864 ,
1801 835 1838 858 ac
1848 822 2036 858 extenditur

1150 872 1191 907 ad
1204 884 1318 908 omnes
1328 873 1559 907 Schismaticos
1568 896 1576 906 .
1606 874 1717 908 Etiam
1743 873 1881 908 addutsta
1893 884 1946 917 per
1959 874 2038 907 San-

1150 924 1237 957 ‹stum
1260 923 1468 967 Cyprianum
1490 924 1575 957 ratio
1590 947 1597 955 .
1633 924 1745 972 Qare
1769 920 2038 969 distinguendum

1151 973 1195 1006 est
1220 973 1340 1017 duplex
1367 985 1471 1018 genus
1482 972 1679 1007 schismatis.
1706 972 1811 1008 Aliud
1837 984 1966 1019 propter
1977 972 2039 1005 Ec-

1152 1022 1247 1057 clesiae
1272 1022 1498 1066 disciplinam,
1525 1023 1614 1058 aliud
1642 1023 1686 1058 ob
1696 1024 1880 1058 criminales
1905 1024 2040 1062 causas,

1151 1083 1207 1109 aut
1218 1073 1410 1117 quaestiones
1422 1074 1507 1107 circa
1519 1072 1746 1117 Episcopalem
1773 1075 2019 1118 promotionem
2030 1094 2041 1103 -

1154 1123 1307 1157 Primum»
1322 1122 1476 1167 supponit
1503 1133 1540 1157 ac
1553 1123 1695 1157 involvit
1719 1124 1931 1158 universalem
1947 1148 1958 1165 ,
1985 1129 2042 1156 aut

1152 1173 1236 1208 certe
1245 1173 1434 1209 Romanam
1455 1172 1635 1207 Ecclesiam
1658 1184 1699 1207 ex
1715 1173 1976 1216 praevaricatione
1996 1182 2045 1205 er-

1153 1223 1230 1258 rasse
1255 1235 1292 1259 ac
1309 1222 1459 1267 periisie,
1486 1223 1626 1264 ideoque
1637 1222 1758 1266 semper
1771 1221 1912 1258 includit
1937 1224 1971 1256 δε
1984 1219 2045 1255 hae-

1155 1274 1239 1309 resin·
1248 1298 1255 1307 .
1283 1274 1327 1308 Et
1339 1273 1404 1308 tale
1415 1274 1479 1310 fuit
1490 1272 1625 1309 schisma
1637 1272 1860 1308 Eusebianum
1872 1273 1906 1307 in
1920 1271 2046 1314 Philip-

1156 1325 1350 1370 popolitano
1363 1335 1542 1360 «conventu
1566 1350 1578 1367 ,
1606 1323 1753 1358 Luciferi
1781 1348 1794 1364 ‚
1818 1323 1955 1363 Photii,
1980 1320 2048 1354 Mi-

1155 1375 1277 1411 chaelis
1299 1375 1482 1416 Gerularii,
1509 1387 1547 1409 ac
1560 1377 1661 1410 etiam
1685 1373 1873 1408 Fir-miliani
1902 1372 2049 1407 Caesarae-

1156 1423 1238 1467 ensis
1264 1424 1538 1468 Archi-Episcopi
1553 1448 1566 1465 ,
1593 1426 1649 1469 qui
1675 1422 1852 1468 postmodo
1874 1433 1931 1466 per
1945 1420 2047 1466 poeni-

1154 1477 1295 1512 tentiam
1305 1475 1400 1511 rediit
1412 1473 1453 1509 ad
1461 1486 1597 1519 pacem,
1623 1487 1660 1509 ae
1680 1473 1801 1509 eximie
1823 1473 1955 1507 Sanctus
1978 1481 2050 1506 eva-

1155 1527 1193 1560 fit
1205 1550 1212 1557 .
1242 1526 1290 1559 Hi
1304 1526 1394 1559 enim
1404 1536 1520 1559 omnes
1533 1525 1689 1558 Latinam
1700 1548 1712 1564 ,
1739 1525 1906 1567 ipsamque
1923 1522 2046 1556 Roma·

1159 1586 1233 1610 nam
1246 1575 1424 1608 Ee‘clesiam
1450 1574 1492 1608 de
1518 1574 1610 1608 vario
1621 1573 1704 1608 circa
1724 1573 1931 1617 disciplinam
1958 1571 2048 1615 lapsu

1158 1626 1233 1659 suut
1256 1623 1449 1659 calumniati
1467 1649 1476 1656 .
1502 1623 1685 1658 Eusebiaua
1706 1624 1805 1659 fastio
1827 1622 1986 1658 laboravit
2011 1621 2048 1656 δε

1160 1675 1282 1710 Ariana
1302 1672 1427 1709 haerefi:
1454 1672 1581 1709 Verum
1609 1686 1678 1709 non
1691 1673 1758 1708 haec
1777 1674 1843 1708 sola
1857 1698 1868 1715 ,
1894 1673 1948 1707 sed
1961 1672 2046 1706 insu-

1160 1737 1213 1770 per
1226 1726 1260 1759 in
1272 1726 1453 1769 supremam
1467 1725 1625 1759 Romanae
1633 1723 1806 1760 Cathedrae
1813 1722 2049 1759 Monarchiani

1159 1775 1338 1820 pervicacia
1350 1773 1608 1810 fuitfschismatis
1619 1776 1714 1810 causa
1726 1800 1737 1816 ,
1763 1788 1802 1810 ac
1822 1772 1967 1809 haerefim
1988 1770 2051 1805 hae·

1158 1826 1213 1860 refi
1225 1825 1443 1860 accumulavit
1453 1849 1460 1857 .
1489 1825 1600 1859 Etiam
1612 1824 1752 1860 Photius
1765 1826 1799 1859 in
1810 1825 1918 1869 primo
1939 1820 2049 1858 schis-

1158 1877 1256 1910 matis
1268 1876 1406 1911 exordio
1420 1875 1610 1910 Romanam
1626 1887 1664 1910 ac
1676 1886 1811 1911 omnem
1822 1874 1977 1910 Latinam
1990 1872 2052 1906 Ec·

1158 1926 1287 1962 clefiam
1301 1926 1343 1961 de
1357 1926 1448 1960 nulla
1463 1925 1566 1959 haeresi
1578 1951 1589 1967 ,
1616 1925 1669 1961 sed
1680 1925 1721 1960 de
1733 1926 1805 1960 solo
1814 1928 1899 1959 circa
1912 1921 2051 1966 discipli-

1160 1988 1234 2011 nam
1249 1977 1337 2020 lapsu
1352 1977 1535 2017 accusavit,
1566 1974 1737 2021 praesertim
1752 1976 1793 2010 de
1804 1971 2051 2019 Symboliaddi-

1158 2036 1330 2067 umento,
1356 2039 1395 2061 ac
1418 2027 1678 2070 praevaricatione
1703 2025 1856 2068 Ephesini
1881 2022 2051 2056 Canonis.

1158 2075 1360 2126 Qinimmd
1383 2077 1511 2111 videtur
1533 2077 1634 2119 prima
1647 2075 1735 2117 pleni
1759 2071 1939 2107 schismatis
1957 2082 2051 2105 exor-

1157 2129 1212 2161 dia
1223 2124 1370 2161 habuisse
1381 2130 1463 2161 citra
1475 2135 1607 2159 omnem
1621 2123 1760 2157 haeresim
1774 2148 1784 2164 ,
1811 2123 1891 2157 citra
1914 2131 2051 2157 omnem

1158 2177 1282 2210 Latinae
1296 2176 1442 2209 Ecclefiae
1455 2173 1654 2207 calumniam
1665 2173 1705 2207 de
1716 2172 1820 2207 haeresi
1850 2182 1905 2208 aut
1918 2173 2052 2206 eversio·

1890 162 1953 205 93

1159 2224 1386 2267 nedisciplinae
1399 2248 1406 2256 .
1435 2224 1527 2257 Dum
1540 2222 1657 2267 nempe
1676 2234 1715 2257 ex
1728 2222 1808 2258 odio
1835 2222 1868 2258 &
1880 2232 2052 2258 contuma-

1158 2274 1208 2308 cia
1220 2275 1254 2307 in
1268 2275 1420 2307 Sanctum
1433 2273 1600 2318 Ignatium
1615 2274 1750 2307 sectatus
1760 2273 1804 2307 est
1817 2273 2009 2307 damnatum
2031 2272 2051 2306 a

1159 2323 1312 2356 Romana
1328 2323 1468 2356 Ecclefia
1479 2323 1578 2356 altare
1588 2324 1741 2367 Gregorii
1755 2323 1948 2365 Syracusani
1961 2347 1972 2362 ,
1998 2331 2049 2356 at·

1160 2383 1224 2415 que
1249 2372 1295 2405 ita
1323 2372 1530 2415 semetipsum
1549 2373 1682 2406 exclusit
1703 2373 1744 2407 ab
1761 2374 1854 2407 omni
1871 2371 2050 2408 Catholica

1159 2521 1305 2556 Schisma
1332 2521 1492 2564 Majorini
1519 2533 1633 2557 contra
1653 2523 1807 2558 Sanstum
1834 2523 2051 2558 Caecilianum

1161 2570 1458 2617 Carthaginensem
1478 2572 1693 2616 Episcopum.
1723 2573 1766 2608 Et
1789 2584 1891 2608 omne
1903 2571 2050 2607 Schisma

1160 2633 1200 2655 ex
1223 2621 1515 2668 Para—Synagoga
1534 2623 1656 2657 ducens
1684 2623 1867 2669 originem.
1896 2624 1986 2658 Nam
2008 2620 2051 2656 ab

1164 2672 1304 2706 Ecclesia
1315 2670 1487 2707 damnatus
1508 2673 1553 2707 ob
1575 2675 1699 2708 crimen
1714 2698 1725 2714 ,
1753 2674 1804 2707 vel
1815 2674 1860 2708 ob
1880 2672 2050 2709 elestionia

1161 2722 1279 2756 vitium
1300 2723 1448 2757 extrusus
1471 2723 1650 2767 Episcopus
1671 2723 1812 2757 omnino
1836 2724 1940 2766 potest
1957 2724 2050 2755 suam

1160 2772 1407 2806 damnationem
1419 2772 1613 2816 praetendere
1626 2772 1774 2816 iniquam
1787 2797 1799 2813 ,
1821 2772 1910 2805 nolle
1921 2771 2050 2804 obtem·

1163 2833 1293 2867 perare,
1318 2822 1375 2856 sibi
1386 2834 1509 2856 novum
1527 2822 1641 2856 Altare
1649 2823 1862 2865 praesumere,
1893 2821 2051 2855 &tamen

1164 2884 1231 2906 non
1252 2872 1408 2906 damnare
1429 2872 1604 2906 Ecclesiam
1617 2897 1627 2913 ,
1655 2883 1716 2905 nec
1736 2882 1813 2906 cum
1836 2871 1976 2906 Donato
1989 2878 2048 2915 aut

1164 2922 1318 2957 Lucifero
1341 2922 1483 2967 garrire,
1509 2921 1599 2965 quod
1623 2920 1745 2954 Christi
1757 2920 2050 2956 Dominihaeredi-

1165 2984 1213 3007 tas
1225 2972 1352 3016 perierit
1365 2972 1406 3005 de
1415 2982 1489 3006 toto
1511 2982 1667 3006 terrarum
1679 2971 1759 3006 orbe
1769 2996 1781 3012 ,
1806 2981 1905 3015 atque
1924 2981 2050 3006 contra-

1166 3025 1214 3058 ἀεὶ
1235 3022 1273 3057 fit
1283 3022 1326 3057 ad
1347 3021 1432 3056 solos
1445 3022 1566 3062 Afros,
1592 3031 1648 3055 aut
1669 3021 1710 3056 ad
1733 3021 2049 3056 solam-Mastrucam

1167 3073 1341 3109 Sardorum
1365 3098 1372 3105 .
1400 3072 1614 3119 Qicumque
1633 3082 1756 3106 novum
1781 3071 1895 3107 Altare
1921 3072 2049 3116 erigens

1169 3125 1226 3158 ista
1238 3124 1358 3169 garrit,
1384 3122 1428 3157 est
1443 3133 1512 3156 non
1535 3122 1704 3157 dumtaxat
1714 3120 1967 3162 Schismaticus‚
1993 3120 2049 3155 sed

1167 3175 1201 3209 δε
1215 3174 1383 3209 haereticus
1398 3199 1406 3206 .
1435 3172 1479 3206 Et
1498 3172 1543 3206 ita
1566 3172 1677 3216 paffim
1689 3173 1831 3208 omnino
1853 3172 1891 3206 fit
1901 3173 2000 3207 etiam
2014 3171 2049 3204 in

1169 3226 1239 3269 ipso
1259 3224 1398 3259 exordio
1411 3247 1418 3254 .

1218 3276 1332 3309 Omne
1342 3273 1486 3308 Schisma
1499 3296 1510 3312 ,
1538 3271 1615 3307 licet
1624 3274 1690 3307 sine
1701 3271 1805 3307 haeresi
1817 3272 1856 3306 sit
1867 3296 1879 3313 ,
1905 3271 1951 3306 est
1962 3271 2052 3307 dete·

1170 3324 1283 3359 stabile
1295 3326 1440 3362 facinus,
1465 3321 1663 3358 horrendum
1686 3332 1875 3367 peccatum.
1902 3323 1939 3358 ln
1953 3332 2050 3366 quar-

1701 3372 1718 3405 1
1965 3383 2002 3407 to
