2346 3724
363 171 554 227 340‘.
878 161 905 207 S
975 175 1106 206 en

566 351 700 393 Omnes
733 357 894 391 tument.

290 511 292 515 ·
339 498 424 547 Agit
437 496 560 532 Doaor
580 493 831 533 in'Gnosticos‚
858 502 998 537 quorum
1017 492 1168 527 omnium

287 557 425 582 matrem
437 547 529 580 fuisse
540 545 586 579 sui
600 543 875 586 complacentiam
901 543 935 576 ἀ
957 554 1046 578 vanae
1057 543 1169 588 gloriae

285 597 496 641 cupiditatem
508 595 640 630 testatur
651 595 787 628 Sanetus
808 594 955 628 irenaeus.
991 593 1167 626 Luciferia-

284 659 325 680 na
340 672 351 687 ‚
377 658 417 682 ex
442 658 506 691 qua
529 646 644 680 Simon
670 645 791 689 Magus
812 644 901 678 credi
928 643 1020 678 Deus
1039 642 1166 681 voluit,

283 697 431 740 superbia
453 698 587 742 grassata
609 694 701 728 estin
725 692 881 731 omnibus
898 694 966 737 ejus
979 692 1166 737 discipulis,

281 748 378 790 atque
403 749 448 781 ita
473 746 607 790 quisque
619 736 800 778 voluit'esse
822 743 1166 784 omniummaximus‚

279 798 391 832 &non
407 796 512 830 solum
525 798 617 838 supra
633 795 833 838 Apostolos,
862 794 916 828 sed
944 795 978 828 δε
997 795 1089 837 supra
1112 793 1164 837 ip-

277 847 347 881 sum
361 845 529 881 Christum
553 846 741 880 Dominum
761 846 924 880 eminere.
953 842 1101 878 Eandem
1119 845 1164 878 su·

277 897 423 940 perbiam
455 895 630 940 Septimius
655 905 750 930 notat
772 897 807 929 in
829 894 1022 929 Marcione.
1050 894 1104 928 Sic
1131 895 1165 928 ὃ(

276 946 463 982 Montanus
473 943 665 981 ambiit‘effe
678 946 770 981 Deus
783 969 794 986 ,
821 945 960 988 ideoque
976 945 1074 978 finxit
1094 944 1164 987 Spi-

945 994 1059 1044 Qiam
1082 994 1162 1029 insa·

275 1049 365 1083 niam
380 1047 557 1094 postmodo
568 1046 626 1081 fibi
643 1046 804 1090 adscripsit
819 1047 917 1080 etiam
939 1044 1161 1079 Manichacus.

273 1098 368 1134 Hinc
382 1099 505 1134 nullius
517 1098 698 1132 Canonicae
710 1098 881 1140 Scripturae
891 1097 955 1130 fuit
977 1095 1043 1141 illis
1063 1097 1163 1130 sacro·

272 1151 380 1185 saneta
404 1148 610 1185 authoritas.-
636 1147 790 1192 Singulas
818 1157 875 1182 aut
897 1147 1044 1181 raserunt
1065 1170 1076 1187 ,
1103 1157 1158 1180 aut

269 1210 482 1235 caraxarunt.
510 1198 584 1233 Nec
595 1198 720 1232 mireris
731 1197 764 1231 id
782 1197 817 1231 in
841 1195 908 1231 istis
927 1195 1158 1231 fabulonibus.

269 1250 384 1285 Etiam
405 1251 481 1285 licet
506 1248 646 1284 necdum
670 1248 778 1291 lapsus
798 1272 808 1288 ,
835 1247 887 1280 sed
912 1246 1086 1280 dumtaxat
1108 1247 1157 1280 la·-

268 1299 350 1334 bens
362 1302 395 1334 in
409 1297 546 1334 haerefim
563 1324 574 1339 ‚
602 1298 804 1332 Vincentius
816 1296 933 1331 Vilior
943 1296 1156 1340 principalem

269 1349 391 1384 Christi
406 1349 547 1382 Domini
564 1372 574 1387 ,
600 1348 676 1381 solis
689 1347 866 1390 Baptizatis
876 1345 1005 1380 coeleste
1018 1357 1155 1391 regnum

154 1437 160 1444 ,
266 1399 509 1447 promittentis,
536 1399 732 1432 sententiam
753 1397 890 1429 refutare
902 1396 964 1429 fuit
982 1396 1093 1434 ausus,
1122 1396 1155 1430 ὅ(

128 1437 193 1470 hb·
222 1450 247 1468 ²·
265 1449 516 1485 adversusillam
538 1449 684 1482 censere.
713 1448 750 1481 In
765 1444 912 1479 homiliis
935 1446 1028 1488 super
1046 1446 1152 1480 Sanffl

266 1500 404 1546 Ioannis
428 1498 610 1547 Evangelio
632 1498 716 1532 reste
738 1495 845 1530 scribit
868 1497 1002 1530 sanstus
1012 1495 1154 1539 joannes

609 1551 715 1581 Prava
737 1545 870 1580 doHrina
897 1545 977 1579 nibil
998 1547 1083 1579 aliud
1115 1547 1153 1588 est

144 930 207 962 Lib.
231 943 256 963 ι.

134 980 259 1011 l2³12·¹4·
273 998 376 1032 ritum
397 999 551 1032 Sanctum
571 995 607 1031 in
630 998 661 1030 se
683 997 887 1031 incarnatum
909 1020 917 1027 ·

123 1489 190 1517 cap.
203 1490 249 1512 12.

124 1519 189 1598 ἓξ.
203 1529 248 1591 ιξ,
266 1550 523 1594 Chrysostomus
552 1563 562 1582 .-

262 1604 357 1647 quam
372 1607 473 1634 inanis
490 1601 593 1643 gloriae
602 1599 688 1641 filia.
716 1598 810 1631 Hinc
833 1606 943 1631 natam
961 1595 1043 1630 dicit
1053 1595 1146 1630 haere-

128 1640 233 1669 Homil
261 1652 320 1686 sim
335 1652 510 1687 Arianam.
543 1650 585 1683 Et
598 1651 633 1683 in
648 1647 796 1682 homiliis
816 1646 857 1680 de
878 1644 1148 1689 incomprehensi-

104 1680 186 1743 6Ϋᾶ
196 1690 212 1717 3
217 1685 242 1710 θ’
259 1701 318 1737 bili
340 1703 406 1737 Dei
430 1711 544 1736 natura
568 1698 679 1734 scribit
702 1697 743 1732 de
768 1698 927 1731 Anomaea
947 1695 1147 1731 Arianorum

126 1746 136 1751 ⁸
260 1752 419 1787 factione:
455 1751 592 1784 Arborem
603 1749 855 1790 banc-plantavit
866 1752 1017 1780 rationum
1041 1751 1146 1781 intem·

254 1801 372 1845 pestiva
377 1800 522 1844 scrutatio
539 1823 549 1839 ,
573 1803 689 1841 rtgavit
698 1797 807 1837 stolida
825 1796 986 1839 superbla,
1012 1797 1144 1830 ambitio-

76 1872 186 1903 Romil
209 1881 226 1912 3
253 1851 292 1899 fa
304 1853 454 1894 cupiditas
466 1854 570 1882 auxit.
602 1847 713 1881 Etiam
728 1844 979 1889 Apollinaristas
995 1845 1144 1880 fuisssin-

188 1894 194 1903 ⁸
232 1894 437 1938 'tolerabilis
468 1898 664 1943 arrogantia:
694 1905 789 1930 notat
812 1895 947 1929 Sanetus
981 1894 1142 1930 Basilius.

255 1950 493 1997 Arrogantiam
511 1974 522 1990 ,
548 1954 612 1992 qua
632 1954 768 1980 omnem
795 1943 1019 1987 Romanam,
1042 1946 1143 1980 etiam

255 2001 443 2048 Augustam
470 2024 480 2041 ,
517 1996 720 2042 potestatem
746 1992 864 2038 sprevit
891 1992 1143 2036 Donatistarum

254 2054 411 2096 Princeps
442 2049 600 2084 Donatus
634 2043 900 2090 Carthaginensis
939 2043 1143 2088 Episcopus,

247 2110 429 2149 exaggerat
441 2101 475 2135 in
487 2099 577 2135 libris
588 2097 738 2134 adversus
749 2096 818 2140 ejus
829 2094 1051 2130 Successorem
1070 2092 1142 2129 Par-

254 2151 596 2190 menianumSanstus
615 2150 761 2192 Optatus
782 2144 1000 2180 milevitanus
1013 2143 1142 2189 Episco-
1188 2158 1190 2160 ·

252 2217 313 2250 pus
325 2229 335 2244 ‚
361 2202 399 2238 ac'
413 2202 539 2247 pergit:
565 2203 704 2234 Donatus
716 2197 825 2232 extulit
835 2194 997 2240 corsuum,
1022 2203 1056 2229 ut
1077 2196 1143 2229 nul·

252 2253 313 2291 tuin
326 2255 470 2288 hominem
475 2251 529 2294 fibi
539 2251 772 2293 comparandum
796 2247 1019 2287 arbitraretur,
1045 2248 1081 2280 ἐν
1104 2246 1142 2280 de

201 2335 203 2340 .
253 2316 367 2340 tumore
377 2309 488 2338 mentis
504 2301 569 2347 suae
582 2303 668 2335 altior
683 2298 739 2341 fibi
756 2296 839 2341 visus
851 2297 891 2339 est
903 2322 911 2330 .
939 2300 1028 2343 ,Quia
1048 2298 1142 2340 quid-

252 2357 327 2400 quid
336 2356 373 2396 est
383 2354 479 2400 supra
493 2353 625 2387 homines
635 2377 646 2393 ,
667 2353 737 2393 jam
748 2347 831 2393 quasi
841 2352 922 2382 Deus
934 2347 972 2388 est
981 2373 988 2380 .
1017 2351 1064 2380 Et
1077 2358 1142 2380 cum

252 2406 395 2450 Episcopi
406 2406 535 2440 debeant
548 2406 609 2437 Deo
613 2402 766 2444 famulari
774 2423 786 2440 ,
812 2397 995 2441 tantumfibi
1014 2399 1052 2431 de
1065 2400 1142 2438 Epi-

248 2456 343 2501 scopis
361 2462 460 2501 exegit
471 2481 482 2496 ,
506 2464 540 2488 ut
550 2465 615 2487 eum
627 2464 683 2487 non
694 2454 802 2484 minori
811 2457 889 2482 metu
900 2459 1000 2482 omnes
1013 2458 1141 2481 venera-

251 2517 356 2541 rentur
370 2531 380 2546 ‚
406 2507 498 2548 quam
511 2509 626 2538 Deum.
655 2510 717 2539 Hoc
731 2500 769 2541 est
784 2525 795 2541 ,
821 2500 902 2542 quod
911 2497 968 2540 fibi
991 2500 1074 2546 Deus
1096 2501 1141 2530 vi-

249 2556 303 2601 sus
316 2555 371 2597 est.
403 2559 449 2588 Et
459 2566 524 2588 cum
533 2562 589 2596 per
596 2552 690 2596 solum
701 2553 796 2585 Deum
811 2548 925 2592 soleant
945 2547 1076 2581 homines
1092 2548 1142 2588 Ju-

252 2618 321 2641 rare
332 2632 346 2647 ,
370 2605 469 2648 passus
482 2603 518 2643 est
528 2611 581 2645 per
600 2601 633 2644 se
643 2604 768 2642 jurari,
795 2611 940 2641 tanquam
960 2607 1013 2640 per
1024 2601 1120 2632 Deum
1132 2621 1139 2628 .

251 2656 368 2692 Edicit
394 2656 427 2689 &
452 2654 535 2688 alios
557 2652 625 2695 ejus
646 2649 878 2683 Thrazonicos
899 2659 1045 2682 tumores
1061 2672 1068 2680 .
1098 2648 1142 2682 Et

252 2708 295 2742 'tie
321 2706 454 2751 Juliano
477 2703 729 2746 pelagianorum
758 2695 897 2732 Goliath
916 2721 928 2738 ,
955 2698 997 2732 ab
1018 2697 1143 2732 iteratis

255 2758 419 2792 Romanae
431 2753 580 2787 Ecclesia:
593 2749 728 2793 Judiciis
748 2759 818 2782 non
836 2749 976 2782 cessante
995 2747 1035 2782 ad
1048 2758 1141 2792 gene·

254 2808 353 2842 talem
376 2804 549 2847 Synodum
569 2810 769 2845 provocare,
797 2798 906 2832 scribit
925 2798 966 2833 ad
987 2799 1140 2833 Sannum

253 2857 455 2892 Pontificem
469 2851 679 2886 Bonifacium
692 2851 824 2884 sanstus
839 2848 1046 2893 Augustinus
1059 2859 1066 2879 ε
1077 2848 1140 2889 Isto·

256 2920 322 2943 rum
330 2906 472 2951 superbia
485 2904 560 2936 banc
572 2908 662 2935 etiam
669 2902 798 2945 gloriam
807 2907 926 2940 captare
943 2901 1119 2943 intelligitur
1130 2924 1141 2940 ,

254 2968 301 2993 ut'
305 2956 430 3001 propter
452 2955 517 2988 illos
540 2957 672 2986 Orientis
698 2950 908 2984 &occidentis
931 2950 1058 2988 synodus
1079 2961 1141 2983 con-

251 3017 388 3054 gregetur
399 3030 406 3038 .
435 3004 543 3040 orbem
564 3009 674 3045 quippe
686 2999 872 3034 Catholicum
885 3023 896 3039 ,
925 3004 1063 3041 quonlam
1073 3008 1141 3042 per-

255 3066 374 3092 vertere
384 3062 533 3098 nequeunt
544 3077 555 3093 ,
575 3051 686 3096 saltem
698 3059 1035 3090 commovereeonantur
1046 3075 1053 3082 .
1083 3050 1143 3084 Af-

254 3110 361 3142 firmat
374 3105 570 3150 Pelagianos
581 3103 643 3137 esse
655 3101 774 3135 similes
786 3100 1045 3134 Maximianistis
1055 3124 1065 3139 ,
1083 3101 1140 3143 qui

254 3159 288 3192 ὃ(
302 3158 357 3202 ipsi
369 3183 379 3198 ‚
407 3166 475 3189 non
490 3153 600 3188 minus
618 3152 716 3196 quam
737 3149 950 3185 Primianistae
963 3173 975 3190 ,
1003 3149 1142 3193 postula-

255 3219 325 3241 iant
339 3202 761 3241 solemnemcollationem,
790 3212 858 3234 non
871 3200 959 3244 quod
981 3202 1139 3243 sperarent

256 3258 397 3291 victoria:
406 3256 547 3301 gloriam
558 3277 568 3293 ,
593 3251 647 3287 sed
657 3253 779 3286 famam
806 3252 840 3285 ’δε
853 3260 972 3284 nomen
985 3251 1026 3285 de
1043 3259 1142 3284 certa-

255 3307 347 3340 mine
359 3307 537 3340 ambirent.
568 3302 746 3338 Notiffima
769 3301 814 3335 est
829 3300 919 3337 istius
942 3300 1063 3342 Iuliani
1085 3299 1141 3332 su·-

254 3354 388 3403 perbia‚
413 3356 559 3399 &major
572 3354 669 3400 quam
682 3363 718 3388 ut
739 3351 850 3398 paucis
872 3348 976 3385 verbis
998 3359 1140 3394 expona-

116 2219 178 2252 Lib.
207 2230 222 2258 3
230 2242 236 2249 .

119 2870 182 2900 Lib.
210 2881 237 2905 4.

108 2920 173 2949 cap.
191 2916 235 2939 12·

1180 176 1209 205 O
1281 177 1304 205 L
1376 179 1391 207 1
1464 179 1495 208 O
1567 181 1595 209 N

1237 250 1305 279 tur.
1334 247 1382 281 Ea
1405 247 1449 280 est
1473 249 1621 282 omnium
1646 241 1869 288 haereticotttm
1881 263 1984 290 mater
2008 255 2117 292 δειιῑι·Δ

1236 296 1300 328 trix
1317 320 1328 337 ,
1357 297 1439 331 adeo
1461 308 1497 331 ut
1518 296 1558 331 de
1581 301 1693 342 paucis
1719 302 1753 335 &
1773 304 1893 339 vilibus
1915 305 2114 349 Scytharum

1236 344 1436 388 Monachis,
1464 347 1684 391 Eutychetem
1720 351 1892 389 dumtaxat
1924 357 2116 399 olentibus,

1236 395 1389 453 [cripserit
1400 397 1439 433 ad
1453 397 1663 434 Poffefforem
1678 399 1797 436 Africa:
1809 402 2006 450 Episcopum
2026 407 2115 442 Pon-

1234 445 1317 480 tifex
1331 447 1513 483 Hormisda
1527 463 1539 483 .-
1567 452 1616 483 Εό
1626 450 1715 493 usque
1725 457 1850 486 tumoris
1871 455 1943 488 elati
1956 456 2050 500 sunt,
2077 467 2112 493 ut

1231 497 1277 528 ad
1284 496 1441 531 arbitrium
1456 498 1545 542 suum
1566 501 1718 544 utriusque
1738 502 1819 536 orbis
1835 502 1943 544 putent
1951 508 2111 546 inclinan-

1231 546 1303 578 dum
1313 548 1364 589 effe
1368 549 1515 589 ‚iudicium
1525 575 1536 591 ,
1563 556 1659 584 necin
1678 563 1799 586 numero
1814 552 1945 594 fidelium
1964 558 2110 599 deputan-

1230 604 1276 628 tes
1287 598 1428 639 Sequaces
1439 601 1615 634 traditionis
1624 607 1761 646 antiquae
1771 627 1784 644 ‚
1800 602 1900 647 fisuae
1910 607 2042 642 viderint
2064 621 2109 644 ce-

1228 647 1297 680 dere
1309 648 1381 681 nolle
1386 647 1546 691 sententiae
1557 676 1564 683 .
2043 673 2046 676 >

1278 697 1332 751 Issx
1343 698 1460 733 eodem
1472 700 1584 743 spiritu
1596 702 1716 746 scripsit
1726 703 1761 738 in
1776 704 1924 740 Romani
1934 704 2108 745 pontificis

1194 780 1196 782 ,
1226 758 1327 780 xenio
1340 747 1504 783 Martinus
1515 749 1696 786 Lutherus:
1723 758 1792 788 Nos
1805 766 1863 788 non
1870 754 1972 798 sumus
1988 761 2083 800 Papae
2094 785 2106 800 ,

1219 795 1277 839 sed
1287 800 1375 840 Papa
1385 799 1477 839 noster
1484 799 1522 840 est
1532 826 1539 834 .
1568 801 1709 842 Nostrum
1718 803 1755 844 est
1767 807 1966 846 nonjudicari
1976 807 2014 840 ab
2033 809 2083 841 illo
2097 833 2110 849 ,

1218 845 1276 889 sed
1297 849 1383 881 illum
1397 851 1554 890 judicare.
1581 851 1742 896 Papatum
1764 865 1839 889 cum
1861 857 2014 892 omnibus
2029 858 2110 902 Epi-

1225 898 1406 953 scopatibus
1420 924 1431 940 ‚
1459 899 1627 936 Altaribus
1637 928 1648 944 ,
1675 904 1708 938 δε
1722 905 1937 941 Sacramentis
1948 908 2108 952 gloriatur

1222 947 1239 980 ὲ,
1261 948 1291 981 se
1313 960 1378 990 jam
1401 949 1616 995 triumphari,
1641 963 1740 999 atque
1760 955 1928 1001 adjungit:
1956 960 2109 1002 Dogmata

1222 1008 1288 1031 mea
1292 998 1414 1038 stabunt
1423 1025 1434 1041 ,
1461 1003 1495 1035 Θ
1512 1004 1599 1044 Papa
1608 1004 1694 1037 cadet
1706 1029 1717 1045 ,
1743 1010 1853 1040 invitis
1864 1007 1998 1042 omnibus
2005 1014 2107 1051 portis

1220 1047 1408 1089 Inferet-um,
1433 1052 1468 1084 (τ
1498 1051 1691 1091 Potestatibus
1712 1061 1792 1088 aeris
1805 1080 1816 1096 ‚
1843 1066 1933 1091 terrae
1948 1082 1960 1098 ,
1985 1070 2020 1092 ac
2042 1071 2108 1092 ma-

1221 1104 1283 1130 ris.
1311 1098 1372 1140 Ipfi
1379 1111 1424 1133 me
1430 1107 1670 1141 provocaverunt
1681 1106 1728 1137 ad
1735 1104 1861 1146 bellum,
1890 1107 1998 1143 bellum
2012 1113 2106 1152 igitur·

1222 1147 1371 1181 habebunt
1396 1162 1403 1181 ε
1431 1152 1538 1184 Pacem
1559 1151 1689 1186 oblatam
1708 1153 1943 1200 contempserunt
1963 1180 1974 1197 ,
1996 1165 2104 1200 pacem

1219 1202 1309 1241 igitur
1319 1209 1377 1231 non
1388 1198 1554 1233 habebunt.
1588 1204 1670 1236 Deus
1693 1205 1821 1244 videat,
1848 1213 1913 1239 uter
1930 1210 2030 1247 primo
2038 1207 2105 1250 fes-

1215 1246 1269 1290 fies
1291 1247 1435 1290 defecerit
1457 1273 1469 1289 ,
1496 1253 1584 1292 Papa
1598 1274 1610 1291 ,
1634 1263 1675 1284 an
1696 1252 1847 1286 Lutberus
1860 1278 1867 1286 .
1895 1254 1939 1287 Et
1962 1255 1998 1288 in
2018 1255 2105 1290 libre

1218 1296 1368 1331 adversus
1381 1297 1475 1342 Papae
1500 1310 1538 1333 ac
1550 1299 1790 1345 Episcoporum
1813 1304 1931 1338 statum
1947 1305 2105 1340 Ecclesia-

1218 1346 1355 1380 sticum:
1384 1352 1442 1381 His
1464 1355 1599 1382 certiores
1610 1361 1667 1384 vos
1681 1353 1765 1395 facio
1775 1364 1821 1386 me
1844 1354 1881 1387 de
1891 1362 1996 1389 caetero
2015 1356 2104 1390 vobis

1217 1408 1275 1430 non
1296 1399 1425 1440 amplius
1446 1410 1513 1432 eum
1535 1398 1672 1434 bonorem
1690 1402 1743 1445 effe
1755 1402 1975 1446 exhibiturum,
2001 1394 2043 1439 ut·
2056 1416 2104 1440 me

1211 1445 1388 1489 submittam
1398 1449 1485 1482 vobis
1497 1475 1508 1491 ‚
1535 1450 1587 1484 vel
1597 1456 1686 1484 etiam
1697 1453 1751 1486 ulli
1766 1454 1872 1497 Angelo
1892 1455 1930 1488 de
1940 1456 2008 1488 coelo
2019 1480 2030 1495 ‚
2058 1457 2106 1489 ad

1207 1498 1410 1537 judicandam
1445 1501 1499 1533 vel
1517 1503 1754 1535 examinandam
1789 1503 1956 1538 dollrinam
1982 1516 2080 1539 meam
2091 1530 2100 1538 .

1213 1551 1300 1581 Nam
1316 1547 1417 1589 stultae
1450 1548 1615 1583 humilitati
1636 1553 1709 1592 jam
1738 1556 1826 1586 tertio
1846 1552 2039 1597 satisfaHum
2061 1554 2101 1596 est

1211 1601 1403 1650 VVormaciee
1415 1623 1426 1638 ,
1453 1601 1487 1632 6·
1502 1609 1603 1633 tamen
1626 1601 1706 1635 nibil
1719 1602 1837 1644 prodest
1849 1629 1857 1637 .
1884 1606 1945 1638 Sed
1965 1606 2032 1639 volo
2048 1615 2102 1639 au-

1211 1649 1274 1680 diri
1286 1672 1297 1689 ‚
1325 1649 1361 1682 &
1379 1650 1480 1689 juxta
1499 1649 1664 1684 doetrinam
1687 1651 1787 1685 sandi
1809 1656 1892 1686 Petri
1916 1678 1928 1694 ,
1953 1654 2097 1688 doarinae

1209 1709 1283 1732 meae
1294 1703 1439 1732 rationem
1463 1700 1500 1743 (a
1505 1698 1739 1741 fundamentum
1748 1702 1894 1742 ostendere
1915 1713 2013 1737 coram
2031 1709 2101 1739 uni·

1207 1746 1294 1791 verso
1305 1750 1416 1782 mundo
1425 1773 1436 1788 ‚
1462 1760 1584 1792 eamque
1593 1750 1700 1786 babere
1710 1754 1910 1793 injudicatam
1919 1755 1940 1786 ἃ
1952 1755 2101 1797 quolibet,-

1205 1803 1298 1831 etiam
1307 1800 1327 1831 ἂ
1337 1798 1449 1832 ιιιηδῖιι
1462 1802 1582 1843 Angelis
1594 1826 1601 1833 .
1630 1806 1707 1835 Cum
1718 1808 1797 1836 enim
1808 1803 1846 1837 de
1855 1815 1892 1838 ea
1900 1799 1998 1837 certus
2015 1802 2072 1845 fim
2082 1829 2096 1846 ,

1206 1849 1272 1879 volo
1276 1855 1336 1889 per
1347 1859 1414 1882 eam
1439 1850 1475 1881 ό*
1497 1850 1591 1888 vester
1618 1853 1654 1884 <St
1675 1854 1849 1895 Angelorum
1866 1864 1978 1896 quoque
1991 1855 2095 1894 judex

1203 1895 1253 1938 effe
1268 1919 1280 1936 ,
1303 1905 1338 1930 ut
1347 1895 1481 1940 quisquis
1492 1896 1661 1931 doarium
1671 1909 1766 1932 meam
1789 1912 1847 1933 non
1865 1909 2093 1943 acceptaverit,

1200 1944 1322 1988 salvari
1344 1957 1403 1979 non
1419 1947 1502 1986 posfit
1515 1956 1530 1978 r
1548 1945 1713 1983 'Det'enim
1735 1948 1773 1988 est
1784 1967 1803 1988 ‚=
1823 1961 1880 1983 non
1894 1962 1984 1985 mea.
2013 1953 2094 1996 Ejtis

1191 1994 1331 2037 ¹Scripta
1343 1995 1468 2027 scatent
1479 1992 1663 2028 istiusmodi
1676 2006 1746 2029 non
1766 1998 1896 2035 tautum
1916 2001 2091 2044 iis-Papam

1202 2042 1239 2077 &s
1257 2040 1459 2086 Episcopus,
1489 2037 1543 2076 sed
1565 2043 1665 2078 etiam
1678 2044 1714 2079 in
1736 2045 2004 2089 Imperatorem,
2019 2049 2097 2085 Re*

1200 2093 1323 2140 gesque
1347 2093 1383 2128 δι
1405 2091 1577 2139 Principes
1588 2104 1704 2131 omnes
1721 2092 1991 2133 Thrazonismis.
2091 2099 2095 2121 ²·

2129 484 2213 524 Epist.
2225 495 2268 521 70.

1287 2310 1290 2315 ·
1337 2251 1471 2317 omn&
1489 2243 1948 2317 fiientiampollicentur.

1248 2395 1360 2432 Etiam
1371 2394 1440 2430 haec
1457 2397 1584 2431 Doctor
1596 2394 1705 2431 scribit
1727 2396 1762 2432 in
1781 2396 1960 2433 Gnosticos
1973 2422 1984 2439 ,
2009 2410 2089 2444 quo·

1198 2454 1270 2480 rum
1284 2446 1393 2490 ipsum
1413 2458 1537 2480 nomen
1565 2447 1735 2490 pollicetur
1749 2448 1937 2489 scientiam,
1964 2449 2088 2492 &quo-

1198 2507 1270 2531 tum
1281 2497 1386 2541 aliqui
1408 2497 1470 2531 sese
1494 2507 1562 2530 non
1586 2497 1799 2531 solummodo
1812 2498 2003 2541 Apostolis,
2030 2498 2088 2532 sed

1187 2547 1232 2581 ὃ(
1245 2547 1316 2590 ipso
1328 2546 1482 2582 Domino
1493 2546 1649 2589 jactarent
1659 2545 1816 2581 dostiores
1833 2570 1841 2578 .
1869 2547 1942 2582 Nec
1954 2558 2086 2583 tantum

1197 2595 1237 2630 de
1249 2607 1328 2632 nato
1336 2609 1378 2631 ex
1396 2597 1466 2640 ipsis
1479 2608 1587 2631 verme
1599 2595 1788 2631 Manichaeo
1804 2620 1816 2638 ,
1843 2596 1896 2631 sed
1920 2595 1961 2631 de
1979 2598 2088 2637 omni-

1198 2646 1257 2681 bus
1268 2648 1448 2691 generatim
1462 2646 1620 2688 haereticis
1635 2647 1746 2682 scribit
1759 2648 1793 2680 in
1807 2646 1893 2681 libro
1904 2647 1944 2682 de
1953 2649 2088 2683 creden·

1198 2697 1230 2731 di
1249 2697 1390 2731 utilitate
1413 2697 1547 2730 Sanctus
1560 2696 1784 2741 Augustinus:
1812 2697 2017 2736 Christianam
2037 2709 2088 2733 ve·
2106 2711 2221 2749 Capq,

1205 2754 1324 2782 ritatem
1349 2746 1525 2789 profitentur
1540 2757 1642 2780 omnes
1665 2746 1817 2788 baeretici,
1839 2748 1897 2790 sed
1916 2753 2006 2781 itaut
2019 2754 2086 2790 eis,

1203 2810 1273 2841 quos
1286 2797 1418 2831 illeaeant
1429 2822 1440 2837 ‚
1472 2802 1616 2830 rationem
1623 2795 1658 2840 se
1668 2798 1706 2831 de
1715 2795 1910 2840 obscuriffimis
1929 2797 2014 2831 rebus
2021 2800 2089 2841 pol-

1202 2849 1348 2882 liceantur
1357 2848 1549 2887 reddituros,
1575 2858 1661 2889 eoque
1671 2846 1855 2881 Catholicam
1879 2850 2013 2882 maxime*
2029 2854 2086 2882 cri·

1203 2903 1375 2939 minentur,
1401 2897 1477 2940 quod
1487 2897 1549 2930 illis
1567 2921 1579 2937 ,
1602 2902 1655 2939 qui
1665 2898 1710 2930 'ad
1716 2908 1783 2931 eam
1805 2902 1958 2938 veniunt,
1979 2903 2088 2940 prmi-

1200 2953 1282 2990 pitur
1291 2955 1324 2982 ut
1333 2949 1457 2993 credant
1468 2971 1478 2987 ,
1497 2945 1532 2988 'se
1542 2953 1643 2981 autem
1653 2958 1710 2980 non
1716 2949 1826 2991 jugum
1846 2949 1983 2982 credendi
1993 2954 2088 2991 impos

1204 3010 1271 3032 nere
1290 3023 1302 3039 ‚
1326 2997 1383 3041 sed
1400 2998 1522 3031 docendi
1534 2996 1653 3038 fontem
1673 3003 1793 3039 aperire
1810 2999 1978 3042 gloriantur
1999 3023 2006 3031 .
2033 2999 2083 3033 Ita

1203 3050 1275 3082 suos
1285 3048 1463 3082 sectatores
1474 3058 1515 3080 ex
1527 3047 1632 3081 stultis
1644 3047 1776 3082 insanos
1785 3073 1796 3089 ‚
1823 3059 1861 3083 ac
1870 3059 1911 3083 ex
1931 3047 2084 3092 lethargi-

1203 3100 1249 3132 cis
1261 3098 1388 3133 faciunt
1400 3097 1608 3142 phreneticos
1621 3122 1629 3129 .
1656 3098 1701 3131 Et
1711 3098 1836 3132 famosa
1848 3098 1908 3133 issa
1921 3098 2084 3142 pollicita-

1202 3149 1294 3183 tione
1317 3149 1417 3183 etiam
1443 3148 1475 3180 se
1500 3147 1594 3181 fuiffi:
1616 3147 1896 3193 circumscriptum
1918 3148 2084 3191 profitetur

1204 3199 1326 3233 ibidem
1338 3196 1562 3243 Augustinus.
1589 3197 1637 3232 Ita
1650 3196 1737 3232 hanc
1750 3208 1864 3234 vocem
1876 3223 1887 3239 ,
1911 3196 2009 3231 Nobis
2017 3200 2085 3237 pri-

1203 3260 1282 3282 mum
1291 3250 1458 3283 revelatum
1471 3245 1535 3293 est,
1560 3250 1581 3280 ἃ
1592 3247 1691 3281 Nobis
1703 3252 1812 3290 incepit
1817 3247 1895 3290 fides
1905 3244 2086 3284 christiano-

1201 3311 1289 3341 rum,
1314 3299 1409 3334 fuiss‘e
1420 3297 1636 3332 Montanisiis
1645 3298 1860 3336 familiarem,
1887 3306 1925 3328 ac
1946 3294 2087 3337 postmo-

1202 3349 1463 3394 dev-resumptam
1488 3346 1530 3381 ab
1540 3347 1693 3387 Arianis,
1720 3344 1828 3380 scribit
1851 3344 1885 3378 in
1899 3344 2035 3387 epistola
2044 3344 2087 3381 de

1930 3394 2038 3429 Seleu-
