2346 3724
704 148 1020 193 C‘AP1

213 228 270 264 Ex
290 226 359 272 ipso
385 226 420 262 in
443 225 708 263 monstrosissima
729 225 867 264 humani
887 226 1016 274 generis
1029 232 1098 269 pto-

215 280 270 314 bra
291 284 483 321 proruerunt
499 300 508 309 .
547 276 591 310 Et
612 278 704 321 quod
729 278 897 315 adversum
919 277 1003 320 ipsos
1025 286 1101 321 qua-

213 337 289 363 tuor
312 325 467 369 Apostoli
490 325 671 370 scripserint
694 329 763 365 suas
774 326 964 362 Catholicas
985 324 1102 369 episto·

213 379 262 412 las
270 401 282 417 ‚
307 376 441 411 testatur
451 376 585 412 Sanstus
594 374 800 423 Augustinus
812 379 846 412 in
861 377 946 413 libro
966 376 1008 411 de
1018 375 1100 412 Fide

212 428 248 462 &
266 426 449 470 Operibus.
479 426 551 474 Qi
573 426 715 470 ipsorum
742 429 893 465 scelerata
903 438 1020 462 arcana
1033 437 1099 460 non

210 478 330 517 novit,
353 475 390 510 in
411 476 637 525 intelligendis
662 478 798 514 istorum
819 477 1058 522 Apostolorum
1072 487 1102 509 e-

211 527 339 571 pistolis
359 538 428 562 non
452 526 555 571 potest
585 540 651 562 non
675 528 857 574 gravissime
885 526 1100 562 hallucinari,

211 576 258 610 Et
279 588 390 612 tamen
411 578 501 624 quod
522 589 563 612 ex
575 578 628 612 his
638 578 907 615 foeculentiffimis
927 575 1100 613 nebuloni·

211 627 273 661 bus
293 627 401 671 plures
424 638 585 673 perpetuae
595 629 750 666 castitatis
760 629 988 675 professionem
1000 653 1012 673 ,
1030 637 1100 660 om-

210 688 290 711 nem
303 678 322 713 a
333 678 473 714 carne&
486 679 564 712 vino
575 678 807 715 abstinentiam
821 705 832 721 ‚
858 691 896 714 ac
919 679 1059 714 multam
1070 688 1100 711 a·

207 726 291 762 'iiam
313 728 564 764 sanctimoniam
581 730 706 764 summa
720 741 795 767 cum
816 730 978 774 hypocrisi
1000 727 1109 761 simu-‘

208 778 373 819 laverint,
402 779 535 815 testatur
555 791 624 814 non
649 780 883 817 tantummodo
897 780 1030 815 Sanctus
1042 778 1101 811 Ire·

213 839 322 870 ntus„
342 829 397 864 sed
420 830 519 864 etiam
541 830 575 865 in
597 829 714 864 litteris
735 830 776 865 ad
789 829 1013 870 Timotheum
1025 829 1101 862 San-

212 879 283 911 ssus
305 878 487 924 Apostolus
506 877 649 912 Paulus.
678 879 867 923 Explebant
890 879 1103 924 paroemiam:

214 931 322 960 eureos
336 927 497 969 findant,
525 930 559 961 Θ
579 928 796 963 Bacchanalta·
811 936 943 965 vivunt.
970 927 1106 964 Fabula-

207 974 331 1011 ‘bantur
354 978 460 1021 plures
486 977 600 1019 Deos,
628 989 663 1013 at
686 980 815 1015 nullum
832 980 1014 1025 diligebant
1041 988 1103 1012 ma-

209 1027 264 1072 gis
287 1051 299 1068 ,
335 1038 391 1062 aut
413 1027 547 1062 sanetius
563 1028 800 1065 venerabantur
822 1055 833 1071 ,
871 1031 969 1074 quam
993 1029 1105 1066 Deum

213 1088 360 1113 ventrem
383 1103 390 1110 .
425 1078 550 1113 Eorum
576 1081 719 1115 surculus
740 1082 872 1116 fuerunt
900 1079 1079 1114 Maniehaei
1095 1102 1106 1118 ,

214 1128 525 1172 quorum„dolosam
547 1128 744 1175 hypocrisim
768 1130 935 1176 eleganter
956 1130 1107 1176 depingit

214 1177 250 1212 in
272 1178 419 1216 secundae
441 1179 483 1212 ad
492 1178 724 1218 ‘Timotheum'
742 1181 886 1225 epistolae
906 1191 1107 1216 commenta-

76 1233 157 1277 tap.
173 1247 200 1277 3.
214 1228 266 1263 rio
288 1227 426 1262 Hilarus
445 1229 604 1263 Romanae
626 1230 774 1266 Ecclesiae
799 1232 990 1268 Diaconus:
1020 1232 1109 1266 Nulli.

214 1288 280 1312 tam
301 1284 463 1320 importuni
476 1304 486 1319 ,
513 1290 577 1313 tam
592 1280 722 1322 fallaces
740 1306 752 1322 ,
790 1292 856 1315 tam
878 1280 1000 1324 capnofi
1011 1281 1110 1325 sunt,

215 1331 307 1371 qubm
331 1328 510 1370 Maem'cbaei,
540 1341 611 1371 quos
630 1331 738 1370 constat
750 1333 952 1371 altudcolere,
979 1334 1013 1365 ἐν
1027 1332 1113 1367 aliud

212 1379 350 1422 profiteri
364 1392 378 1420 ,·
407 1380 494 1413 aliud
517 1385 601 1412 intus
626 1391 733 1423 agere,
759 1382 793 1414 (τ
809 1381 892 1422 foris
914 1381 1108 1415 aliudvendl-

215 1440 303 1462 care.
317 1433 417 1460 .Nam
434 1427 666 1470 [ammoniam
685 1430 855 1469 defendunt
878 1455 888 1470 ,
916 1433 950 1464 (9
969 1432 1032 1473 lege
1051 1429 1110 1473 sua

187 1478 345 1527 „favente
365 1481 496 1517 turpiter
517 1483 630 1510 vivunt
658 1500 664 1507 .
696 1478 931 1520 Misericordiam
957 1480 1110 1519 laudant,

215 1529 282 1561 cicm
301 1533 384 1560 inter
400 1524 543 1569 seinjusti
557 1527 841 1569 deprehendantur.
869 1529 1019 1561 Mundum
1027 1527 1110 1571 sper-

216 1579 347 1612 nendum
358 1578 485 1620 afferunt
497 1602 508 1617 ,
535 1576 694 1620 &semper
709 1584 841 1612 accurati
859 1580 1038 1620 procedam.
1048 1582 1081 1623 J
1083 1590 1110 1612 e·

212 1631 312 1671 Juniis
335 1627 456 1667 infistere
472 1625 507 1673 se
526 1628 684 1668 jaetanter
710 1631 906 1671 pudicam,
935 1631 999 1662 cam
1012 1640 1109 1662 omnes

214 1676 352 1722 saginati
372 1679 535 1711 videamur
548 1705 555 1712 .
583 1681 714 1712 Tanticm
735 1681 891 1721 quodam
902 1680 1035 1722 quadam
1043 1680 1110 1722 pa!-

220 1729 278 1760 lidl
299 1737 480 1768 cernuntur,
504 1736 536 1760 ut
551 1728 687 1770 fallant.
715 1729 867 1765 Eandem
889 1732 1031 1766 formam
1055 1729 1110 1767 ha·

220 1777 292 1812 buit
315 1779 381 1813 vita
405 1778 560 1814 omniurn
582 1779 838 1815 Gnosticorum.

269 1829 422 1863 Externis
446 1826 623 1863 hominum
637 1831 743 1864 oculis
763 1831 842 1878 quid
856 1842 1001 1876 unquam
1015 1843 1112 1876 appa·

219 1879 287 1913 ruit
300 1880 437 1915 sanetius
458 1880 524 1915 vita
538 1879 844 1918 Montanistarum?
871 1882 983 1931 Qam
1006 1882 1084 1916 casti
1099 1903 1110 1923 ,

218 1929 321 1974 quam
340 1930 441 1974 usque
461 1929 504 1964 ad
517 1929 767 1976 Xerophagiam
788 1931 967 1974 abstemii,
994 1933 1108 1978 quanti

218 1981 340 2014 consta:
349 1977 527 2023 disciplinae
539 1980 693 2016 zelatores
704 1983 913 2026 apparuerint
931 2009 942 2024 ‚
968 1984 1057 2018 lucet
1069 1995 1110 2017 ex

221 2030 318 2064 variis
340 2029 430 2065 libris
453 2030 527 2074 lapsi
543 2030 584 2065 ad
606 2031 693 2075 ipsos
703 2032 906 2067 Tertulliani
921 2059 928 2066 .
958 2032 1108 2070 Eandem

222 2079 394 2115 nobiscum
415 2079 650 2124 profitebantur
671 2082 747 2117 fidei
761 2083 926 2128 regulam.
953 2084 1108 2119 Hincin=

219 2130 262 2164 de
283 2129 427 2173 lapsam,
454 2142 510 2165 aut
532 2143 599 2166 non
624 2132 696 2167 satis
720 2134 880 2168 firmatam
901 2134 1109 2178 disciplinam

220 2179 435 2215 credebantur
457 2182 490 2219 ἀ
503 2183 677 2226 reparaturi
699 2184 733 2220 &
747 2184 918 2226 perfecturi
933 2209 941 2216 .
970 2185 1012 2219 Et
1024 2184 1111 2218 hanc

220 2231 310 2264 suam
339 2230 535 2275 hypocrisim
573 2233 792 2275 perfiiaserunt
819 2233 936 2267 Sancto
964 2234 1112 2267 Aniceto

221 2280 383 2318 Pontifici
400 2293 407 2312 :
434 2283 564 2318 ovinas
586 2282 677 2316 lanas
701 2281 786 2319 adeo
805 2281 917 2316 dextre
929 2282 1111 2325 circumpo-

221 2331 353 2364 suerunt
375 2331 432 2366 suo
446 2331 543 2374 lupo.
574 2330 616 2364 Et
627 2329 716 2372 quod
742 2342 808 2364 non
821 2332 994 2364 dumtaxat
1014 2342 1110 2373 rapa-

221 2390 292 2419 ces,
318 2380 372 2413 sed
395 2380 493 2414 etiam
518 2379 705 2421 spurcissimi
727 2379 795 2422 lupi
824 2380 970 2420 fuerint,
997 2380 1030 2413 in
1045 2380 1111 2415 Ec·-

218 2428 393 2462 clesiastica
416 2427 547 2462 Eusebii
569 2428 781 2463 Caesaraeensis
805 2428 942 2464 historia
968 2430 1110 2465 demon-

218 2477 297 2512 strat
332 2477 489 2522 antiquus
518 2479 553 2513 δε
578 2476 788 2514 authenticus
825 2480 934 2514 noster
959 2481 1106 2524 Scriptor

222 2528 425 2572 Apollonius
438 2554 445 2562 .
472 2529 579 2573 Ipsum
592 2529 752 2564 scelerata:
777 2530 980 2578 hypocrisios
993 2529 1110 2565 autho-

222 2590 289 2613 rem
300 2578 504 2616 Montanum
516 2579 610 2613 fuisse
626 2579 659 2614 in
680 2580 841 2615 adulterio
854 2581 1087 2625 deprehensum
1101 2607 1112 2624 ,

222 2640 261 2662 ac
284 2628 360 2663 inde
383 2653 394 2668 ‚
419 2630 499 2668 dum
522 2630 668 2664 damnari
695 2630 787 2664 timet
809 2632 850 2665 ab
876 2631 1018 2666 Ecclesia
1033 2657 1044 2672 ,
1070 2632 1111 2666 ad

223 2678 412 2714 haereticum
451 2681 608 2715 sceleratae
635 2681 854 2717 sanstimoniae
880 2680 1109 2716 histrionatum

223 2728 318 2765 fuiffe
338 2731 552 2764 transversum
576 2730 688 2765 scribit
711 2731 751 2765 ad
774 2730 976 2767 Herminum
998 2732 1111 2769 Comi-

223 2779 339 2813 mitem
350 2780 483 2817 Sanetus
505 2780 644 2817 lfidorus
653 2779 846 2817 Pelusiotes.
875 2783 918 2818 Et
933 2783 997 2816 haec
1017 2782 1112 2826 poffit

223 2828 285 2863 esst
297 2841 362 2864 una
373 2832 539 2865 rationum
552 2854 563 2871 ,
574 2842 614 2865 ex
627 2830 745 2877 quibus
758 2833 991 2876 Apostolicum
1005 2857 1016 2872 ,
1041 2844 1109 2878 quo

224 2880 411 2923 perfunctos
431 2882 623 2923 poenitentia
648 2881 787 2916 maechos
807 2882 848 2917 ad
863 2883 1112 2918 Sacramentalis

225 2930 527 2965 Reconciliationis
539 2942 651 2975 pacem
663 2933 790 2968 admisit
802 2931 1010 2978 Zephyrinus
1023 2933 1110 2971 Pon-

224 2980 308 3015 tifex
321 3003 333 3020 ,
361 2980 515 3015 Edictum
529 2981 776 3023 pertinacissime
789 2985 941 3019 refutavit
955 2995 994 3018 ac
1005 2985 1109 3029 impu·

224 3031 342 3075 gnavit
366 3032 474 3064 omnis
496 3030 554 3065 ista
580 3032 698 3066 faffio:
725 3033 806 3082 Qo
831 3034 953 3068 scilicet
979 3035 1027 3070 sui
1050 3036 1110 3071 Pa-

226 3078 372 3116 rriarchae
385 3081 494 3115 natale
507 3080 632 3125 flagitia
641 3093 672 3116 m
685 3085 812 3127 penitus
824 3083 993 3118 abolerent
1007 3108 1014 3115 .

278 3130 540 3165 Novatiancnses
553 3131 685 3165 fuerunt
705 3136 789 3168 tanti
803 3134 1026 3171 sanctimoniae
1036 3137 1107 3172 affe·

224 3181 362 3216 statores
383 3206 394 3222 ,
429 3191 467 3216 ut
492 3183 676 3226 semetipsos
700 3184 900 3226 appellarent
927 3184 1110 3228 Cathams,

226 3232 280 3265 seu
304 3231 447 3266 mundos
470 3257 481 3272 ‚
515 3230 662 3267 dicentes
685 3243 752 3266 non
780 3233 950 3271 dumtaxat
986 3236 1111 3277 futuri,

228 3281 282 3315 sed
305 3281 339 3316 δε
350 3283 514 3326 praesentis
525 3283 628 3317 saeculi
645 3282 819 3317 Ecclesiam
831 3286 893 3318 esse
907 3286 972 3319 sine
983 3288 1109 3322 macula

228 3331 262 3365 et
276 3341 374 3377 ruga.
402 3332 444 3368 Et
459 3333 502 3368 sic
513 3343 679 3377 oportere.
710 3333 804 3369 HInc
815 3345 948 3370 omnem
960 3336 1084 3388 lapsum
1100 3362 1110 3379 ,

85 2806 147 2837 Lib.
175 2815 185 2833 x
200 2825 207 2833 .

84 2849 206 2885 sip-243-

1094 158 1295 190 *trs

1401 143 1422 189 1
1459 145 1515 190 V.
1914 156 1978 204 65

1166 224 1279 268 utpote
1301 234 1410 259 veram
1435 224 1471 260 in
1496 223 1640 259 Ecclesia
1666 234 1781 269 rugam
1806 236 1844 262 ac
1866 226 2052 268 maculam,

1164 273 1246 310 adeo
1256 275 1390 310 aversati
1420 276 1517 320 sunt,
1542 284 1580 312 ut
1605 273 1760 318 &ipsum
1781 277 1981 317 poenitentiae
1996 277 2054 312 Sa-

1163 334 1368 360 cramentum
1388 325 1510 364 fuerint
1520 325 1653 362 aversati
1678 323 1927 368 &ablegarint.
1955 327 2053 362 Licet

1163 375 1251 409 enim
1263 375 1476 411 Novatianus
1485 401 1498 417 ,
1523 375 1603 410 dum
1616 375 1724 419 primu
1734 374 1884 411 adversus
1896 376 2052 416 Sanctum

1167 426 1288 469 Papam
1316 426 1513 460 Cornelium
1552 424 1742 464 rebellionis
1772 425 1878 459 erexit
1904 436 2054 466 cornua,

1166 474 1248 513 solos
1270 476 1458 515 idololatras
1480 476 1646 514 blaterat-it
1667 486 1734 509 non
1757 476 1845 520 posse
1869 485 1923 518 per
1947 475 2054 509 Sacra·

1165 526 1316 562 mentalis
1328 525 1770 569 Reconciliationisjanuam
1781 524 1880 569 recipi
1893 525 1927 558 in
1943 524 2056 558 Eccle-

1164 577 1259 615 siam,
1283 575 1458 620 postmodo
1481 586 1593 611 tamen
1606 586 1662 613 aut
1682 576 1747 623 ipse
1759 600 1772 617 ,
1798 585 1855 610 aut
1871 575 1940 618 ejus
1952 575 2056 609 Secta·

1166 637 1252 662 tores
1271 626 1498 660 crudelitatem
1510 627 1731 662 extenderunt
1742 625 1782 661 ad
1794 635 1895 673 omne
1904 626 2029 661 crimen
2041 648 2055 664 ,

1166 677 1252 711 &sic
1263 676 1438 711 secundam
1459 677 1625 722 naufragii
1646 676 1792 715 tabulam
1817 676 1992 712 voluerunt
2005 685 2059 718 pe-

1167 726 1256 761 nitus
1280 727 1451 764 laceratam
1471 737 1569 771 atque
1595 728 1759 762 excussam
1776 752 1783 759 .
1811 726 1855 759 Et
1881 724 2057 763 adversum

1167 778 1253 821 ipsos
1274 778 1412 816 Sanctus
1423 778 1612 826 Cyprianus
1631 778 1751 821 scripsit
1761 776 1802 812 ad
1823 775 1998 811 Romanos
2013 785 2064 818 ex>
2116 815 2122 821 α

1168 827 1229 864 isto
1240 825 1412 866 schismate
1422 828 1571 863 redudms
1579 828 1791 863 Confessores
1802 839 1810 859 z
1840 826 2056 869 Etsividentur
2072 814 2157 856 Eplst·
2169 824 2182 853 5
2192 825 2214 847 ¹·

1166 883 1199 910 in
1219 877 1346 920 Ecclesia
1366 878 1420 922 effe
1438 884 1562 916 zizania
1574 903 1584 919 ,
1611 889 1669 912 non
1691 887 1793 914 tamen
1806 876 1946 920 impediri
1969 876 2058 910 debet

1163 928 1240 971 fides
1255 937 1308 961 aut
1327 928 1473 964 Charitas
1497 928 1592 969 nistra
1613 953 1626 970 ,
1652 935 1686 962 ut
1706 933 1848 971 quonlam
1873 933 1998 961 zizania
2026 931 2059 959 m

1170 977 1297 1020 Ecclefia
1315 985 1486 1020 cernimus,
1512 977 1570 1021 ipfi
1589 980 1628 1016 de
1641 978 1768 1020 Ecclefia
1779 979 1968 1013 recedamus.
1993 981 2060 1009 Νο-

1168 1027 1216 1060 bis
1237 1029 1442 1067 tantummodb
1463 1028 1659 1066 laborandum
1670 1029 1729 1070 est,
1758 1038 1791 1067 ut
1802 1028 1995 1071 frumentum
2007 1026 2062 1070 esse

1167 1079 1316 1120 poffimus·
1342 1078 1550 1116 Novatianus
1572 1079 1784 1119 Romanam,
1810 1091 1849 1113 ac
1860 1089 1996 1113 ornnem
2010 1076 2064 1111 illi

1171 1128 1477 1164 communicantem
1503 1129 1681 1164 Ecclesiam
1700 1153 1711 1170 ,
1749 1126 1838 1176 quod
1866 1127 2064 1172 poenitentia

1173 1179 1302 1213 funcios
1323 1178 1515 1216 idololatras
1525 1179 1669 1223 coepisset
1679 1177 1851 1215 admittere
1861 1179 1903 1215 ad
1916 1187 2065 1212 commu·

1174 1229 1285 1264 nionis
1302 1240 1414 1272 pacem
1425 1253 1436 1269 ,
1462 1229 1549 1263 dixit
1565 1240 1632 1263 non
1647 1231 1710 1264 esse
1728 1228 1867 1276 amplius
1879 1228 2020 1264 faustam
2031 1227 2066 1260 &

1174 1279 1420 1314 immaculatam
1434 1277 1557 1317 Christi
1570 1280 1714 1314 Domini
1731 1279 1882 1323 sponsam
1895 1303 1907 1319 ‚
1933 1277 1987 1312 sed
2010 1277 2069 1310 foe-

1173 1329 1310 1364 diffimis
1334 1329 1470 1364 zizaniis
1495 1330 1904 1377 maculosam&rugosam
1928 1327 2071 1362 meretri·

1174 1384 1246 1413 cem
1258 1404 1265 1411 .
1293 1379 1388 1414 Hinc
1410 1391 1453 1415 ne
1470 1380 1539 1424 ipse
1555 1379 1791 1419 macularetur,
1815 1379 1920 1414 exivit
1932 1378 1974 1413 ab
1988 1378 2068 1421 ipsa,

1165 1430 1205 1465 ,δι
1229 1428 1373 1463 instituit
1396 1440 1517 1464 novam
1542 1429 1762 1466 Catharorum
1776 1429 1958 1467 Ecclesiam
1973 1452 1984 1468 ‚
2010 1431 2072 1460 no*

1177 1490 1250 1512 vam
1281 1479 1475 1513 Sanctorum
1502 1480 1798 1515 communionem.
1823 1478 1926 1524 Qod
1952 1487 2070 1512 eorum

1164 1527 1571 1574 ¹Constantinopolitanus
1594 1528 1777 1573 Episcopus
1796 1549 1807 1567 ,
1831 1538 1869 1563 ac
1892 1529 1998 1562 totius
2018 1527 2071 1562 fa·

1175 1577 1294 1613 &ionis
1317 1577 1446 1612 Primas
1467 1576 1620 1622 Agellius
1641 1577 1768 1621 semper
1790 1577 1953 1615 incesserit
1975 1577 2074 1617 nudis

1175 1627 1327 1672 pedibus,
1362 1626 1647 1670 fueritque-unica
1668 1628 1706 1667 ἀ
1721 1628 1781 1662 vili
1802 1627 1917 1663 tunica
1936 1638 2075 1662 conten·

1174 1689 1224 1712 tus
1237 1702 1249 1719 ,
1276 1677 1435 1712 testantur
1457 1677 1651 1715 Socrates&
1663 1678 1820 1713 Hermias
1841 1678 2051 1717 Zozomenus
2064 1701 2073 1711 .

1177 1729 1219 1764 Et
1243 1728 1287 1763 de
1306 1727 1376 1772 ejus
1398 1728 1577 1766 successore
1588 1728 1731 1766 sisinnio
1742 1728 1933 1775 adJungunt
1947 1754 1958 1771 ‚
1983 1727 2074 1773 quod

1175 1781 1208 1813 in
1235 1778 1308 1813 alba
1328 1778 1450 1822 semper
1473 1778 1562 1815 veste
1578 1779 1786 1826 processerit,
1815 1779 1966 1824 allegans
1980 1779 2075 1813 Chri-

1173 1831 1260 1865 stum
1285 1829 1472 1863 Dominum
1486 1829 1521 1863 in
1540 1829 1654 1864 eadem
1677 1829 2074 1874 fuisse-transfiguratum.

1176 1881 1246 1915 Suae
1272 1880 1368 1914 Sestae
1394 1879 1646 1914 sanctimoniam
1673 1880 1720 1914 ita
1747 1880 1854 1914 voluit
1879 1880 2072 1924 praedicare.

1175 1930 1270 1979 Qin
1306 1931 1339 1964 &
1365 1930 1538 1965 memorati
1560 1930 1743 1973 Scriptores
1768 1931 1928 1968 testantur
1961 1931 2075 1965 Nova-

1174 1980 1372 2016 tianensium
1396 1980 1558 2024 quosdam
1584 1981 1764 2016 coruscasse
1789 1981 1956 2015 miraculis
1977 2006 1984 2013 .
2029 1981 2076 2022 Et

1175 2031 1271 2075 poffit
1293 2030 1357 2066 effic
1382 2055 1390 2063 .
1417 2031 1509 2065 Nam
1531 2032 1700 2066 montium
1728 2030 1916 2064 translatrix
1936 2028 2016 2063 fides
2037 2030 2074 2064 δε

1175 2080 1347 2119 Charisma
1377 2106 1389 2123 ,
1425 2081 1515 2126 quod
1564 2082 1628 2114 sine
1661 2080 1820 2114 charitate
1853 2101 1864 2118 ,
1901 2091 1939 2113 ac
1976 2079 2073 2113 Divi·

1176 2144 1217 2169 na
1245 2131 1442 2175 justificante
1465 2131 1568 2174 gratia
1589 2129 1730 2163 inveniri
1752 2130 1840 2172 posse
1852 2130 1965 2164 scribit
1982 2129 2071 2173 Apo·

1174 2181 1276 2216 stolus
1301 2182 1334 2214 in
1368 2179 1530 2223 prioribus
1553 2179 1671 2213 litteris
1681 2180 1721 2213 ad
1735 2179 2069 2227 Corinthios.Qid·

1176 2230 1257 2273 quid
1282 2230 1321 2263 sit
1333 2254 1343 2270 ,
1372 2231 1515 2263 fucatam
1527 2230 1777 2264 sanctimoniam
1793 2231 1826 2264 in
1839 2231 1952 2274 aliquo
1965 2230 2071 2274 pretio

1178 2279 1364 2313 habuerunt
1391 2281 1629 2322 Imperatores,
1654 2279 1803 2324 Magnus
1827 2281 2072 2315 Constantinus

1175 2329 1210 2362 ὅ(
1234 2329 1380 2372 Magnus
1406 2327 1639 2369 Theodosius,
1668 2329 1803 2367 Atticus
1830 2330 2072 2365 Constantino-

1176 2377 1341 2422 politanus
1366 2377 1569 2424 Episcopus,
1595 2390 1634 2413 ac
1653 2379 1709 2415 alii
1734 2381 1857 2427 plures.
1886 2381 2069 2415 Praesertim

1175 2439 1285 2465 tamen
1307 2438 1422 2465 eorum
1447 2430 1670 2469 constantiam
1695 2430 1729 2463 in
1753 2431 1875 2467 tuenda
1886 2430 1952 2466 fide
1965 2432 2075 2466 Nicae·

1174 2490 1216 2514 na
1242 2505 1249 2516 ,
1276 2477 1333 2514 Ob
1355 2477 1443 2514 hanc
1466 2480 1500 2515 &
1519 2479 1611 2513 istius
1633 2479 1761 2525 Synodi
1788 2483 1922 2519 octavus
1946 2482 2070 2516 Canon

1175 2529 1241 2565 illis
1262 2526 1340 2564 fecit
1362 2529 1557 2574 singularem
1579 2531 1739 2575 gratiam.
1769 2531 1833 2566 Per
1846 2532 2070 2566 sanctimoniae

1174 2578 1286 2614 fucum
1312 2579 1436 2616 multos
1453 2580 1598 2618 Ecclesiae
1609 2580 1820 2626 simpliciores
1833 2580 2023 2616 seduxerunt
2034 2606 2042 2614 .

1226 2631 1279 2664 Ex
1300 2630 1411 2667 Sansti
1424 2630 1586 2675 Cypriani
1609 2629 1746 2675 epistola
1757 2631 1936 2669 adductum
1955 2631 2069 2667 locum

1173 2682 1307 2716 Sanstus
1330 2680 1539 2726 Augustinus
1565 2682 1750 2729 frequenter
1776 2683 1905 2716 refricat
1925 2682 2069 2716 Donati·

1173 2732 1228 2767 stis
1252 2731 1287 2764 in
1309 2732 1426 2766 faciem
1446 2755 1454 2764 .
1487 2732 1614 2766 Eorum
1638 2731 1804 2771 barbarica
1826 2733 1862 2766 δε
1885 2732 2068 2765 monstrosa

1173 2783 1319 2820 facinora
1342 2783 1416 2816 sunt
1438 2782 1595 2816 omnibus
1615 2781 1888 2824 exploratiffima.
1917 2781 1992 2821 Noc
2011 2780 2068 2815 de-

1174 2835 1307 2868 fuerunt
1327 2832 1451 2877 flagitia
1464 2858 1471 2866 .
1501 2831 1606 2878 Quod
1629 2831 1719 2864 enim
1742 2830 1959 2874 semetipsas&
1979 2831 2066 2875 rupi-

1174 2885 1231 2918 bus
1249 2882 1524 2928 praecipitantium
1546 2880 1853 2916 Sanstimonialium
1864 2879 1983 2915 diffeffi
1998 2892 2066 2916 ute-

1173 2936 1198 2969 ri
1221 2934 1306 2968 casta
1332 2932 1444 2969 nescio
1479 2941 1620 2975 quotum
1644 2940 1720 2967 cum
1748 2931 1820 2975 ipsis
1843 2930 2066 2968 contubernia.

1174 2985 1371 3029 quandoque
1394 2981 1591 3026 proderent,
1617 2980 1751 3015 testatur
1770 2981 1806 3019 in
1829 2982 1937 3025 primo
1947 2993 2064 3016 contra

1174 3035 1399 3072 Gaudentium
1419 3031 1734 3077 Thamugadencem,
1761 3030 1965 3076 Episcopum
1978 3031 2062 3066 libro
2083 3038 2157 3077 Cap.
2171 3043 2217 3076 36,

1173 3087 1308 3122 sanstus
1322 3082 1528 3130 Augustinus
1542 3107 1549 3114 .
1578 3081 1623 3119 Et
1637 3082 1782 3126 quaedam
1794 3083 1872 3117 talia
1886 3082 2066 3126 Episcopo-

1175 3149 1246 3172 rum
1279 3134 1431 3177 exempla
1467 3133 1562 3171 refert
1583 3132 1718 3170 Sanetus
1738 3133 1883 3177 Optatus
1905 3157 1912 3165 .
1955 3132 2063 3168 Unde

1174 3186 1360 3222 Hunnerici
1386 3183 1627 3221 Wandalorum
1645 3182 1765 3217 Ariani
1787 3182 1910 3229 Regis,
1938 3183 1994 3225 qui
2017 3192 2063 3216 et-

1175 3239 1240 3273 iam
1262 3237 1386 3273 nostras
1413 3232 1621 3272 sanctissimas
1634 3232 1802 3268 Moniales
1826 3234 1866 3268 de
1892 3232 2061 3276 Episcopis

1175 3287 1357 3327 &Clericis
1379 3285 1534 3329 suspectas
1547 3282 1683 3323 habuit,
1710 3282 1945 3326 ideoquejuffit
1964 3282 2060 3326 inspi-

1176 3340 1227 3382 ci,
1255 3337 1460 3374 barbaricum
1476 3334 1609 3370 facinus
1630 3335 1726 3380 poffit
1748 3345 1818 3369 non
1842 3333 1977 3369 caruisse
1990 3335 2060 3367 fun·

1879 3384 2011 3420 damen-
