2346 3724
844 145 931 174 ιΕΤ

1004 131 1521 175 werin-ortum.

1911 148 1946 193 23
1955 150 2019 188 99

248 211 542 262 ‚Photiusqu'ando
552 211 650 247 fuerit
663 213 763 250 fastus
774 210 1018 249 schismaticus.
1053 211 1107 251 88.
1121 226 1141 247 ι.
1203 195 1399 256 Presb‘}terae
1412 211 1499 256 quid
1518 211 1582 246 vlint
1602 213 1617 246 ἓ
1643 210 1740 250 18.1.
1764 213 1849 251 Non
1867 216 1944 253 sunt
1961 217 2083 255 Sancti.

254 269 425 306 Platonica
444 261 659 307 Philosophia
681 263 700 296 ὲ
725 263 848 297 SanCtis
881 263 1033 298 Patribus
1054 274 1142 298 com·

303 316 456 356 mandata
468 338 475 345 .
501 310 570 351 118·
582 325 614 351 2.
635 312 729 348 Ante
743 314 964 358 Evangelium
977 315 1040 348 fuit
1049 315 1142 350 miffa
1180 343 1182 345 .

303 363 483 412 gentilibus
504 371 674 410 tamquam
686 364 757 407 ejus
769 360 972 412 praecursoria
993 368 1150 412 praepara-'

303 419 372 453 tio·
1070 415 1141 448 ibid.

250 467 352 504 Plato
373 464 526 501 omnium
543 462 771 502 haereticorum
790 464 1074 500 condimentarius
1099 466 1143 501 fa·

299 520 369 552 &us
391 541 399 549 .
429 523 497 564 139.
523 528 553 552 2.
582 516 693 549 Docet
717 516 886 551 materiam
910 516 987 550 Deo
1013 524 1143 550 coaeter-
1181 515 1182 518 ’

304 578 381 601 narn
405 591 412 599 .
444 577 519 603 112.
542 575 575 601 2.
601 565 815 600 Inconstans.
1067 566 1141 598 ibid.

252 615 500 655 Poenitentialis
525 626 641 650 manus
665 615 683 649 a
707 615 846 651 Donato
867 627 922 660 per
948 615 1141 650 violentiam

306 665 677 709 Hierarchisimpolira‚
704 665 880 702 pastoralis
891 665 1065 711 dignitatis
1083 665 1142 699 ho-

303 729 418 753 norem
429 718 464 752 in
476 717 548 760 ipfis
558 715 699 750 occidit.
1052 726 1106 763 59.
1122 729 1141 748 ι.

244 767 500 809 tPoenitenrialis
520 778 636 802 manus
654 767 779 812 semper
804 767 883 802 fecit
911 766 1140 813 irregularem.

375 844 382 851 .
410 831 443 857 2·

243 831 432 913 ,p01333c3arpi
457 866 539 903 Aaa
551 877 606 911 per
619 866 781 902 Pionium
794 865 911 910 scripta
922 878 991 901 non
1004 865 1143 911 proban-

302 921 362 954 da.
389 918 514 968 263.1-
543 916 708 953 Videntur
722 927 916 954 commenta
936 915 1142 953 Recentioris

303 969 463 1004 Graeculi.
1012 966 1086 999 ibid.
1111 976 1142 1004 2

243 1019 457 1064 ,Polycarpus
498 1017 699 1061 Smyrnenfis
736 1016 886 1050 Ecclefiae
924 1014 1106 1060 Episcopus
1130 1039 1140 1047 .

248 1092 253 1096 ⁴
299 1073 382 1118 263.
407 1081 430 1104 1.
455 1069 677 1103 consecratus
695 1067 717 1100 ὲ
736 1066 856 1099 Sanno
882 1065 1010 1108 Joanue
1031 1089 1042 1098 .
1065 1064 1141 1098 ibid.

302 1118 361 1151 An
386 1118 509 1160 primus
540 1114 785 1159 Smyrnenfium
817 1113 998 1158 Episcopus
1018 1140 1026 1148 .
1065 1114 1142 1150 ibid.

277 1190 279 1193 .
301 1166 397 1200 Duas
408 1166 648 1210 persecutiones
657 1163 837 1199 sustinuit&
857 1164 1020 1211 Paganis.
1067 1164 1141 1198 ibid.

238 1213 410 1252 *Pontifex
433 1216 600 1250 maximus
620 1214 708 1258 apud
727 1214 896 1249 Gentiles.
925 1225 1043 1263 3091.
1073 1216 1143 1249 Cur

302 1275 437 1301 vocetur
457 1265 533 1300 Rex
558 1265 691 1300 saeculi?
718 1263 825 1299 Unde
845 1264 947 1300 dietus
959 1265 1143 1301 Pontifex?

247 1324 249 1328 ⁴
297 1316 374 1350 ibid.
401 1316 613 1361 Imperatores
625 1314 759 1350 titulum
772 1314 864 1349 illum
886 1316 921 1350 dc
939 1315 1089 1350 habitum
1100 1317 1144 1349 as-

302 1369 438 1403 sumunt
460 1391 468 1399 .
504 1365 575 1399 ibid.
612 1365 793 1399 Gratianus
818 1366 942 1400 recusat
966 1390 974 1399 .
1000 1365 1073 1399 ibid.
1108 1366 1142 1400 ἀ

300 1424 371 1465 3¹0·
400 1429 431 1455 1-
467 1414 680 1451 Theodosius
713 1413 908 1462 Collegium
932 1415 1113 1463 exstinguit
1133 1440 1141 1448 .

300 1467 376 1499 ibid.

248 1514 344 1551 Vide
364 1516 523 1559 apostolica
539 1517 656 1557 Sedes,
679 1519 834 1551 Romanus
855 1515 1025 1561 Episcopus
1047 1540 1061 1559 ,
1083 1520 1143 1552 Ro-

302 1579 395 1601 mana
409 1565 531 1608 Ecclesia
545 1591 553 1599 .
810 1563 818 1573 ¹

248 1614 370 1653 Pontii
391 1617 539 1652 Diaconi
556 1642 568 1658 ,
593 1617 650 1662 qui
667 1608 887 1662 'Imperatores
908 1616 1080 1663 Philippos
1102 1618 1143 1653 ad
1182 1649 1184 1663 2

1182 1712 1184 1715 f
1202 1671 1378 1720 -Qintilla
1399 1669 1660 1704 monstrofiffima
1675 1667 1733 1702 fibi
1750 1667 1881 1702 affumit
1906 1667 1958 1711 jus
1970 1664 2100 1710 publice

300 1666 402 1702 fidem
422 1668 608 1709 convertit,
631 1668 704 1704 laus
724 1670 763 1704 in
774 1668 1144 1712 RomanoMartyrolo-

244 1729 391 1810 Pogpizea
415 1768 538 1804 Sabina
562 1769 667 1814 potest
687 1760 783 1805 fuisse
794 1770 943 1805 Neronis
955 1730 1144 1804 concgginla

299 1817 342 1849 ad
353 1816 453 1850 fidem
463 1821 620 1853 conversa
631 1820 650 1853 ὲ
661 1822 780 1854 διηᾶο
791 1820 897 1854 Paulo
913 1845 922 1852 .
1021 1830 1100 1867 294.
1123 1832 1144 1852 1.

246 1865 544 1902 Praedestinatianoe
554 1866 675 1898 haerefis
686 1866 796 1900 fabula
806 1868 848 1900 de
862 1869 1055 1913 Augustino
1066 1870 1146 1912 ejus-

293 1925 360 1959 que
371 1913 538 1954 discipulis
552 1914 694 1951 perrexit
707 1915 765 1942 diu
782 1917 933 1944 mentiri.
962 1918 1007 1948 16.
1021 1931 1051 1950 2.
1082 1919 1146 1951 Lu.

256 1990 264 1997 .
295 1964 408 1997 therus
426 1960 460 1992 δε
485 1957 645 1992 Calvinus
666 1958 979 2002 praedestinatianam
1003 1960 1144 1995 haerefim

297 2011 335 2044 in
357 2010 483 2054 dogma
512 2010 674 2043 assumere
700 2008 798 2052 primi
832 2020 901 2043 non
929 2010 1141 2046 erubuerunt.
1182 2005 1185 2010 ⁸

300 2071 344 2107 ¹7·
357 2071 377 2093 1.
404 2059 599 2103 Numquam
623 2058 704 2092 fuit.
1010 2072 1089 2099 112·
1115 2071 1146 2096 1.

247 2109 494 2146 Praedestinatio
515 2108 659 2152 duplex:
685 2107 742 2141 Ad
763 2108 874 2153 gratiae
886 2109 974 2145 dona
990 2135 1002 2152 ,
1028 2111 1063 2145 &
1080 2122 1145 2155 poe-

297 2172 349 2196 nae
370 2159 456 2195 mala
472 2184 479 2192 .
508 2168 563 2205 75.
581 2170 609 2195 1.
639 2158 671 2192 A
690 2159 898 2194 Godescalco
909 2160 1084 2196 Monacho
1097 2163 1145 2196 as·

297 2212 381 2246 serta
394 2234 405 2251 ‚
430 2210 450 2243 a
461 2208 608 2243 Nicolao
617 2208 779 2243 Pontifice
789 2210 988 2253 approbata,
1015 2212 1048 2246 &
1065 2212 1143 2246 San·

299 2263 425 2296 florum
438 2259 606 2304 Fulgentii
616 2283 628 2301 ,
654 2259 689 2293 &
702 2259 883 2305 Augustini
896 2261 1051 2296 destrinae
1064 2274 1144 2297 con·

299 2313 397 2346 sona.
884 2340 886 2342 .
1065 2313 1141 2346 ibid.

248 2361 391 2397 Praefeffi
404 2360 634 2397 Praetoriorum
645 2359 680 2394 in
694 2360 851 2396 Romano
863 2362 1021 2406 Imperio.
1037 2359 1141 2409 1852.

300 2413 437 2459 Qanta
467 2423 582 2446 eorum
604 2411 766 2455 dignitas.
793 2411 866 2444 ibid.
893 2413 1040 2456 Ipsorum
1066 2414 1141 2446 sen-

299 2463 412 2496 tentiae
430 2471 524 2496 erant
544 2460 793 2504 inappellabiles
805 2487 813 2494 .
1061 2463 1135 2496 ibid.

248 2511 444 2553 Presbytera
464 2521 542 2544 cum
556 2511 721 2554 Episcopo
741 2512 776 2546 ὅ(
794 2510 995 2555 Presbyteris
1008 2512 1136 2548 sedebat

299 2560 415 2595 intecta
428 2560 463 2592 in
474 2561 573 2596 Sacro
583 2559 781 2595 Tribunali:
811 2562 1003 2597 Diaconifl'a
1013 2562 1082 2597 illic
1097 2565 1139 2597 se-

300 2611 376 2645 dere
408 2620 477 2643 non
508 2619 634 2653 poterat
654 2635 666 2651 ‚
693 2612 746 2646 sed
769 2611 940 2646 dumtaxat
966 2614 1134 2647 inservire.

301 2659 356 2697 26.
369 2670 402 2694 2.

248 2710 520 2753 Presbyterarum
532 2708 699 2744 ordinatio
715 2721 784 2744 non
795 2709 859 2745 fnit
869 2712 1116 2748 Sacramentum
1126 2740 1135 2747 .
1147 2701 1149 2705 Α
1172 2742 1175 2745 .

250 2769 460 2859 Pgsip'ffiras
471 2810 554 2846 solas
565 2809 736 2855 abrogavit
744 2810 943 2846 Concilium
956 2812 1139 2855 Laodicen-

300 2858 358 2895 se.‘
379 2861 435 2897 26-
447 2871 477 2895 2.
507 2859 628 2895 Canon
651 2872 722 2895 non
747 2861 811 2895 suit
831 2860 951 2906 ubique
967 2863 1074 2897 statim
1086 2865 1139 2899 ad-

237 2927 241 2930 -
300 2911 413 2945 mistus
423 2936 430 2942 .
1026 2923 1084 2957 27.
1110 2927 1137 2952 1.

248 2959 469 3004 Presbyteraeh
479 2959 680 3003 Diaconiffis
702 2960 860 2996 distincta:
871 2987 880 2995 .
905 2963 953 2999 18.
966 2972 998 2997 2.
1025 2974 1081 3010 25.
1103 2976 1135 3002 2-

249 3012 448 3106 Prezszyltei‘m
459 3074 518 3097 cur
529 3061 692 3107 abrogata:
701 3086 708 3093 .
1008 3073 1064 3111 27.
1072 3077 1092 3098 ι.
1105 3077 1136 3103 2-

248 3110 447 3156 Presbyterae
477 3114 610 3148 fuerunt
641 3124 696 3157 per
724 3112 927 3159 Episcopum
956 3115 1118 3150 ordinatae
1128 3141 1137 3149 .

250 3173 448 3254 Prezsiapierae
460 3213 645 3248 habuerunt
658 3213 779 3249 vestem
794 3214 979 3251 distinctam
989 3215 1031 3250 ab
1043 3216 1115 3252 aliis
1126 3242 1137 3258 ‚

299 3259 476 3316 &quidem
489 3263 656 3298 Abbatiali
667 3263 874 3311 digniorem.
899 3276 955 3315 27.
969 3279 988 3301 ι.
1014 3266 1136 3302 Earum

298 3311 439 3355 proinde
450 3314 546 3349 status
569 3314 668 3349 altior
681 3339 688 3348 .
1062 3317 1135 3351 ibid.

1253 262 1450 299 monialium
1470 260 1647 296 Abbatiffae
1668 286 1674 293 .
1699 264 1771 298 ibid.
1797 267 2010 314 Qandoque
2035 270 2084 304 in.

1252 313 1443 359 telliguntur
1455 312 1570 347 relistae
1582 310 1600 344 a
1610 310 1807 354 presbyteris
1818 317 1920 352 viduae
1929 342 1938 350 .
1960 318 2037 353 ibid.
2050 330 2085 360 2.

1251 364 1465 448 fflandoque
1481 362 1628 400 foeminae
1649 373 1719 407 quin
1738 373 1891 406 praetant
1911 367 2084 405 Ecclefiis.

1252 420 1264 448 i
1284 421 1294 447 i
1320 440 1326 447 .

1204 465 1399 507 Presbyterae
1419 463 1454 499 in
1474 454 1610 508 publico
1619 461 1733 507 populi
1748 462 1898 500 consessu
1910 467 2086 509 affidebant

1253 512 1418 559 Episcopo
1437 526 1476 549 ac
1488 514 1603 557 majori
1626 513 1744 548 Clero.
1772 524 1826 562 23.
1846 525 1876 551 1-
1902 514 2087 553 Concinue.

1253 575 1330 599 runt
1343 565 1521 609 Episcopo.
1968 565 2043 600 ibid.
2055 571 2085 605 Σ.

1203 614 1471 658 Presbyterorum
1493 614 1590 650 Sedes
1611 613 1646 648 in
1668 613 1806 649 solemni
1828 615 1980 653 Ecclefiae
2006 628 2085 652 con-

1254 674 1353 700 ventu
1367 691 1375 699 .
1973 666 2051 716 363.
2067 674 2088 700 1.

1206 716 1405 759 Praescript'io
1414 717 1448 751 δε
1458 715 1610 758 exceptio
1620 726 1663 750 an
1680 713 1835 751 differant
1844 739 1852 748 .
2033 727 2086 752 10.

1206 765 1405 810 Praescriptio
1418 766 1592 808 multiplex
1602 790 1610 798 .
2012 768 2086 801 ibid.

1205 815 1487 859 Praescriptionum
1499 816 1572 850 libri
1593 814 1665 859 quis
1677 815 1815 850 titulus?
2013 817 2089 851 ibid.

1210 865 1397 909 Praefirriptio
1409 878 1473 900 vox
1488 865 1533 900 est
1542 865 1674 900 diversa:
1685 865 1934 910 significationis
1947 891 1955 898 .
2057 875 2090 914 9.

1182 953 1184 955 ,
1205 916 1370 952 Proceffio
1387 928 1465 952 cum
1485 916 1649 960 Episcopo
1672 915 1847 950 solemnis.
1876 927 1952 964 372.
1980 925 2008 951 1.
2033 916 2091 951 So·

1254 967 1406 1001 lemniter
1421 965 1622 1007 celebranti,
1644 966 1745 1000 etiam
1755 966 1918 1011 peregrini
1928 965 2092 1010 Episcopi,

1255 1017 1441 1060 Presbyteri
1460 1028 1498 1051 ac
1508 1014 1657 1051 Diaconi
1668 1015 1898 1050 ministrabant
1910 1040 1918 1048 .
2017 1016 2091 1050 ibid.

1205 1066 1369 1102 Proceffio
1387 1068 1433 1102 est
1457 1066 1686 1101 solemniffima
1701 1091 1708 1098 .
1734 1065 1972 1100 Pontificaliter
1983 1066 2092 1105 ornati

1255 1117 1410 1161 Episcopi
1431 1128 1507 1151 cum
1530 1116 1686 1150 omnibus
1708 1116 1739 1150 ei
1772 1115 2033 1150 ministrantibus
2051 1114 2093 1150 de

1256 1167 1395 1201 Bafilicae
1407 1166 1584 1201 Secretario
1606 1166 1649 1201 ad
1659 1166 1757 1205 altare
1777 1164 1950 1210 proceffio·
1978 1176 2053 1214 373-
2070 1174 2094 1198 ι.

1254 1216 1364 1251 Debet
1375 1218 1438 1251 effe
1456 1217 1574 1251 devota
1587 1240 1596 1248 .
2020 1214 2095 1248 ibid.

1204 1268 1368 1304 Professor
1388 1266 1506 1301 dicitur
1527 1276 1569 1300 ex
1591 1264 1752 1309 Cypriani
1778 1265 1937 1301 sententia
1947 1264 2005 1308 qui
2027 1276 2096 1301 non

1254 1316 1477 1360 interpellatus
1488 1315 1656 1359 Martyrio
1679 1317 1711 1351 se
1722 1315 1843 1360 ingerit
1855 1341 1864 1350 .
1991 1325 2049 1361 51.
2066 1326 2095 1353 1.

1627 1416 1677 1465 Q.

1302 1517 1514 1564 Uadraginta
1525 1517 1692 1560 Martyres
1703 1526 1770 1551 non
1782 1516 1915 1551 suerunt
1926 1526 1968 1564 ex
1979 1514 2098 1562 Legio·

1327 1581 1369 1603 ne
1396 1569 1617 1604 fulminatrice
1638 1593 1644 1600 .
1675 1576 1750 1615 374.
1773 1576 1805 1601 2.
1831 1566 1969 1603 Labitur
1993 1567 2028 1599 in
2054 1577 2097 1601 eo

1357 1620 1536 1664 Gregorius
1554 1619 1587 1653 N
1591 1617 1732 1660 yffenus.
2018 1615 2095 1649 ibid.

1255 1721 1397 1756 docendi
1423 1745 1430 1752 .
1457 1730 1536 1767 345.
1558 1730 1590 1756 2.
1620 1718 1786 1762 Baptisma
1812 1719 1935 1752 auferre
1962 1717 2078 1752 maluit
2089 1739 2100 1756 ,

1256 1771 1355 1814 quarn
1369 1770 1436 1813 ejus
1447 1768 1663 1803 ministerium
1675 1768 1731 1801 fibi
1743 1769 1928 1809 praesumere
1940 1789 1958 1801 α
1975 1775 2054 1811 349-
2069 1774 2102 1799 2.

1258 1821 1338 1855 Fuit
1349 1820 1480 1859 CaJanae
1492 1816 1642 1849 haereseos
1653 1815 1801 1848 sectatrix
1813 1832 1834 1848 .-Δ
2027 1815 2099 1850 ibid.

1627 1911 1661 1946 R

1309 2010 1446 2056 Eliquiae
1455 2011 1646 2045 Sanctorum
1658 2010 1806 2046 colendae
1815 2037 1822 2045 .
1977 2015 2045 2061 185.
2064 2026 2096 2053 2.

1208 2091 1217 2098 .
1331 2063 1479 2097 Renatus
1488 2060 1674 2096 Carthefius
1691 2087 1697 2093 .
1722 2072 1801 2109 239.
1819 2073 1848 2098 1.
1875 2062 2006 2100 Utrum
2025 2070 2099 2100 vera

1257 2123 1416 2156 corporeae
1428 2122 1579 2146 creaturae
1590 2112 1711 2146 notitia
1720 2111 1850 2146 latuerit
1860 2115 1961 2159 usque
1971 2116 2011 2150 ad
2030 2114 2099 2158 ejus

1257 2163 1368 2197 felices
1386 2162 1508 2196 natales
1520 2185 1528 2194 .
2021 2165 2096 2198 ibid.

1181 2206 1183 2209 ’
1206 2215 1433 2256 Repraesentare
1441 2210 1653 2249 Tertulliano
1662 2212 1751 2248 idem
1764 2211 1810 2247 est
1821 2237 1834 2255 ,
1858 2214 1947 2258 quod
1961 2215 2098 2259 praesens

1255 2262 1409 2298 exhibere
1419 2289 1427 2296 .

1962 2263 2042 2312 298-
2068 2276 2096 2302 1-

1180 2338 1184 2358 3
1206 2312 1410 2348 Resurrectio
1443 2313 1549 2348 carnis
1580 2312 1626 2348 est
1658 2312 1928 2348 Christianorum
1959 2314 2098 2349 fiducia.

1254 2374 1309 2399 ιιι.
1322 2374 1354 2399 2.
1378 2362 1496 2399 Simon
1518 2363 1643 2408 primus
1663 2363 1798 2409 negavit
1817 2365 1926 2399 carnis
1949 2364 2100 2399 Resurre-

1253 2413 1395 2449 ctionem
1407 2438 1415 2446 .
1970 2426 1984 2451 1
1995 2425 2045 2451 12-
2067 2425 2098 2450 1.

1204 2464 1490 2500 Resurrectionem
1500 2465 1610 2499 carnis
1622 2473 1745 2511 negant
1754 2464 1952 2509 Philosophi
1960 2476 2080 2500 omnes
2087 2489 2097 2498 .

1254 2521 1300 2549 ιιι.
1318 2523 1353 2548 2.

1202 2562 1405 2599 Resurrectio
1426 2564 1539 2600 nostra
1559 2565 1671 2601 utrum
1688 2565 1758 2610 jam
1778 2566 1866 2601 fasta
1878 2565 1915 2600 sit
1928 2566 1947 2597 ,ἓ
1971 2574 2050 2611 272.
2062 2572 2095 2598 2.

1200 2615 1541 2699 Rogmasi‘rii·=referenda=
1562 2675 1681 2698 omnes
1698 2662 1743 2697 de
1759 2665 1828 2696 fide
1847 2662 2040 2704 quaestiones
2051 2671 2094 2696 ex

1246 2715 1392 2748 Canone
1403 2711 1600 2754 Apostolico
1610 2735 1618 2742 .
1962 2720 2041 2756 271.
2060 2723 2090 2748 1-

1201 2765 1355 2799 Romana
1368 2760 1510 2796 Ecclesia
1521 2760 1613 2804 juxta
1623 2759 1749 2795 litteras
1761 2759 1890 2803 Synodi
1901 2759 2092 2804 Aquilejen-

1247 2814 1286 2847 fis
1305 2813 1352 2847 est
1375 2821 1473 2856 caput
1498 2811 1601 2846 totius
1612 2810 1758 2845 Romani
1770 2809 1878 2844 orbis.
1907 2819 1962 2857 90.
1977 2822 2007 2847 2.
2030 2811 2092 2845 Di-

1249 2866 1373 2898 stat-um
1394 2862 1578 2897 litteratum
1595 2860 1717 2896 author
1726 2861 1862 2895 Sanctus
1878 2859 2087 2896 Ambrosius.

1248 2913 1324 2947 ibid.

1202 2966 1355 2999 Romana
1377 2962 1517 2999 Ecclesia
1538 2961 1703 2997 maculata
1721 2972 1859 2997 omnem
1872 2960 1931 2995 fibi
1942 2971 2089 2996 commu·

1250 3014 1416 3049 nicantem
1444 3013 1619 3048 macularet
1631 3011 1912 3047 Christianitatem
1925 3037 1932 3045 .
1962 3023 1980 3060 3
1985 3009 2038 3058 38-
2057 3019 2087 3047 ιι

1201 3066 1354 3100 Romana
1375 3064 1520 3098 Ecclesia
1542 3063 1635 3097 nullo
1661 3063 1791 3107 penitus
1816 3060 1971 3096 haereticae
1993 3085 2003 3101 ,
2030 3072 2088 3097 auc

1248 3115 1458 3150 schismaticae
1465 3113 1882 3162 communionis‘contagio
1901 3112 2064 3148 maculata
2073 3135 2091 3145 ,ι

1250 3176 1305 3212 90.
1320 3178 1351 3203 2.

1176 3243 1178 3245 .
1202 3217 1353 3251 Romana
1366 3214 1503 3250 Ecclesia
1512 3214 1668 3250 omnium
1679 3213 1826 3249 radicum
1838 3237 1850 3254 ,
1873 3213 1909 3248 ἀ
1927 3211 2087 3247 radicato·

1249 3279 1321 3302 rum
1333 3265 1425 3301 radix
1434 3290 1442 3296 .
1470 3266 1524 3312 89.
1536 3275 1556 3299 1.
1586 3264 1643 3299 Est
1654 3265 1806 3299 omnium
1817 3263 2085 3307 Apostolicarum

1250 3317 1464 3353 Ecclefiarum
1477 3315 1645 3360 Princeps.
1660 3311 1741 3352 208.
1753 3324 1785 3350 2.
1812 3314 1892 3359 Ejus
1901 3313 2084 3397 Pii-inaurium

1937 3373 1972 3396 ru
2002 3371 2015 3394 r
