2346 3724
114 2497 181 2534 Lib.
210 2508 236 2527 2.

122 2548 188 2579 cap.
210 2548 237 2569 1.

347 172 444 204 220
899 157 928 202 S
995 162 1028 202 ⁴c
1099 171 1131 200 H

263 239 295 275 εὲ
320 241 435 285 probat
467 239 502 274 δε
522 239 631 274 firmat
650 240 798 276 scelerati
827 238 1003 284 Porphyrii
1031 241 1152 276 calum·

262 291 353 324 niam
368 315 378 330 ,
405 289 460 334 qui
473 289 613 324 Paulum
626 292 732 336 arguit
748 292 974 335 procacitatis.
1005 292 1097 339 Qin
1118 292 1151 325 ἀ

262 339 405 374 Paulum
418 341 535 375 erroris
546 341 654 386 arguit
665 366 676 381 ‚
703 340 819 384 utpote
831 341 887 383 qui
900 342 1075 385 postmodo
1086 352 1150 374 me·

261 389 345 424 liora
357 390 492 424 edostus
516 390 630 425 eadem
649 402 723 425 cum
736 389 836 426 Petro
854 392 965 426 fecerit
977 417 984 424 .
1016 392 1151 435 Nimius

262 450 323 484 pro
334 442 415 475 recia
428 441 517 474 Petri
536 440 768 483 praedicatione
787 441 874 475 zelus
893 441 1034 486 abripuit
1048 441 1152 485 'Septi-

260 490 366 524 mium
386 516 393 523 .
421 490 465 524 Et
476 501 518 523 ex
538 491 609 533 ipso
622 492 755 526 Sanctus
775 491 1006 537 Hieronymus
1024 503 1149 527 mutua—

260 546 314 574 tus
333 540 379 574 est
392 551 429 574 ea
452 541 567 574 omnia
581 562 593 581 ,
623 552 679 584 per
695 554 763 585 quae
784 543 911 578 censuit
928 542 1023 577 Pauli
1050 553 1150 585 repre»

259 588 454 625 henfionem
466 591 560 625 fuisse
581 590 849 635 dispensatoriam
860 593 1103 628 simulationem
1112 617 1119 624 .

311 640 400 682 Istud
413 640 651 685 Apostolorum
669 643 787 677 factum
800 654 961 678 memorat
984 643 1018 676 in
1031 642 1147 685 episto·
1178 640 1180 642 ’

259 691 341 725 laad
357 691 528 739 Qintum
536 692 744 727 Mauritaniae
753 693 951 737 Episcopum
962 693 1060 726 etiam
1069 692 1146 726 San-

262 742 333 775 etus
344 741 551 786 Cyprianus:
579 746 668 776 Nam
688 753 740 777 nec
761 746 890 785 Petrus,
918 754 1005 786 quem
1012 748 1147 784 primum

257 794 408 826 Dominus
419 794 505 836 elegit
518 816 529 833 ‚
555 794 590 827 <a
598 791 689 835 ficper
701 805 789 836 quem
812 794 978 836 aedasscavit
988 791 1145 833 Ecclessam

251 840 342 885 suam
355 866 367 883 ‚
393 854 458 875 cum
466 841 565 886 secum
577 845 693 877 Paulus
715 845 753 876 de
769 843 986 886 Circumcifione
1007 841 1146 886 dlfputa-

257 901 305 926 ret
317 916 327 932 ‚
350 891 595 934 postmodumfibi
611 894 786 927 vindicavit
799 896 920 937 aliquid
927 892 1084 937 insolenter
1093 903 1146 927 aut

255 952 430 986 arroganter
442 942 607 987 affumpstt,
636 951 668 977 ut
681 945 789 977 diceret
797 943 828 987 fe
842 948 1016 977 Primatum
1028 953 1125 978 tenere
1135 969 1146 986 ‚

255 993 496 1037 &obtemperari
514 995 535 1025 ἃ
558 994 684 1026 novellis
710 995 744 1028 Θ
750 994 874 1036 posteris
880 993 938 1036 fibi
955 995 1055 1036 potiris
1066 1002 1147 1036 opor-

255 1050 332 1076 tere.
364 1047 433 1077 Nec
455 1042 594 1086 despexit
620 1044 749 1077 Paulum
768 1067 779 1083 ,
809 1046 888 1088 quod
908 1043 1042 1086 Ecclefiae
1057 1045 1144 1087 prius

250 1091 421 1136 persecutor
436 1093 541 1137 fuifflet
560 1118 571 1135 ‚
592 1092 652 1136 sed
666 1093 810 1136 confilium
833 1100 977 1129 veritatis
999 1094 1117 1136 admiſse
1130 1119 1141 1135 ‚

255 1145 412 1177 &rationi
434 1145 592 1188 legitima,
618 1155 710 1186 quam
722 1146 840 1178 Paulus·
861 1145 1045 1179 vendicabat
1059 1170 1070 1186 ‚
1089 1144 1143 1187 fa-

251 1195 309 1227 cile'
328 1192 488 1237 consensit,
519 1194 721 1227 documentum
740 1193 849 1237 scilicet
872 1194 955 1228 nobis
978 1197 1013 1229 (θ’
1029 1206 1142 1229 concor-

251 1245 314 1276 diae
336 1244 536 1286 &patientiae
561 1244 717 1285 tribuens,
743 1253 778 1277 ut
799 1257 858 1278 non
874 1251 1072 1287 pertinaciter
1094 1256 1143 1278 no·

246 1293 314 1333 stra
327 1305 461 1327 amemus
477 1317 488 1333 ‚
510 1292 570 1336 sed
576 1306 643 1337 quae
653 1296 815 1336 aliquando
835 1296 1017 1337 eifratribus
1041 1295 1141 1329 &col-

250 1344 325 1386 legis
337 1343 441 1383 nostris
463 1344 579 1376 utiliter
605 1355 642 1376 ac
649 1343 800 1385 sapienter
812 1344 1033 1387 suggeruntur,
1053 1344 1142 1386 fisint

249 1403 328 1426 vera
346 1393 381 1426 ὑ
393 1394 530 1435 legitima
541 1416 551 1432 ,
578 1391 643 1434 ipsa
652 1393 754 1433 potius
765 1393 861 1431 nstra
871 1395 1016 1426 ducamus
1029 1417 1036 1423 .
1063 1394 1142 1427 San-

248 1443 316 1476 ctus
328 1441 418 1486 Papa
431 1441 617 1484 Stephanus
629 1441 909 1485 Sansticypriani
934 1442 977 1476 de
999 1442 1079 1477 dato
1089 1453 1143 1476 ex-

247 1503 297 1525 tra
310 1491 487 1527 Ecclesiam
500 1491 671 1534 Baptismo
684 1491 881 1526 sententiam
908 1493 1091 1536 proscripfit
1103 1503 1140 1527 ac

246 1541 432 1582 damnavit,
457 1542 489 1575 ὃ(
501 1542 560 1576 suo
573 1542 717 1576 Decreto
728 1541 814 1584 juffit
828 1554 884 1586 per
899 1543 1015 1577 omnia
1029 1554 1141 1586 paren-

246 1591 348 1627 dum.
378 1592 478 1626 Dixit
505 1593 538 1625 se
559 1591 799 1636 Episcoporum
823 1591 1047 1636 Episcopum,
1073 1591 1142 1626 Pri-

247 1653 371 1677 matem
383 1642 485 1676 totius
505 1641 655 1676 Ecclefiae
668 1665 679 1682 ‚
706 1642 848 1686 ideoque
868 1642 935 1676 fine
959 1643 1141 1677 damnatio-

247 1694 300 1727 nis
312 1693 457 1736 periculo
470 1691 488 1725 a
499 1692 634 1726 nemine
658 1693 875 1735 spernendum
890 1718 896 1724 .
925 1693 1006 1728 Hoc
1020 1692 1143 1737 Papale

246 1744 425 1786 Imperium
439 1742 574 1776 SanCtus
585 1742 774 1785 Cyprianus
785 1741 988 1785 improbavit
997 1768 1008 1784 ‚
1035 1754 1073 1777 ac
1084 1744 1142 1777 du-

247 1794 280 1827 re
296 1793 443 1826 notavit.
474 1793 519 1825 Et
542 1791 599 1834 ipsi
611 1792 766 1834 opposuit
788 1790 1010 1827 humilitatem
1031 1793 1142 1827 Sancti

247 1843 338 1878 Petri
362 1867 374 1883 ,
401 1842 459 1886 qui
486 1842 680 1884 corripienti
707 1841 741 1874 δε
766 1842 851 1875 recia
877 1842 1012 1876 docenti
1033 1842 1140 1876 Paulo

246 1893 356 1938 paruit
374 1891 408 1926 &
431 1891 590 1930 credidit,
616 1891 788 1934 ipsumque
808 1892 914 1925 voluit
939 1892 958 1927 ὸ,
972 1891 1140 1936 stephano

247 1940 447 1978 imitandum
461 1966 468 1972 .
498 1941 609 1974 Etiam
620 1941 639 1974 a
653 1942 685 1974 se
698 1943 781 1974 reeta
795 1941 829 1975 ὃ(
844 1941 993 1986 legitima
1006 1967 1016 1983 ‚
1041 1942 1060 1975 ὲ
1072 1942 1139 1977 Ste-

245 1992 359 2039 phano
368 1992 465 2025 devia
487 1991 522 2023 &
539 1990 616 2024 falsa
630 1990 742 2024 doceri
755 1991 896 2024 credidit
909 2015 920 2030 ‚
947 1990 1088 2036 ideoque
1105 1993 1138 2026 &

246 2044 326 2079 talia
338 2041 456 2077 tradita
471 2040 565 2074 fuiffe
588 2040 606 2072 ὲ
619 2041 737 2074 Sardio
750 2040 851 2075 Petro
861 2064 870 2071 -
897 2040 1032 2076 Petrum
1052 2044 1138 2076 circa

246 2096 386 2138 Dogma
408 2091 542 2125 erraffe.
571 2090 609 2123 In
634 2090 740 2123 Sansti
754 2091 916 2133 Cypriani
941 2092 1082 2134 Synodo
1092 2092 1140 2125 di-

245 2148 299 2179 xit
323 2144 423 2178 etiam
437 2141 593 2174 Zozimus
607 2138 771 2173 Tharaffae
792 2141 988 2184 Episcopus:
1018 2145 1139 2183 Petrus,

249 2199 302 2238 qui
321 2195 409 2236 prius
421 2190 643 2226 circumcidebat
656 2214 668 2232 ,
692 2191 763 2231 cefflt
777 2192 876 2224 Paulo
889 2198 1047 2227 veritatem
1059 2200 1138 2236 prae-

251 2247 383 2280 dicanti.

300 2297 342 2331 Et
356 2294 448 2330 hunc
458 2295 567 2330 sancii
581 2292 741 2338 Cypriani
762 2293 890 2330 sensum
905 2295 1022 2340 probat
1043 2295 1077 2329 &
1092 2294 1139 2328 fir·

250 2355 318 2382 mat
332 2349 367 2381 in
381 2347 471 2380 libris
483 2346 522 2380 de
533 2346 702 2389 Baptismo
724 2354 838 2379 contra
853 2345 1042 2378 Donatistas
1055 2345 1140 2377 San-

251 2401 317 2432 aus
330 2396 556 2442 Augustinus.
587 2393 778 2428 Adduecum
796 2394 905 2427 Sancti
920 2393 1080 2437 Cypriani
1094 2392 1139 2425 lo-

252 2460 328 2483 cum
354 2450 412 2482 suo
434 2447 521 2480 libro
542 2443 639 2488 plene
661 2443 773 2478 inserit
791 2465 803 2482 ,
828 2443 1139 2478 &commentatum

258 2503 476 2531 Commemorat
488 2501 655 2537 Cyprianus
667 2519 679 2536 ,
709 2495 892 2535 quodetiam
903 2504 956 2526 nos
969 2498 1001 2526 in
1011 2496 1142 2534 Scriptu-

253 2554 299 2582 ris
322 2546 437 2590 sanc‘lis
459 2547 618 2578 didicimus
632 2568 643 2584 ,
670 2542 830 2586 Apostolum
855 2547 1004 2584 Petrum,
1030 2549 1062 2576 in
1085 2552 1140 2584 quo

255 2601 412 2632 Primam:
423 2594 616 2637 Apostolorum
634 2602 699 2625 tam
721 2595 878 2627 excellenti
885 2600 989 2637 gratia
1004 2592 1143 2635 praeemi-

255 2657 307 2685 net
317 2671 329 2686 ‚
354 2648 444 2680 aliter
455 2646 515 2687 quei
527 2649 642 2677 veritas
653 2643 819 2684 postulabat
836 2667 848 2683 ,
875 2646 912 2677 de
924 2642 1142 2685 Circumcifione

258 2708 348 2741 agere
365 2695 507 2739 solitum,
532 2691 710 2735 aposteriori
726 2693 855 2735 Apostolo
877 2695 971 2727 Paulo
980 2694 1032 2736 effe
1056 2703 1145 2727 corre·

256 2748 335 2781 c‘lum
348 2771 356 2778 .
383 2747 404 2778 5
406 2749 416 2777 i
427 2755 492 2787 ergo
499 2748 599 2785 potuit
611 2744 716 2775 Petras
726 2753 786 2776 non
800 2742 880 2777 recle
891 2749 924 2777 in
937 2745 1036 2787 aliquo
1051 2749 1144 2788 ingre-

253 2799 289 2832 di
300 2798 345 2830 ad
356 2797 520 2830 veritatem
539 2793 728 2836 Evangelii,
754 2798 844 2826 itaut
861 2802 966 2838 gentes
978 2804 1086 2838 cogeret
1093 2795 1145 2836 ju-

255 2849 402 2888 daizar03
422 2844 453 2887 fi
453 2849 557 2886 potuit
567 2846 676 2876 Petrus
696 2849 800 2876 contra
825 2850 967 2878 veritatis
991 2846 1144 2889 regulam,

253 2908 354 2940 -quam
362 2894 459 2937 postea
481 2892 612 2936 Ecclefia
633 2898 752 2935 tenuit,
777 2905 875 2938 cogere
885 2903 990 2939 gentes
996 2897 1145 2937 judaiza-

256 2958 293 2981 re
301 2969 314 2987 ,
339 2957 389 2979 cur
402 2956 458 2978 non
467 2950 567 2986 potuit
578 2947 746 2986 Cyprianus
767 2953 873 2978 contra
889 2946 1022 2989 regulam
1034 2951 1145 2980 verita-

255 3002 300 3030 tis
311 3020 323 3037 ‚
349 3005 439 3038 quam
447 2994 543 3036 postea
564 3002 628 3028 tota
641 2991 768 3034 Ecclefia
791 3001 888 3028 tenuit
901 3018 913 3035 ,
938 3006 1037 3038 cogere
1051 2995 1147 3029 baere·

258 3052 333 3081 ticos
358 3046 411 3079 vel
427 3042 627 3087 schismaticos
642 3045 740 3078 denuo
759 3043 943 3086 baptizari?
968 3043 1098 3079 Diserte
1107 3056 1146 3079 ac

257 3093 369 3131 lucide
389 3094 563 3135 asseverat,
589 3093 879 3138 utiCyprIanum‚
905 3094 995 3129 ita&
1010 3093 1144 3130 Petrum

256 3147 279 3182 ὃ
291 3144 528 3191 praedicationis
538 3144 649 3188 regula
660 3144 814 3179 deviasse.
843 3143 1047 3188 cyprianum
1058 3145 1144 3179 circa

258 3193 620 3240 Baptismum‚Petrum
631 3194 717 3230 circa
727 3194 1026 3230 Circumcifionem.
1039 3194 1143 3241 Qud

260 3246 448 3289 Cyprianus
465 3243 633 3279 haereticos
652 3245 689 3279 δε
707 3243 931 3280 schismaticos
952 3244 995 3278 ad
1015 3255 1140 3278 novum

250 3293 426 3337 Baptisma
447 3318 459 3335 ,
484 3294 598 3328 Petrus
619 3303 735 3339 gentes
752 3294 898 3340 coegerit
913 3291 955 3332 ad
973 3293 1141 3329 circumci-

260 3343 403 3382 (ionem.
428 3344 522 3380 Hinc
538 3342 728 3390 subjungit:
753 3346 786 3379 si
795 3343 950 3390 quisquam
969 3354 1047 3379 nune
1058 3352 1143 3389 cogat

1200 169 1615 204 OLION

1217 237 1384 273 circumcidi
1403 242 1535 283 aliquem
1555 251 1634 275 more
1637 245 1670 286 J
1672 243 1773 277 udaico
1784 267 1795 285 ‚
1821 245 1859 279 ὑ
1863 244 1903 286 fic
1915 245 2097 287 baptizart,

1217 292 1309 324 multo
1317 292 1444 333 amplius
1455 290 1617 331 detestatur
1630 291 1680 324 boc
1683 305 1779 337 genus
1792 293 1955 328 humanum
1969 320 1980 335 ,
2004 298 2097 338 quam

1210 340 1241 382 fi
1247 351 1366 385 cogatur
1376 342 1559 382 rebaptizari
1573 365 1580 372 .
1610 344 1799 385 Quapropter
1821 347 1884 378 cum
1896 349 2006 379 Petrus
2019 347 2100 380 illud

1211 390 1331 433 faciens
1340 394 1362 424 ἃ
1373 395 1469 425 Paulo
1474 391 1630 435 posteriore
1648 398 1801 436 corrigitur
1814 419 1826 435 ‚
1851 399 1961 437 quami»
1966 396 2095 438 facilius

1215 441 1387 483 &fortium
1413 443 1492 486 quod
1505 450 1562 484 per
1583 438 1731 484 universa.-
1754 445 1887 486 Ecclefiae
1900 448 2019 479 statuta
2037 447 2096 489 fir-

1213 501 1330 525 matum
1354 493 1392 532 cs}
1413 517 1424 533 ‚
1451 494 1506 526 vel
1527 496 1615 525 unius
1642 490 1781 535 Episcopi
1805 494 1986 529 authoritati
2007 521 2018 535 ‚
2045 497 2096 530 vel

1211 547 1298 573 unius
1316 545 1485 576 Provincia·
1507 543 1638 576 Concilio
1657 542 1695 583 est
1714 542 1962 585 praeferendum?
1987 546 2093 595 Qod

1211 591 1317 635 ipsum
1329 593 1444 636 repetit
1455 594 1489 627 in
1503 592 1650 636 pluribus
1661 593 1743 627 locis
1755 593 1846 628 istius
1867 596 1992 640 operis.

1259 641 1456 685 Respondeo
1466 644 1621 677 Sanctum
1635 643 1842 686 cyprianum
1868 646 1926 680 suo
1935 647 2033 682 errori
2046 647 2096 680 fo-

1209 702 1322 725 menta
1346 692 1441 726 fuiffe
1464 703 1621 727 venatum
1647 692 1864 739 undequaque
1879 717 1891 734 ,
1928 705 2026 741 atque
2047 697 2094 732 ita

1207 741 1293 776 circa
1305 742 1392 776 hanc
1405 739 1646 783 Apostolorum
1659 745 1871 787 quaestionem
1884 747 1975 780 fuisse
1986 757 2094 790 paten-

1208 803 1254 826 ter
1268 792 1551 836 circumscriptum
1562 817 1570 824 .
1597 793 1651 827 De
1661 794 1917 830 circumcisionis
1928 806 1982 830 aut
1994 797 2094 830 ullius

1209 843 1321 887 legalis
1335 843 1534 878 Sacramenti
1555 843 1737 878 necestitate
1760 845 1850 879 nulla
1873 857 2018 889 unquam
2030 847 2095 880 fuit

1208 894 1293 928 inter
1315 893 1402 938 ipsos
1423 893 1580 937 quaestio,
1607 892 1660 928 sed
1683 895 1750 929 sola
1779 895 1887 929 Saneti
1900 895 1989 931 Petri
2009 896 2095 932 circa

1208 944 1367 989 Legalem
1378 942 1500 979 vietum
1523 954 1564 977 ex
1585 944 1782 979 advenarum
1794 946 1980 989 Judaeorum
2003 957 2094 982 mem

1208 993 1355 1028 fimulata
1376 994 1581 1028 conversatio
1594 994 1713 1029 Sansto
1730 995 1835 1029 Paulo
1860 1008 1928 1031 non
1948 996 2095 1040 placuit,

1208 1044 1240 1077 &
1253 1045 1316 1079 fuit
1335 1043 1454 1078 merito
1475 1041 1665 1087 reprehensa
1682 1070 1690 1077 .
1718 1045 1762 1080 Et
1779 1047 2015 1091 circumscripti
2028 1048 2094 1090 Cy-

1210 1096 1312 1138 priani
1336 1094 1471 1139 vestigia
1485 1095 1619 1129 Sanctus
1633 1094 1840 1140 Augustinus
1864 1097 2028 1140 sequitur,
2053 1108 2093 1132 ac

1208 1156 1250 1178 ex
1271 1145 1347 1189 ipfis
1368 1144 1458 1179 elicit
1478 1154 1633 1189 magnam
1655 1146 1843 1180 veritatem.
1873 1147 1927 1180 Ex
1955 1147 2029 1190 ipfis
2040 1146 2091 1180 de·

1208 1195 1366 1229 monstrat
1377 1195 1485 1229 Sancti
1497 1195 1657 1237 Cypriani
1681 1195 1766 1229 circa
1779 1196 1943 1238 Baptisma
1966 1197 2091 1240 lapsum

1209 1255 1277 1278 non
1299 1245 1407 1279 favere
1424 1244 1611 1278 Donatistis
1625 1267 1636 1283 ,
1663 1245 1714 1278 uti
1736 1245 1850 1278 similis
1870 1246 1979 1279 Sansti
2002 1245 2093 1280 Petri

1207 1294 1291 1329 circa
1300 1293 1565 1328 Circumcifionis
1578 1294 1797 1328 necessitatem
1813 1295 1918 1337 lapsus
1930 1305 1998 1329 non
2009 1295 2093 1330 favit

1209 1343 1362 1377 haeteticis
1384 1343 1566 1377 Nazaraeis.
1595 1342 1652 1376 An
1676 1344 1838 1384 censuerit
1861 1344 2016 1379 Sanctum
2027 1344 2095 1379 1²0-

1206 1402 1291 1426 trum
1305 1392 1368 1426 isto
1380 1392 1413 1426 in
1431 1393 1551 1436 punc'lo
1563 1391 1656 1427 fuiffe
1668 1393 1793 1436 lapsum
1808 1404 1870 1434 ,ex
1880 1405 1922 1428 eo
1932 1394 2011 1429 loco
2023 1406 2094 1429 non

1205 1443 1300 1486 plene
1323 1444 1452 1478 constat
1476 1466 1484 1475 .
1512 1440 1653 1476 Videtur
1676 1442 1853 1478 adductum
1880 1444 1899 1478 ὲ
1921 1444 2094 1488 Cypriane

1204 1493 1392 1536 exemplum
1408 1503 1468 1526 nec
1480 1491 1647 1535 probasse,
1675 1504 1737 1527 nec
1761 1493 1934 1528 discuffiffe
1948 1519 1959 1535 ‚
1984 1495 2038 1528 sed
2048 1505 2093 1528 ex

1203 1541 1295 1586 ipso,
1319 1542 1558 1586 qualecumque
1568 1544 1645 1576 esset
1661 1566 1672 1581 ‚
1699 1543 1892 1578 Donatistas
1916 1544 2093 1579 dumtaxat
2129 1578 2136 1586 ,

1203 1593 1348 1628 reviciffe
1372 1619 1381 1624 .
1422 1593 1473 1627 Ita
1494 1593 1669 1635 praesertim
1691 1594 1834 1628 insinuat
1852 1594 1920 1637 ejus
1943 1589 2092 1638 Respon-
2104 1577 2166 1651 ab·
2190 1588 2216 1613 ³·

1204 1644 1274 1677 sum
1301 1643 1342 1676 ad
1369 1642 1536 1684 Synodale
1563 1642 1751 1687 suffragium
1779 1644 1909 1678 Zozimi
1938 1643 2093 1688 Episcopi
2139 1627 2169 1658 μ
2188 1628 2219 1653 7·

1204 1692 1429 1727 Tharaffenfis
1448 1717 1456 1724 .
1485 1691 1613 1726 Verum
1636 1692 1672 1726 in
1694 1691 1954 1728 Commentariis
1975 1693 2094 1738 episto·

1204 1743 1238 1776 1ae
1248 1744 1289 1778 ad
1302 1742 1437 1779 Galatas
1459 1741 1569 1777 lucide
1591 1742 1689 1778 docet
1709 1754 1786 1777 cum
1808 1743 1928 1778 Sancto
1947 1743 2093 1788 Cypria«

1203 1804 1248 1826 no
1264 1818 1274 1834 ‚
1299 1803 1398 1837 atque
1411 1793 1456 1826 ita
1474 1793 1582 1826 verius
1593 1793 1638 1827 est
1653 1817 1665 1833 ‚
1691 1792 1780 1835 quod
1799 1794 1910 1838 &ipse
1929 1795 2094 1829 censuerit

1204 1842 1335 1876 Petrum
1362 1843 1395 1875 in
1423 1842 1581 1886 dogmate
1603 1845 1718 1876 errasse
1735 1867 1742 1876 .
1771 1843 1948 1890 Qidquid
1969 1844 2027 1885 fit,
2054 1845 2092 1879 in

1203 1892 1340 1935 septimo
1360 1890 1483 1925 laudati
1505 1890 1610 1935 operis
1637 1891 1722 1925 libro
1744 1892 1915 1937 infigniter
1940 1895 2092 1930 exsufflat

1203 1954 1306 1987 nugas
1327 1942 1464 1985 Ioannis
1492 1941 1628 1975 Calvini
1650 1966 1661 1982 ,
1695 1941 1730 1975 &
1752 1941 1860 1976 Marci
1883 1944 2028 1978 Antonii
2048 1945 2092 1979 de

1202 1993 1361 2026 Dominis
1375 2016 1384 2022 .
1411 1989 1479 2025 Uti
1488 1990 1740 2024 Donatistarum
1758 2003 1800 2026 ex
1822 1993 1932 2028 Sancti
1950 1995 2094 2038 Cypria-

1203 2042 1258 2080 ni,
1284 2042 1329 2075 ita
1352 2041 1585 2074 Nazaraeorum
1602 2039 1742 2073 haerefim
1761 2041 1902 2076 affirmat
1926 2053 2093 2077 natamex

1201 2090 1308 2126 Sancti
1330 2089 1419 2124 Petri
1447 2100 1553 2124 errore
1580 2091 1615 2123 ὅ(
1647 2089 1734 2132 lapsu
1756 2111 1767 2129 ,
1792 2099 1890 2134 atque
1915 2090 2094 2138 adjungite

1202 2145 1281 2175 Sicut
1302 2143 1368 2186 erg&
1383 2145 1535 2174 Nazaraei
1550 2164 1561 2180 ‚
1588 2143 1678 2173 Petro
1699 2146 1733 2174 in
1744 2143 1886 2174 Primam
1897 2142 2094 2184 Apostolorum

1201 2198 1334 2231 martirii
1341 2193 1440 2236 gloria
1463 2201 1619 2232 coronato,
1644 2195 1677 2223 in
1695 2189 1753 2235 fua
1761 2190 1959 2234 perverfitate
1975 2190 2098 2236 praecifi

1202 2242 1242 2276 ab
1264 2241 1389 2283 Ecclesia
1408 2240 1636 2284 remanserunt3
1663 2246 1708 2276 ita
1729 2242 1918 2283 Donatistae,
1944 2246 2093 2285 Cyprian-

1200 2303 1259 2335 per
1272 2293 1494 2326 abundantiam
1508 2290 1668 2325 charitatis
1682 2297 1715 2325 in
1721 2291 1834 2335 sortem
1843 2292 2015 2326 SanHorum
2021 2290 2092 2336 pal?-

1196 2342 1286 2384 fionis
1310 2342 1461 2376 charitate
1476 2340 1609 2384 susi-epto
1635 2365 1648 2382 ‚
1670 2340 1782 2385 seipsos
1806 2341 1966 2387 agnoscunt
1990 2345 2093 2378 exules

1202 2393 1346 2425 veritam
1359 2414 1367 2421 .
1396 2391 1512 2424 Palam
1523 2391 1661 2423 affirmat
1673 2391 1786 2431 Petri,
1812 2393 1890 2427 licet
1900 2394 2008 2428 fuiffer
2018 2403 2094 2437 pras·-

1185 2427 1349 3449 ldcan
1391 2463 1403 2480 ‚
1430 2439 1557 2483 lapsum
1579 2440 1648 2482 ejus
1658 2439 1819 2474 Primatui
1840 2453 1910 2476 non
1925 2442 2091 2477 obfuisse.

1204 2491 1307 2537 Qod
1318 2491 1424 2533 ipsum
1447 2488 1555 2524 lucide
1577 2490 1754 2524 confirmat
1774 2491 1810 2524 in
1830 2491 2091 2527 Commentariis

1204 2540 1349 2584 epistolae
1372 2539 1413 2574 ad
1436 2539 1571 2574 Galatas
1590 2564 1598 2571 .
1635 2540 1728 2588 Qia
1749 2541 1867 2585 nempe
1886 2542 2089 2587 Dogmatica

1206 2590 1426 2625 infallibilitas
1436 2602 1505 2624 non
1516 2589 1562 2624 est
1574 2590 1681 2624 Sancti
1693 2590 1783 2626 Petri
1796 2600 1852 2625 aut
1864 2591 2091 2629 Succefforum

1207 2642 1347 2685 personae
1366 2639 1441 2675 data
1459 2640 1479 2674 a
1496 2638 1630 2675 Christo
1649 2640 1826 2680 Domino,
1852 2639 1906 2674 sed
1929 2641 2092 2678 Romanae

1206 2689 1394 2726 Cathedrae.
1422 2691 1472 2725 lta
1492 2689 1627 2725 dietavit
1648 2692 1783 2726 Sanetus
1804 2690 1983 2736 Gregorius
1995 2693 2093 2738 septi-

1207 2752 1296 2776 mus.
1324 2741 1369 2775 Et
1389 2741 1539 2775 Distatus
1561 2740 1733 2776 veritatem
1756 2740 1939 2784 Synndalia
1955 2740 2092 2779 Scholia

1207 2790 1314 2836 ample
1322 2789 1588 2826 demonstrarunt
1601 2815 1609 2823 .
1626 2790 1764 2826 Interim
1776 2791 1891 2826 Petrus
1901 2793 1986 2828 circa
1996 2793 2093 2839 Dog-

1208 2855 1261 2877 ma
1273 2853 1343 2877 non
1356 2841 1420 2877 fuit
1441 2841 1563 2886 lapsus.
1594 2841 1675 2885 Ejus
1696 2842 1803 2885 lapsus
1813 2843 1878 2877 fuit
1896 2842 1997 2880 solius
2008 2854 2092 2879 con-

1208 2892 1398 2927 versationis
1407 2917 1415 2925 .
1433 2891 1479 2926 Et
1491 2891 1581 2936 quod
1593 2891 1822 2927 Nazaraeorum
1834 2891 1960 2928 haerefis
1969 2904 2012 2929 ex
2022 2893 2092 2937 eju

1208 2943 1297 2988 lapsu
1308 2954 1377 2978 non
1403 2942 1536 2977 traxerit
1557 2943 1721 2988 originem
1734 2967 1746 2983 ,
1771 2942 1817 2977 est
1837 2943 1936 2977 facile
1955 2942 2090 2977 demon·

1207 2995 1307 3029 stratu
1319 3019 1328 3027 .
1355 2993 1467 3028 Etiam
1489 2992 1576 3027 inter
1589 2993 1657 3037 ejus
1677 2993 1710 3027 in
1723 2993 1883 3028 Romano
1891 2991 2088 3036 Episcopatu

1208 3044 1404 3079 Succeffores
1416 3054 1515 3079 nemo
1528 3054 1674 3087 unquam
1696 3043 1743 3077 est
1758 3042 1861 3088 lapsus
1877 3043 1912 3075 in
1924 3039 2087 3075 haerefim.

1207 3095 1341 3129 Sanetus
1351 3094 1542 3138 Cyprianus
1553 3105 1591 3128 ac
1611 3094 1747 3129 Sanctus
1760 3090 1966 3138 Augustinus
1977 3088 2040 3126 hac
2050 3090 2088 3128 in

1208 3156 1241 3180 re
1248 3154 1320 3181 non
1332 3146 1407 3181 sunt
1417 3144 1591 3190 sequendi.
1963 3166 1965 3169 -

1957 3394 2043 3434 voffi-
2065 3369 2071 3375 ’
