2346 3724
810 169 894 200 er
962 155 1476 202 venzonum.

240 241 428 281 Hareticos
444 250 486 275 an
507 238 602 275 liceat
614 240 774 285 appellare
796 243 919 278 Sanaos
937 267 949 285 ,
977 243 1125 285 Sanfflffi-

296 306 378 333 mos,
403 300 458 325 aut
473 292 652 332 Beattffimos
665 293 679 326 ?
1003 304 1079 341 312.
1091 305 1123 328 2.

243 342 425 379 Haereticos
443 349 551 384 preter
571 352 695 377 morem
710 341 842 379 Sanstus
855 340 1054 379 Pachomius
1065 345 1125 379 ad-

292 392 379 426 misit
401 390 441 425 ad
453 389 634 435 hospitium
645 417 654 424 .
999 401 1080 440 205.
1093 403 1122 428 2.

243 440 442 476 Haereticum
457 453 523 476 non
535 442 614 477 facit
627 441 746 477 docilis
755 441 1040 491 ignotantia.96.1.
1052 444 1124 478 Nec

273 490 278 494 ’
292 491 410 535 quaevis
420 490 605 526 obstinatio.
619 492 688 525 ibid.
698 493 891 538 Requiritur
903 495 1124 534 contumacia,

291 542 326 576 &
342 539 480 585 duplicis
493 543 708 586 correptionis
729 553 938 588 contemptus
951 570 959 577 .
1009 545 1078 577 ibid.
1093 556 1122 581 2·

243 590 427 626 Haereticus
447 602 488 624 an
511 591 549 626 fit
565 617 576 632 ‚
603 593 661 636 qui
683 593 867 636 scripturam
889 595 984 628 aliter
1006 594 1125 628 intelli·

292 642 344 686 git
373 665 384 681 ,
422 642 518 685 quam
546 643 656 676 sensus
681 643 788 677 Sansti
814 645 950 689 Spiritus
976 643 1124 689 flagitat.

266 722 269 724 .
296 691 349 738 96-
367 703 396 727 1.

241 741 425 776 Haereticus
451 740 470 775 a
497 741 666 788 semetipso
692 742 813 779 dicitur
848 746 912 780 effe
936 743 1124 779 damnatus.

298 801 373 827 100.
395 801 426 825 2.
525 807 527 810 ·

247 841 433 876 Haereticus
443 841 489 876 est
502 843 648 887 quisquis
658 843 809 878 adversus
822 842 1048 888 Apostolicam
1060 844 1125 878 Ro-

245 900 247 902 ’
293 903 399 926 manae
411 892 555 927 Ecclefiae
564 893 760 929 Cathedrarn
772 894 926 929 rebellat.
944 892 962 931 8
968 905 1040 941 3.2.
1059 892 1126 927 Ad-

290 942 401 976 versus
422 952 530 977 tamen
552 944 631 978 alias
646 944 856 979 Cathedrales
875 946 1036 979 Ecclefias
1047 943 1125 977 citra

246 988 248 990 ’
290 990 431 1026 haerefim
445 991 618 1028 rebellatur
630 1019 638 1026 .
1051 992 1124 1025 ibid,

240 1041 426 1076 Haereticus
439 1053 536 1076 nemo
559 1044 628 1089 vult
642 1044 771 1083 audire,
799 1042 850 1076 vel
865 1042 971 1077 vocari
987 1067 995 1074 .
1023 1041 1078 1088 87.
1093 1052 1125 1077 2.

291 1091 387 1124 Hine
407 1091 489 1124 reste
505 1093 524 1125 a
539 1092 700 1135 Gregorio
713 1092 863 1134 Nyffeno
875 1092 1028 1127 Haeretici
1040 1105 1128 1128 com-

213 1169 230 1180 „
290 1139 394 1183 parati
417 1141 659 1175 meretricibus.
685 1143 758 1174 ibid.
784 1141 926 1177 Veritati
949 1143 1066 1187 pariter
1091 1144 1124 1177 ἂ

291 1188 466 1222 mendacio
480 1189 602 1224 bellurn
614 1190 783 1225 indicunt.
1051 1193 1123 1226 ibid.

241 1239 423 1274 Haereticus
434 1250 501 1273 non
515 1241 560 1274 est
572 1265 583 1280 ,
610 1241 631 1274 si
643 1241 715 1284 quis
725 1240 874 1276 adversus
882 1241 1102 1278 Primatialem
1114 1269 1125 1284 ‚

291 1289 343 1323 vel
364 1287 619 1325 patriarchalem
637 1313 647 1330 ‚
675 1303 742 1325 non
763 1301 874 1326 autem
897 1293 1051 1337 Papalem
1066 1294 1124 1327 Ec·

289 1339 387 1373 clesiae
398 1338 558 1374 Romanae
568 1341 764 1385 dignitatem
776 1342 908 1377 rebellat
923 1367 929 1375 .
1027 1340 1080 1391 84.
1097 1355 1122 1380 1.

243 1389 427 1422 Haereticus
439 1390 548 1424 omnis
560 1390 674 1425 stultus
684 1391 728 1425 est
739 1418 746 1425 .
1071 1405 1123 1431 10-

239 1438 447 1479 HaereticuS,
474 1441 529 1483 qui
542 1440 669 1475 dubitat
682 1442 712 1474 in
728 1441 809 1476 fide.
1011 1455 1078 1492 ¹35·
1095 1455 1123 1479 1.

240 1487 383 1522 Henrici
407 1488 483 1522 Vici
502 1490 679 1526 Oostbovii
700 1491 885 1534 Toparchae
906 1496 1064 1528 sententia
1085 1494 1125 1528 de

292 1537 431 1572 articulo
441 1539 591 1583 Symboli
605 1566 616 1582 ,
642 1540 801 1585 Descendit
813 1546 857 1576 ad
866 1544 1003 1586 Inferos.
1023 1554 1090 1592 ¹44·
1104 1556 1123 1578 ι.

288 1589 323 1622 &
345 1589 408 1632 seq.

238 1636 431 1672 Heraclitus
457 1641 645 1676 tenebrosus
672 1643 705 1676 ὅ(
720 1642 886 1677 obscurus.
919 1653 1035 1691 1141.
1057 1644 1124 1678 Fle-

290 1688 337 1721 vit
351 1686 486 1723 humani
499 1693 624 1734 generis
639 1694 855 1728 calamitates.
891 1694 963 1726 ibid.
985 1694 1064 1727 Non
1081 1696 1125 1727 vi-

289 1738 342 1772 xit
351 1739 466 1773 eodem
482 1749 626 1784 tempore
638 1755 712 1776 cum
728 1744 924 1778 Democrito
935 1769 942 1776 .
962 1744 1033 1776 ibid.
1048 1744 1125 1786 Ejus

288 1786 399 1820 Patria
425 1814 437 1828 ,
462 1791 497 1824 ὅ(
524 1790 693 1828 ἀοᾶῑίηει.
715 1793 786 1826 ibid.
811 1805 842 1830 2.
873 1794 1016 1828 Moritur
1041 1806 1124 1836 aqua

286 1836 449 1871 intercute
461 1862 470 1869 .
1051 1843 1123 1876 ibid.

235 1887 461 1931 Hermogenis
471 1897 602 1921 errores.
616 1897 683 1924 112.
698 1900 728 1924 2·
753 1897 865 1932 2531.
895 1891 1125 1926 Fuitdiversus

285 1934 328 1968 ab
343 1947 385 1969 eo
399 1960 411 1973 ,
437 1944 535 1975 quem
557 1942 650 1965 notat
672 1935 871 1975 Apostolus.
1002 1948 1016 1970 1
1027 1948 1076 1972 12.
1091 1952 1123 1973 2.

232 1986 277 2020 aa
288 1979 518 2015 Hierarchiam
540 1993 608 2016 non
633 1983 750 2026 specta:
762 1983 910 2018 Clericus
923 1984 1070 2019 absolute
1091 1987 1123 2020 &

285 2032 353 2064 sine
373 2030 473 2066 titulo
486 2030 655 2066 ordinatus
668 2057 675 2065 .
1001 2035 1076 2083 366.
1094 2048 1121 2072 1-

233 2082 268 2118 S.
278 2081 509 2124 Hieronymus
526 2082 543 2115 a
557 2081 698 2116 Paulino
710 2085 918 2119 consecratus
942 2085 975 2119 in
989 2085 1122 2128 Presby-

286 2141 409 2166 terum.
433 2141 518 2177 90.1.
550 2133 739 2167 Romanum
763 2134 960 2178 Episcopum
987 2136 1122 2169 interro-

247 2195 249 2197 *
283 2191 366 2228 gat,
393 2191 488 2224 quem
501 2191 557 2225 pro
579 2182 791 2217 Antiochensi
827 2184 992 2229 Episcopo
1009 2184 1121 2220 debeat

282 2233 480 2277 agnoscere.
507 2232 579 2266 ibid.
608 2233 788 2268 Accusatus
811 2233 829 2267 a
854 2235 977 2277 Joanne
1002 2236 1121 2270 Hiero-

283 2280 511 2324 solymitan0,'
535 2283 623 2326 quod
635 2284 701 2318 fine
719 2284 821 2318 titulo
833 2285 942 2319 suisset
955 2288 1122 2320 consecra-

286 2342 340 2366 tus
364 2332 539 2375 Presbyter
551 2358 559 2365 .
998 2336 1119 2382 3602.

233 2382 266 2418 S.
281 2382 513 2426 Hieronymus
536 2395 603 2418 non
616 2385 678 2418 fuit
703 2385 824 2419 Restor
839 2385 1006 2420 parochiae
1023 2386 1121 2420 Beth-

250 2458 251 2461 .
283 2433 475 2467 leemiticae.
506 2436 581 2480 360.
595 2444 625 2468 2.
653 2435 833 2469 ordinatus
852 2437 898 2469 est
925 2436 1025 2469 titulo
1047 2437 1121 2470 Mo-

282 2483 411 2517 nasterii
427 2507 434 2513 .
463 2483 533 2515 ibid.
560 2484 694 2519 Nullam
719 2486 751 2518 in
773 2486 904 2529 publica
923 2486 1065 2520 Ecclesia
1081 2487 1120 2519 se-

283 2532 361 2565 dem
373 2530 489 2565 habuit
501 2558 508 2566 .
537 2533 607 2567 ibld.
637 2535 672 2567 ln
687 2535 897 2570 Monasteriis
909 2547 975 2570 non
990 2535 1121 2570 sedebat

283 2580 387 2615 modo
407 2605 417 2621 ,
448 2581 500 2615 sed
524 2582 557 2616 δε
570 2584 753 2625 praesidebat
769 2610 777 2618 .
1047 2586 1119 2619 ibid.

233 2631 540 2673 Hierosolymitana
563 2633 703 2668 Ecclesia
716 2647 757 2669 ex
777 2635 975 2678 Apostolico
994 2636 1121 2670 institu-

282 2690 318 2715 to
339 2681 535 2716 Cae'sarienfis
556 2681 784 2728 Metropoleos
805 2685 1002 2729 suffraganea
1026 2685 1122 2721 Paro·

287 2730 381 2766 chia.
413 2741 571 2779 191.1.2.
595 2733 676 2768 Non
700 2734 745 2768 est
764 2734 928 2770 Cathedra
954 2736 1119 2779 Apostoli·

284 2794 322 2815 ca
334 2806 341 2813 .
1048 2786 1118 2820 ibid.

234 2831 386 2866 Honoris
406 2832 494 2868 tituli
507 2833 623 2876 cuique
636 2835 788 2869 decenter
800 2837 873 2870 sunt
892 2836 1118 2879 impertiendi.

237 2925 240 2928 .
284 2891 363 2929 203.
380 2892 406 2917 1.
432 2883 564 2916 Exinde
576 2886 718 2926 plurium
731 2885 892 2920 bonorum
905 2887 998 2920 causa
1011 2910 1018 2918 .
1046 2886 1118 2920 ibid.

240 2958 243 2962 .
282 2931 516 2976 Hieronymus
536 2934 619 2978 aegre
632 2936 692 2969 fert
712 2935 896 2979 Presbyteri
916 2937 1050 2970 titulum
1063 2935 1117 2970 fibi

282 2993 350 3016 non
363 2983 475 3017 datum
489 2984 506 3016 ὲ
518 2984 644 3027 Joanne
656 2985 974 3029 Hierosolymitano.
1047 2986 1118 3019 ibid.

232 3030 408 3076 Hospitale
428 3035 570 3078 primum
593 3037 697 3070 erexit
717 3036 884 3071 Hircanus
906 3036 980 3070 Rex
996 3036 1117 3080 Judaeo·

283 3093 375 3116 rum.
991 3086 1070 3123 206·
1085 3099 1115 3124 2·

233 3130 419 3176 Hospitalia
442 3135 639 3179 participant
662 3135 703 3171 de
722 3147 835 3181 quarta
861 3147 949 3181 parte
971 3148 1117 3181 proven-

284 3190 374 3217 tuum
397 3184 564 3219 Ecclesiae.
997 3197 1076 3235 207.
1097 3199 1116 3220 r.

233 3229 448 3272 Hospitaliras
482 3235 689 3272 Gentilium.
719 3247 839 3285 2052.
867 3236 960 3271 Olim
980 3237 1042 3271 fuit
1063 3249 1115 3271 ne-

284 3280 430 3316 cessaria.
458 3285 501 3318 Et
514 3289 590 3322 cur?
802 3279 807 3287 '
990 3287 1070 3323 206.
1084 3297 1114 3321 2.

232 3328 451 3372 Hospitalitas
474 3335 649 3376 primorum
674 3337 935 3373 Christianorum
953 3363 960 3371 .
989 3346 1068 3383 204.
1087 3345 1113 3370 1.

338 3379 443 3420 Christ·
461 3385 538 3425 Lupi·
552 3392 642 3430 oper.
654 3392 731 3422 rom.
745 3391 804 3421 ιΧ.

1897 177 1989 221 393

1237 244 1319 278 Non
1329 252 1395 277 erat
1405 237 1523 286 gratia,
1533 234 1586 273 sed
1595 237 1660 293 jus:
1685 240 1755 274 ibid.
1779 250 1856 289 207.
1874 254 1904 279 1.
1918 243 2057 279 Luciani

1238 293 1381 327 Gentilis
1394 293 1435 327 de
1445 300 1481 324 ea
1491 288 1730 323 testimonium.
1760 301 1837 337 204,
1851 304 1881 329 2.
1900 293 1962 328 per
1970 295 2060 328 Hos.

1237 343 1429 386 pitalitatem
1459 338 1560 374 crevit
1583 336 1717 382 Religio
1745 337 1927 377 Christiana
1950 367 1958 375 .
1984 343 2060 376 ibid.

1237 393 1444 427 Firmilianus
1469 388 1675 423 Gaesareenfis
1696 387 1859 422 immerito
1870 392 2061 432 queriturde

1237 441 1496 486 inhospitalitate
1508 438 1615 474 Sansti
1630 435 1786 479 Stephani
1800 461 1807 469 .
1940 451 2016 487 205,
2027 452 2061 477 2.

1188 493 1402 536 Hospitalitas
1412 488 1545 536 quando
1566 488 1651 522 inter
1669 485 1875 522 Christianos
1887 487 2063 525 defecerit?

1237 552 1285 578 20
1311 567 1317 575 .
1336 553 1363 577 r.

1186 554 1429 637 Hospi7talitatis
1457 591 1567 625 tessera
1595 589 1658 623 fuit
1679 587 1882 632 Symbolum·
1898 588 2066 632 Apostoli-

1234 654 1310 677 cum
1322 667 1330 676 .
1358 652 1438 689 205.
1451 653 1481 678 2.
1509 641 1591 673 ltem
1605 637 1755 682 Episcopi
1770 637 1920 674 Formata
1936 663 1943 670 .
1953 639 2030 675 206.
2042 648 2074 681 1..v

1187 693 1293 738 Hugo
1303 693 1344 726 de
1357 693 1475 727 Sansto
1489 690 1624 723 Victore
1646 689 1699 722 fall
1705 689 1768 721 itur
1779 688 1863 722 circa
1880 698 1993 723 votum
2006 690 2068 723 vir-

1234 743 1381 787 ginitatis
1404 743 1422 775 a
1444 741 1486 774 D.
1501 739 1642 783 Virgine
1659 737 1827 772 emiffiim.
1855 735 1909 774 28·
1921 747 1953 772 2.
1980 740 2063 774 Item

1235 793 1320 826 circa
1339 790 1663 827 Catechumenorum
1684 788 1726 823 ab
1749 787 1888 822 Ecclesia
1903 787 2067 823 dimissio-x

1240 854 1314 876 nem
1327 867 1335 874 .
1637 867 1640 870 .
1941 847 2020 883 324·
2037 850 2070 873 Ι.

1188 893 1344 936 Hymnus
1357 916 1367 932 ‚
1394 892 1494 924 Gloria
1513 893 1603 923 Patri
1623 889 1656 922 ὁ
1668 889 1744 922 Filio
1757 911 1768 928 ‚
1779 888 1842 922 &c-
1869 887 1914 922 est
1926 889 2069 921 omnino

1237 942 1472 985 Apostolicum
1485 940 1688 975 institutum.
1949 946 2017 983 ¹05·
2036 947 2065 971 ι.

1189 992 1380 1036 Hypocrifis
1413 990 1603 1027 &simulata
1619 987 1766 1024 sanctitas
1783 987 1945 1023 variorum
1958 987 2068 1021 Haere-

1238 1043 1378 1077 ticorum
1393 1067 1401 1075 .
1837 1037 1893 1083 65.
1910 1049 1937 1074 1.
1956 1037 1989 1072 &
2002 1038 2067 1081 seq.

1621 1139 1638 1172 1
1688 1171 1690 1173 ,

1261 1242 1370 1285 Jacobi
1393 1240 1477 1285 apud
1500 1241 1665 1284 Hispanos
1684 1237 1871 1282 praedicatio
1891 1249 1960 1273 non
1984 1246 2073 1273 caret

1211 1306 1213 1310 ’
1252 1316 1259 1324 .
1289 1293 1462 1336 scrupulis.
1910 1299 1984 1331 197..
2001 1301 2022 1322 1.
2039 1299 2080 1323 2.»

1191 1344 1220 1377 S.
1240 1342 1376 1387 Jacobus
1411 1352 1480 1375 non
1516 1341 1579 1375 fuit
1605 1339 1786 1383 Episcopus
1818 1337 2072 1382 Compostellae.

1245 1404 1260 1428 1
1313 1418 1320 1425 .
1342 1404 1373 1427 2.

1191 1444 1220 1477 S.
1234 1403 1372 1487 Jaggbus
1392 1441 1488 1476 nullo
1503 1442 1598 1486 padio
1621 1439 1683 1474 fuit
1695 1438 1936 1481 Hierosolymae
1956 1435 2074 1472 Archi-

1242 1493 1440 1536 Episcopus.
1465 1499 1523 1539 ¹9¹·
1537 1502 1556 1524 1.
1586 1490 1667 1524 Non
1692 1489 1756 1522 fuit
1776 1488 1793 1521 a
1810 1489 1928 1523 Sansto
1955 1488 2073 1526 Petro,

1240 1544 1274 1576 δε
1285 1540 1413 1576 duobus
1424 1541 1574 1586 Collegis
1585 1541 1793 1574 consecratus
1804 1539 1836 1572 in
1852 1538 2051 1580 Episcopum
2060 1560 2073 1570 .

1239 1592 1310 1625 ibid.
1341 1592 1372 1624 A
1395 1590 1528 1625 Christo
1557 1590 1708 1625 Domino
1741 1588 1810 1631 ipso
1837 1587 2076 1622 resurrectionis

1239 1642 1291 1676 die
1305 1641 1366 1675 fuit
1387 1644 1593 1676 consecratus
1612 1641 1643 1673 in
1660 1639 1876 1681 Episcopum.
2001 1637 2074 1670 ibid.

1190 1692 1218 1726 S.
1232 1691 1369 1735 Jacobus
1390 1693 1481 1726 sacrae
1494 1693 1661 1734 Scripturae
1687 1689 1825 1732 peritus.
1853 1698 1977 1733 2151.
2007 1685 2076 1720 Ad-

1241 1743 1341 1776 instar
1362 1742 1410 1776 sui
1435 1742 1540 1777 fratris
1564 1739 1754 1786 perpetuum
1775 1739 1867 1783 virgo
1881 1736 2074 1782 permansit.

1240 1792 1313 1824 ibid.
1511 1819 1514 1821 Α
1547 1797 1550 1799 ’
1805 1810 1810 1812 -
2079 1796 2081 1802 ’

1190 1842 1274 1875 Ideae
1289 1840 1467 1873 Platonicae
1481 1863 1488 1870 .
1521 1833 1595 1874 108.
1609 1848 1630 1870 i.
1645 1835 1777 1869 AEones
1789 1833 1972 1870 Valentino
1982 1843 2077 1872 erant

1242 1889 1319 1928 quid
1333 1889 1436 1919 simile
1449 1886 1550 1918 -‹1deis
1563 1882 1745 1917 Platonicis
1757 1906 1764 1912 .
1842 1884 1917 1918 106.
1932 1891 1954 1915 ι.
1975 1887 2075 1921 108·1.

1191 1937 1272 1978 Jehu
1284 1936 1427 1976 peccavit
1439 1934 1661 1968 idololatriam
1675 1930 1857 1965 simulando
1870 1957 1878 1964 .
1949 1941 2028 1980 225.
2045 1944 2076 1968 1.

1190 1985 1353 2029 Jesuitiffae
1366 1986 1515 2018 extinstae
1526 1984 1567 2017 ab
1579 1983 1724 2017 Urbano
1736 1983 1852 2015 ostavo
1861 2006 1870 2013 .
1950 1987 2028 2029 346.
2040 1993 2075 2017 2.

1190 2037 1219 2069 S.
1235 2034 1380 2078 ignatius
1402 2034 1463 2068 fuit
1486 2034 1610 2076 Judaeus
1622 2058 1629 2064 .
1949 2031 2028 2078 265.
2042 2043 2081 2068 2..

1188 2084 1474 2128 Indulgentiarum
1496 2083 1598 2117 bostis
1616 2080 1844 2116 Tertullianus
1856 2105 1864 2114 .
1948 2082 2028 2127 256.
2044 2091 2073 2118 1.

1188 2139 1323 2168 Initiati.
1340 2136 1485 2181 Quartus
1498 2132 1797 2168 Catechumenatus
1808 2130 1927 2176 gradus
1937 2156 1945 2164 .
1960 2142 2073 2178 3432,

1236 2184 1478 2228 praerequirebat
1489 2183 1680 2218 elestionem
1694 2207 1702 2214 .
1988 2182 2066 2215 tbtd.
2081 2219 2085 2223 .

1187 2234 1398 2277 Interpretes,
1430 2237 1481 2269 seu
1504 2233 1642 2274 Scribae,
1661 2232 1780 2276 quibus
1804 2233 1847 2266 ufi
1871 2233 1944 2266 sunt
1958 2231 2073 2266 Petrus

1236 2285 1271 2319 δε
1286 2286 1405 2320 Paulus
1417 2311 1427 2327 ,
1449 2297 1490 2320 an
1507 2283 1682 2320 habuerint
1693 2281 1862 2318 Charisma
1879 2282 2014 2316 Diviuae
2026 2283 2078 2316 in-.

1239 2336 1446 2378 spirationis?
1951 2342 2026 2379 131.
2048 2344 2070 2366 1.

1187 2385 1322 2427 Ioannis
1345 2385 1551 2421 Antiocheni
1589 2397 1663 2420 cum
1689 2383 1821 2427 Cyrillo
1841 2382 2071 2418 Alexandrino

1236 2436 1398 2471 discordia
1421 2437 1570 2471 Ecclefiae
1583 2433 1707 2470 summe
1721 2434 1822 2468 noxia
1834 2458 1842 2467 .
1968 2432 2022 2480 69.
2036 2442 2070 2466 2.

1185 2486 1215 2520 S.
1230 2486 1371 2529 Joannes
1398 2488 1580 2529 Apostolus
1608 2486 1653 2520 ob
1677 2485 1878 2519 eminentem
1899 2484 2069 2518 scientiam

1236 2547 1371 2570 vocatus
1399 2535 1615 2581 Theologus.
1644 2535 1726 2582 213'.
1753 2547 1782 2572 1·
1811 2534 1910 2577 Apud
1930 2533 2072 2566 Parthos

1235 2587 1417 2629 praedicavit
1430 2612 1437 2619 .
1448 2587 1520 2628 ibid.
1547 2585 1666 2631 Ephesi
1681 2584 1817 2620 Basilica
1831 2584 1888 2628 ipsi
1900 2582 2068 2618 dedicata.

1233 2636 1305 2670 ibid.
1320 2649 1350 2674 2.

1183 2685 1214 2720 S.
1226 2686 1368 2732 Joannes
1381 2685 1561 2729 Apostolus
1578 2684 1688 2717 scribit
1705 2681 1925 2723 Evangelium
1945 2680 1979 2714 ἀ
1991 2679 2069 2724 Epi-

1232 2737 1328 2769 stolas
1350 2733 1498 2768 adversus
1522 2729 1737 2765 Cerinthum.
1771 2739 1846 2774 141.
1871 2741 1901 2766 2·
1930 2729 2066 2773 Apoca—

1233 2786 1349 2829 lypsim
1372 2783 1482 2818 scribit
1495 2782 1529 2816 in
1553 2780 1716 2815 Pathmo.
1742 2779 1864 2824 2961.
1892 2778 1968 2820 Ejus
1989 2780 2067 2823 Epi-

1232 2835 1322 2869 stolae
1342 2836 1462 2878 scriptae
1489 2831 1565 2876 post*
1582 2830 1817 2874 Apocalypsim
1841 2854 1848 2861 .
1874 2829 1946 2862 ibid.
1971 2829 2067 2864 Ulti-

1234 2898 1325 2920 mum
1338 2885 1408 2928 ejus
1430 2893 1512 2927 opus
1523 2882 1584 2916 suit
1597 2880 1832 2925 Evangelium.
1858 2879 1930 2911 ibid.
1959 2878 2065 2922 Ephe.

1232 2938 1267 2970 so
1290 2936 1351 2969 fuit
1370 2937 1387 2969 ὲ
1408 2930 1764 2968 DomitianoRomam
1785 2940 1938 2962 evocatus
1952 2954 1959 2961 .
1987 2929 2059 2962 ibid.

1231 2986 1451 3030 Evangelium
1465 2982 1579 3026 Ephesi
1600 2981 1744 3023 scripsit,
1767 2979 2062 3014 &ibidem-defun-

1231 3039 1300 3071 Cius
1313 3062 1319 3068 .
1333 3034 1496 3081 1&on
1510 3032 1629 3066 Anno.
1656 3030 1728 3063 ibid.
1744 3041 1774 3065 2.
1803 3025 1931 3062 Falsum
1947 3053 1956 3068 ‚
1969 3029 2066 3073 quod

1231 3098 1300 3121 non
1321 3085 1459 3120 obierit.
1486 3083 1558 3116 ibid.
1588 3080 1720 3115 Christo
1741 3079 1894 3114 Domino
1916 3079 1978 3113 fuit
1990 3091 2086 3114 ωηο-ν

1230 3148 1319 3171 anno
1333 3137 1439 3170 senior
1449 3159 1456 3166 .
1988 3129 2066 3164 ibid.

1179 3190 1208 3223 S.
1222 3189 1301 3232 Joan
1308 3198 1361 3219 nes
1371 3209 1381 3224 ‚
1393 3197 1431 3219 an
1445 3184 1543 3218 fuerit
1557 3180 1739 3225 Ephesinus
1751 3179 1923 3216 Antisies?
1944 3182 2022 3218 262.
2036 3192 2057 3217 ι.

1229 3239 1297 3272 Prae
1307 3236 1426 3269 caeteris
1439 3231 1776 3277 Apostolisdilectusa
1789 3230 1920 3266 Christo
1933 3230 1978 3264 ob
1991 3242 2061 3274 per-

1228 3298 1359 3331 petuam
1382 3284 1636 3329 Virginitatem.
1666 3292 1746 3326 213-
1761 3291 1791 3316 2.
1815 3282 2004 3325 Tamquam
2024 3282 2069 3316 fiel

1230 3339 1290 3374 lius
1317 3337 1462 3380 Deiparae
1485 3333 1619 3378 Virgini
1649 3333 1666 3365 a
1690 3330 1822 3367 Christo
1851 3330 2058 3371 commenda-

1653 3382 1684 3418 L
1711 3382 1723 3414 l
1937 3390 1988 3414 tus
2000 3403 2008 3412 .
