2346 3724
660 172 1075 219 Capit

230 259 348 296 stolam
360 259 401 294 ad
412 256 566 302 Ephesios
577 259 716 303 appellat
726 261 765 296 ad
779 258 1011 296 Laodicenses.
1038 257 1101 292 At·

229 320 337 345 tamen
349 320 417 343 non
430 308 557 342 vitiavit
570 320 685 344 omnes
693 333 703 349 ‚
729 312 781 346 sed
791 309 961 354 epistolam
971 308 1012 343 ad
1027 307 1100 342 Phi-

230 361 391 395 lemonem
413 358 539 392 dimisit
557 359 709 394 intaetam
722 387 730 393 .
757 361 806 396 Ita
821 360 975 395 testantur
994 358 1101 393 lauda-

227 420 282 445 tus
302 407 529 453 Epiphanius,
554 420 592 443 ac
614 410 649 443 in
666 413 796 445 suornm
813 412 902 454 super
922 409 1016 443 istam
1036 408 1099 450 epi·

226 459 345 494 stolam
356 459 679 494 Commentariorum
692 460 868 504 prefatione
880 461 1011 494 Sanetus
1020 458 1101 491 Hie-

226 520 387 553 ronymus
401 533 408 541 .
437 509 481 543 Et
502 520 543 543 ex
565 507 628 543 hac
646 511 752 544 forsan
775 511 869 545 causa
890 507 1101 552 Nicephorus

225 559 380 594 Calixtus
399 558 486 592 dixit
510 570 629 593 novem
652 559 861 594 solummodo
881 560 986 594 Sancti
1006 558 1100 592 Pauli

225 609 378 654 epistolas
399 609 492 643 fuisse
512 609 530 643 ὲ
555 610 728 645 Marcione
749 610 900 644 admissas
925 634 933 641 .
967 608 1100 652 Utique

224 670 300 695 cum
311 658 484 693 vitiatione
497 683 505 690 .
531 659 655 701 Ratio,
680 670 737 694 cur
759 659 851 694 istam
863 659 1016 693 Marcion
1030 670 1098 693 non

223 709 349 743 vitiarit
365 734 377 750 ,
404 709 529 742 videtur
551 709 658 744 lucida
677 721 684 741 :
716 710 806 757 Qia
832 709 949 753 nempe
971 707 1110 743 nullum-

222 756 321 794 habet
333 759 557 793 testimonium
573 760 701 804 antiqui
711 760 917 795 Testamenti
930 783 956 801 ,„
967 758 1096 793 nullum

223 808 384 853 singulare
398 809 571 853 Evangelii
582 810 715 853 Dogma
725 834 732 841 .

274 860 319 893 Et
332 858 414 893 istaec
426 860 592 893 Sacrarum
614 859 812 893 Litterarum
824 859 955 893 vitiatio
968 869 1037 893 non
1052 857 1097 893 est

222 909 394 943 modicum
416 908 543 942 facinus
553 933 561 939 .
588 907 643 941 Ad
671 908 777 942 Sancti
791 908 960 953 Prophetae
981 907 1097 953 Aggaei

87 974 161 1013 ςψ,
182 976 210 1004 χ’,
224 958 320 993 verba
334 983 345 999 ,
373 962 472 991 Meum
492 956 529 997 est
552 966 727 1005 argentum,
753 960 892 993 &meum
913 958 950 998 est
973 969 1098 996 aarum,

223 1010 297 1042 dicit
319 1011 463 1041 Dominus
482 1009 696 1048 Exercituum,
723 1009 881 1052 quispiam
902 1008 984 1041 olim
1008 1006 1097 1041 addi-

222 1059 335 1093 derat:
354 1064 396 1092 Et
417 1063 462 1090 cui
483 1058 566 1098 volo,
592 1057 669 1089 dabo
686 1059 765 1091 illud
783 1081 791 1088 .
820 1056 1096 1091 Existimossfu‘iffe

218 1107 434 1151 marginalem
455 1104 697 1148 Paraphrafim‚
723 1118 793 1151 quas
815 1108 948 1141 tandem
966 1106 1095 1150 irrepse-

218 1157 264 1193 rit
287 1158 324 1190 in
345 1165 471 1190 textum
484 1180 492 1187 .
519 1154 610 1190 Ante
633 1156 799 1191 inventam
820 1156 1094 1203 Typographiam

216 1209 372 1252 frequens
385 1206 447 1240 fuit
457 1205 517 1239 ista
528 1206 669 1240 miseria.
699 1207 763 1242 Cui
776 1219 856 1242 tunc
864 1209 993 1242 accessit
1004 1209 1035 1242 &
1049 1208 1096 1241 ni·

218 1259 286 1293 mia
308 1257 441 1291 licentia
467 1255 722 1300 interpretandi.
750 1258 935 1292 Audaciam
955 1256 1096 1303 graviter

219 1307 354 1342 damnat
388 1307 423 1340 in
443 1306 604 1350 trigesima
626 1317 738 1350 quarta
764 1309 857 1351 super
880 1308 1015 1351 primam
1051 1308 1091 1341 ad

219 1355 416 1392 Corinthios
437 1356 608 1398 epistolam
631 1355 771 1390 homilia
801 1357 934 1392 Sanstus
956 1358 1096 1400 Joannes

218 1406 476 1450 Chrysostomus
487 1429 498 1445 ,
523 1406 659 1439 affirmat
672 1408 694 1438 ἃ
704 1408 786 1450 vulgi
787 1406 919 1448 faecibus
927 1407 1095 1447 induc‘lam,

216 1465 316 1500 atque
341 1455 543 1497 prosequitur
565 1468 572 1488 :
599 1459 652 1489 Ne
671 1456 841 1498 vestimento
867 1462 953 1501 Regio
973 1469 1094 1490 aranea-

215 1516 283 1540 rum
292 1506 384 1538 telam
393 1506 568 1537 inducamus
581 1529 588 1536 .
615 1509 702 1538 Nam
705 1506 737 1548 fi
739 1511 808 1549 qseIs
815 1506 916 1549 fuerit
929 1507 1090 1550 depreben-

210 1554 265 1599 [ιιι
285 1561 317 1588 in
334 1557 474 1595 Purpura
495 1555 624 1596 deforme
634 1553 807 1600 subtegmen
819 1566 974 1591 contexens
987 1583 998 1599 ,
1025 1559 1092 1591 ulii·

215 1617 296 1639 mum
308 1605 397 1639 dabit
411 1602 606 1646 supplicium.
633 1608 727 1641 Multo
738 1613 836 1652 magis
859 1607 1071 1652 spiritualibus
1086 1633 1092 1641 .

215 1659 323 1698 Neque
338 1660 414 1688 enim
424 1656 489 1688 leve
500 1654 569 1688 hinc
579 1663 674 1690 oritur
688 1665 841 1699 peccatum
850 1684 857 1690 .
887 1662 934 1691 Et
945 1660 1020 1701 quid
1028 1661 1091 1692 dico

213 1717 256 1740 en
279 1706 431 1738 additione
455 1706 505 1737 vel
525 1704 697 1741 ablatione?
719 1702 981 1752 'Expuno‘losolm
1009 1709 1091 1743 &ex

210 1753 277 1799 sola
285 1755 416 1789 leeionis
433 1753 575 1795 fimulata
585 1756 704 1791 lenione
713 1753 837 1814 absurdi
854 1757 936 1802 saep?
945 1765 1002 1791 orti
1017 1758 1090 1802 sunt

207 1802 330 1850 sensus.
358 1804 440 1838 Haec
461 1813 571 1839 tantus
591 1807 719 1841 Doctor
740 1809 900 1843 declamat
922 1811 957 1843 in
970 1810 1090 1843 fanum

211 1865 256 1890 ex
277 1854 482 1898 simplicitate
508 1855 767 1904 additamentum
790 1883 797 1889 .
834 1859 905 1907 Qi
943 1860 1021 1893 talia
1047 1859 1088 1894 ad

209 1904 507 1939 transformandnm
520 1904 726 1950 Evangelicae
746 1907 986 1951 praedicationis
998 1910 1091 1954 Dog-

209 1966 267 1990 ma
290 1963 474 1993 attentant,
505 1955 536 1987 se
558 1956 757 1999 praecipitant
784 1957 818 1991 in
840 1970 976 2002 poenas,
1011 1970 1090 2003 quas

209 2006 275 2039 iuae
296 2004 495 2048 Apocalypsi
520 2007 671 2048 apposuit
694 2007 826 2040 Sanstus
836 2008 976 2050 Ioannes
1000 2009 1086 2052 Apo·

210 2053 314 2087 stolus
323 2066 332 2084 :
363 2052 512 2092 contestor
534 2060 619 2087 omns·
629 2057 764 2089 audienti
774 2058 868 2091 verba
879 2056 1046 2100 Prophetiae
1055 2059 1088 2092 li·

209 2103 261 2137 bri
271 2101 361 2142 huJ’us
374 2124 385 2141 ‚
403 2100 431 2143 fi
442 2106 510 2144 quis
524 2102 694 2146 apposuerit
702 2107 748 2139 ad
755 2106 820 2141 baec
830 2132 840 2148 ,
867 2117 996 2151 apponet
1007 2112 1088 2142 Deus

208 2150 299 2197 [uper
313 2153 394 2186 illum
410 2153 521 2196 plagas
526 2151 657 2196 scriptas
669 2161 702 2188 in
718 2156 794 2190 libro
818 2158 883 2199 isto.
913 2163 958 2192 Et
970 2158 1001 2201 fi
1019 2165 1087 2201 quis

210 2203 386 2236 diminuerit
402 2203 439 2235 de
449 2202 548 2236 verbis
569 2203 637 2237 libri
649 2205 818 2247 Prophettae
830 2207 921 2248 huius
934 2234 945 2251 ‚
972 2209 1089 2250 auferet

210 2256 295 2286 Deus
301 2261 424 2295 partem
436 2254 496 2293 ejus
508 2253 545 2285 de
555 2253 631 2286 libro
641 2260 717 2288 vitae
727 2279 738 2295 ,
765 2258 800 2290 ἐν
826 2259 862 2290 de
873 2261 1011 2291 Civitate
1017 2257 1086 2300 fim-

209 2302 262 2336 ἆα
276 2327 288 2343 ,
313 2304 348 2337 ά·
363 2303 402 2335 de
421 2301 469 2334 his
481 2313 547 2344 quae
555 2301 671 2346 sbripta
687 2303 803 2347 suntin
816 2306 890 2341 libro
901 2308 950 2348 isto
963 2333 970 2341 .
997 2307 1087 2342 Nam

208 2351 434 2387 &Divalibus
461 2351 691 2387 Romanorum
715 2355 949 2397 imperatorum
971 2357 1089 2390 litteris

207 2400 326 2444 injecta
339 2401 407 2434 falfi
420 2411 536 2434 manus
553 2401 597 2434 est
610 2401 732 2436 crimen
745 2403 822 2437 laesae
833 2403 1030 2448 Majeslatis.
1047 2405 1088 2439 Et

208 2448 290 2484 hinc
302 2450 417 2484 SanCto
430 2449 556 2493 Justino
564 2472 575 2489 ‚
604 2449 803 2495 Prophetica
820 2453 861 2488 de
874 2447 1006 2489 Christo
1017 2456 1084 2490 Do-

207 2500 305 2535 mino
317 2499 507 2534 testimonia
521 2501 670 2535 asserenti
683 2502 701 2535 a
712 2503 841 2546 perfidis
862 2504 976 2548 Judaeis
999 2506 1090 2541 falsa-

208 2558 265 2585 ta:
277 2560 345 2584 non
358 2548 487 2593 penitus
498 2549 582 2584 male
593 2552 759 2595 respondit
769 2553 936 2598 Tryphon
951 2557 1087 2601 Judaeus:

207 2604 259 2633 An
266 2607 323 2642 pro
341 2611 372 2632 eo
383 2609 474 2642 atque
492 2605 560 2639 ais,
584 2606 616 2634 in
639 2604 800 2644 ScripturIs
823 2605 943 2648 aliquid
957 2609 1090 2640 detraxe-

207 2655 274 2684 rint
288 2656 341 2682 aut
350 2648 589 2691 depravaverant
603 2654 756 2694 Principes
763 2657 865 2696 populi
875 2680 886 2696 ,
916 2659 997 2690 Deus
1013 2657 1090 2700 scire

207 2697 300 2743 potest
313 2722 324 2737 ‚
349 2700 470 2732 'videtur
491 2709 591 2733 autem
611 2700 660 2735 hoc
681 2704 851 2738 incredibile
872 2730 879 2737 .
915 2708 1090 2742 Incredibile

204 2747 360 2792 prqfeHo,
386 2760 433 2791 ego
454 2749 539 2790 dixi,
568 2751 710 2784 videtur.
739 2756 840 2798 Magis
863 2761 943 2788 enim
963 2757 1001 2797 est
1027 2757 1089 2791 bor-

209 2799 355 2838 rendum,
382 2801 473 2841 quam
494 2800 585 2833 vituli
607 2800 779 2844 consecratio
792 2829 803 2844 ‚
830 2816 919 2847 quam
944 2812 976 2839 in
998 2814 1088 2841 terris

206 2848 344 2892 fecerunt
352 2872 363 2888 ‚
389 2853 441 2890 qui
454 2860 566 2882 manna
575 2852 620 2883 ad
624 2849 818 2894 saturitatem
825 2855 952 2895 suerunt
964 2859 1087 2899 impleti.

208 2903 257 2933 Bt
278 2901 371 2941 qudrn
393 2897 564 2932 Liberorum
577 2903 739 2936 Doemoniis
763 2905 958 2939 maHatorum
975 2906 1087 2951 sacrifi<

208 2955 286 2983 eiam
298 2973 309 2989 ‚
335 2955 388 2980 aut
402 2947 616 2989 Prophetarum
626 2951 755 2994 ipsorum
766 2954 871 2996 occifio.
903 2957 952 2990 Hi
956 2968 996 2991 nc
1009 2958 1086 2992 item

208 3009 346 3034 omnem
360 2997 540 3032 sanctorum
552 2998 722 3036 dumtaxat
735 3003 868 3039 Parrum
883 3007 1085 3043 vitiationem

209 3048 354 3084 Ecclesia
368 3048 490 3091 semper
504 3049 635 3091 punivit
645 3052 739 3094 plena
762 3066 799 3088 ac
813 3056 1014 3099 irreparabili
1037 3057 1086 3092 de-

208 3098 405 3145 gradatione
414 3122 421 3129 .
449 3097 541 3132 Hinc
554 3097 632 3134 item
644 3101 777 3138 sanans
788 3105 975 3141 Anastasius
986 3104 1084 3142 Sinai-

208 3160 244 3183 ια
254 3148 384 3183 erudito
395 3148 452 3182 suo
463 3147 551 3191 operi
564 3150 699 3192 praesixit
719 3150 804 3188 hanc
826 3166 951 3198 precem
965 3169 972 3188 z
1002 3158 1086 3192 obte-

205 3198 319 3241 stamur
331 3210 401 3238 eos,
428 3204 480 3241 qui
490 3198 600 3231 librum
618 3199 693 3234 hunc
715 3203 923 3247 transcripturi
935 3206 1028 3250 fient,
1054 3218 1086 3242 ut

211 3247 324 3282 Scholia
345 3249 491 3290 adiiciant
512 3273 523 3289 ,
550 3250 738 3294 accensusque
756 3257 892 3288 accurate
913 3255 1085 3300 observent,

206 3298 365 3339 &pundla
375 3310 410 3332 ac
428 3298 627 3342 simi-punc‘la
638 3325 649 3341 ,
678 3303 711 3335 Θ
722 3302 789 3346 ipsa
801 3310 892 3339 etiam
899 3305 1085 3352 soloeca,seu

305 3396 415 3437 chrisi.
425 3401 505 3441 Lupi
515 3402 614 3442 Opera
624 3404 658 3436 T.
673 3405 732 3437 IX.

1143 187 1162 218 1
1229 185 1252 217 S

203 3344 355 3390 solecismi
362 3346 490 3390 speciem
498 3348 757 3392 praeseferentia.
786 3356 871 3398 ,Quia
887 3357 964 3390 alias
973 3370 1086 3403 quoque
1150 3350 1178 3391 fi
1201 3354 1366 3394 recipiendo
1378 3360 1565 3394 corrumpunt
1575 3377 1586 3393 ‚
1598 3353 1643 3387 ill}
1654 3352 1820 3387 abdicando
1832 3359 2018 3396 impugnant.

1354 170 1402 217 X
1435 171 1480 216 V
1516 169 1538 213 I
1571 170 1610 214 I·
1887 184 1985 229 169

1165 259 1294 300 imperiti
1313 256 1437 299 quidam
1454 255 1582 297 nostrum
1607 256 1808 301 dogmaticum
1835 267 1944 296 romum
1966 260 2042 306 blas-

1163 307 1292 350 phemiis
1313 312 1347 339 in
1378 305 1571 350 descriptione
1592 308 1785 349 oppleverant
1807 333 1815 340 .
1851 311 1950 357 Qod
1964 324 2044 347 ean-

1166 358 1262 398 dem,
1289 356 1324 390 &
1342 357 1476 400 quidem
1494 357 1554 391 sub
1579 356 1788 391 anathemate
1811 382 1822 398 ,
1858 360 2046 397 obtestatio-

1166 418 1242 442 nem
1261 407 1326 440 suis
1352 406 1442 441 libris
1464 405 1666 450 subjunxerit
1704 408 1838 442 Sanetus
1860 408 1962 442 etiam
1984 411 2045 444 lte-

1166 468 1275 497 naeus,
1301 455 1433 490 testatur
1461 456 1622 491 Eusebius
1643 456 1865 491 Caesateensis.
1894 456 1968 491 Nos
1989 458 2044 494 hie
2065 452 2124 484 Lib?
2147 461 2174 490 5·

1165 508 1291 553 agimus
1302 506 1344 540 de
1355 506 1422 540 sola
1433 506 1606 542 vitiatione
1616 507 1784 542 Sacrarum
1793 507 2004 542 Litterarum.
2062 501 2124 532 ΒΡ·
2134 503 2179 530 19-

1216 556 1260 591 Et
1280 557 1313 590 in
1338 555 1404 591 hoc
1428 554 1595 591 horrendo
1608 556 1936 592 facinore'sceleratus
1957 557 2045 592 Mar—

1165 607 1243 641 cion
1266 605 1379 641 habuit
1391 605 1496 650 plures
1522 608 1729 642 successores.
1757 607 1861 655 Qod
1884 608 1943 640 suo
1967 616 2048 641 tem-

1166 668 1243 700 pore
1260 656 1337 690 esset
1358 655 1514 690 haereticis
1526 657 1706 698 familiare,
1733 658 1891 692 testantur
1910 658 1944 690 in
1959 657 2044 691 libro

1164 706 1205 739 de
1215 708 1341 740 unitate
1362 707 1512 741 Ecclefiae
1535 708 1670 741 Sanetus
1681 708 1889 751 Cyprianus,
1915 719 1953 742 ac
1966 707 2045 740 San-

1164 758 1233 789 &us
1253 757 1432 799 Dionysius
1448 757 1629 800 Episcopus
1651 756 1905 791 Corinthiorum
1927 781 1936 789 .
1973 758 2043 791 Hic

1164 806 1249 849 apud
1263 806 1519 841 Ecclesiasticam
1532 807 1704 842 memorati
1717 807 1851 842 Eusebii
1875 806 2042 841 historiam

1164 856 1309 899 queritur
1321 857 1392 890 suas
1417 857 1538 891 litteras
1550 858 1642 892 fuisse
1661 857 1702 891 ab
1712 855 1871 892 haereticis
1893 857 2042 898 vitiatas,

1163 917 1202 939 ac
1222 907 1346 950 pergit:
1373 910 1439 940 Nec
1450 909 1558 940 mirum
1569 908 1659 946 certe,
1683 907 1716 949 fi
1737 910 1862 951 quidam
1874 910 2042 941 Dominicas
2061 918 2157 955 [ηιμ

1163 957 1336 998 impiarum
1343 958 1447 990 dedita
1462 966 1552 1000 opera
1561 960 1734 999 depravare
1753 956 1950 1003 aggreffifint,
1977 958 2042 991 cum
2059 968 2179 998 ειμι).-

1163 1005 1218 1038 has
1231 1018 1313 1039 meas
1324 1030 1335 1047 ‚
1360 1018 1426 1049 quae
1435 1009 1511 1041 certe
1522 1019 1579 1041 non
1593 1006 1668 1051 sunt
1689 1010 1756 1049 ejus
1763 1014 1881 1052 generis
1892 1032 1904 1048 ,
1930 1008 2043 1041 adulte·

1163 1067 1230 1088 rare
1243 1056 1412 1096 studuerint
1424 1082 1432 1089 .
1463 1058 1505 1091 Et
1531 1057 1683 1102 adjungit
1700 1057 1741 1092 de
1753 1058 1914 1093 ambobus
1927 1071 1938 1091 .·
1965 1060 2043 1101 ,Qui-

1162 1105 1218 1138 bus
1236 1107 1332 1147 plan?
1344 1117 1397 1138 vae
1417 1111 1450 1139 in
1466 1115 1633 1140 extremum
1647 1109 1794 1148 judicium
1814 1109 1852 1148 est
1872 1107 2022 1149 repositum
2035 1132 2043 1139 .

1162 1154 1316 1188 Omnino
1326 1165 1421 1189 notat
1434 1156 1651 1190 Marcionitas
1662 1181 1669 1187 .
1700 1157 1809 1190 Etiam
1823 1156 1865 1190 de
1876 1157 2044 1198 Tatiano,

1163 1204 1405 1239 Encratitarum
1426 1204 1600 1249 Principe,
1626 1218 1665 1240 ac
1691 1207 1872 1240 Marcionis
1894 1207 2043 1246 surculo,

1163 1254 1273 1289 scribit
1286 1255 1354 1298 ipse
1369 1255 1551 1290 Eusebius.-
1577 1261 1664 1291 Hunc
1675 1258 1766 1297 ajunt
1784 1257 1940 1290 nonnullas
1953 1257 2044 1289 Pauli
2062 1266 2131 1304 Cap,
2150 1276 2197 1300 27·

1163 1305 1285 1346 Apostoli
1296 1316 1382 1340 voces
1394 1329 1405 1345 ‚
1432 1309 1533 1348 utpote
1545 1307 1743 1349 quidic‘honis
1763 1317 1798 1339 ac
1823 1307 1958 1348 loquendi
1968 1318 2044 1339 com-

1158 1354 1324 1395 positionem
1348 1362 1380 1387 in
1401 1357 1462 1388 illis
1483 1363 1621 1400 corrigere
1642 1358 1793 1389 moliretur
1807 1380 1818 1397 ,
1844 1356 1986 1389 audacqar
2006 1367 2042 1389 ac

1162 1406 1268 1436 temere
1290 1406 1483 1448 commutaffe.
1512 1408 1647 1439 Sanctus
1673 1405 1795 1440 Paulus
1818 1407 1987 1449 profitetur
2008 1407 2041 1440 se

1162 1454 1275 1488 Graeco
1299 1455 1447 1488 sermone
1467 1455 1561 1488 fuisse
1583 1456 1792 1499 imperitum.
1821 1456 1897 1490 Hac
1915 1457 2042 1490 confes-

1160 1504 1250 1536 sione
1269 1504 1386 1538 abusus
1407 1504 1594 1545 Tatianus,
1622 1505 1777 1548 quasdam
1798 1505 1867 1548 ejus
1888 1505 2041 1548 epistolas

1159 1552 1315 1597 projecit,
1343 1553 1499 1596 quasdam
1522 1555 1681 1598 corrigere
1700 1555 1896 1594 attentavit,
1924 1555 1958 1588 id
1970 1554 2014 1588 est
2027 1579 2040 1595 ‚

1158 1601 1310 1638 scelerate
1333 1604 1522 1647 depravavit
1542 1628 1550 1635 .
1587 1604 1631 1638 Et
1650 1604 1691 1638 de
1711 1605 1835 1638 cundiis
1856 1605 2040 1649 generatim

1159 1654 1326 1688 Gnosticis
1339 1653 1447 1688 scribit
1458 1654 1493 1688 in
1507 1653 1649 1689 Panario
1668 1655 1800 1689 sanetus
1814 1653 2037 1698 Epiphanius:

1158 1708 1232 1737 Tam
1256 1710 1352 1738 veteri
1373 1706 1464 1749 quim
1485 1716 1561 1738 novo
1572 1711 1699 1739 utuntur
1717 1705 1925 1744 instrumento.
1955 1707 2039 1740 Licet
2057 1729 2155 1761 Hae‘es
2168 1733 2204 1760 26

1156 1767 1222 1788 eum
1234 1780 1244 1796 ,
1269 1761 1322 1797 qui
1333 1761 1371 1788 in·
1385 1761 1485 1790 veteri
1504 1759 1616 1789 locutus
1629 1755 1669 1796 est
1679 1780 1690 1796 ,
1717 1755 1856 1789 abdicent
1871 1780 1878 1787 .
1906 1759 1951 1789 Ee
1975 1761 2041 1798 qui·
2056 1778 2120 1809 cap·
2130 1752 2159 1800 6}
2204 1750 2214 1758 ⁰

1157 1807 1223 1838 dem
1234 1811 1346 1848 quoties
1354 1815 1456 1839 'votem
1478 1809 1614 1849 aliquam
1626 1810 1777 1847 reperiunt
1786 1828 1796 1844 ‚
1821 1816 1887 1848 quae
1899 1809 2039 1849 Dogmati

1151 1853 1204 1897 suo
1213 1860 1393 1888 contrariam
1398 1855 1581 1899 sententiam
1599 1856 1708 1890 babere
1721 1857 1846 1890 videtur
1858 1880 1869 1896 ,
1895 1855 1934 1889 ab
1947 1856 2040 1897 hujus

1155 1906 1259 1938 mundi
1270 1907 1414 1948 Principe
1423 1907 1591 1949 profetiam
1610 1909 1660 1950 effe
1672 1908 1850 1949 'praedicant
1863 1932 1870 1939 .
1899 1907 1942 1941 Et
1958 1907 2041 1940 dum

1156 1955 1520 1998 suophantasmatinon
1537 1960 1665 2001 possunt
1687 1955 1958 1996 accommodare,
1985 1956 2045 1990 ab*-

1156 2006 1327 2039 scindunt.
1358 2006 1563 2050 Epiphanius
1573 2007 1718 2043 additde
1732 2006 1920 2041 Ebionitis:
1946 2006 2040 2049 ,Quod
2058 2002 2158 2034 Haeres·
2167 2012 2215 2041 30·

1152 2062 1241 2095 penes
1261 2055 1325 2087 illos
1348 2055 1387 2095 est
1409 2057 1551 2090 Matthaei
1572 2057 1777 2100 Evangelium
1797 2081 1808 2097 ‚
1834 2067 1870 2089 ne
1889 2061 2039 2099 integrum
2055 2052 2119 2083 αἱΡ·
2145 2052 2191 2080 ¹3·

1154 2106 1274 2146 quidem
1298 2104 1407 2138 habent
1420 2130 1430 2146 ‚
1453 2105 1512 2149 sed
1519 2108 1721 2139 adulteratum
1740 2117 1776 2139 ac
1795 2114 1943 2139 mutatum
1955 2131 1962 2139 .
1988 2107 2039 2139 1d-

1154 2164 1208 2196 que
1229 2153 1324 2197 ipsum
1348 2155 1525 2188 Hebraicum
1541 2165 1651 2189 vocant
1672 2180 1679 2188 .
1707 2156 1921 2191 Demonstrat
1948 2154 2040 2200 quod

1155 2203 1259 2246 ipsum
1288 2204 1321 2235 in
1345 2204 1457 2238 multis
1479 2205 1512 2239 &
1535 2206 2036 2241 truncaverim&alterave-rint.

1156 2252 1325 2286 Enunum
1338 2263 1479 2298 utroque
1500 2256 1646 2289 facinore
1658 2257 1887 2292 laesum-locum
1903 2282 1910 2289 .
1935 2257 2040 2291 Disci-

1154 2302 1223 2344 puli
1243 2302 1312 2335 illic
1325 2303 1550 2348 interrogant:
1577 2307 1695 2339 Ubivis
1707 2313 1848 2347 paremus
1870 2307 1927 2340 ribi
1949 2318 2039 2340 come-

1154 2352 1222 2382 dere
1234 2349 1369 2392 Pascha.
1398 2352 1441 2385 Et
1457 2355 1624 2388 Dominus
1644 2357 1831 2398 respondet:
1859 2361 1946 2390 Num
1969 2356 2039 2398 defi·

1153 2400 1234 2432 derio
1244 2398 1404 2440 defideravi
1422 2401 1473 2435 hoc
1485 2401 1605 2446 Pascha
1624 2415 1743 2438 carnem
1756 2408 1932 2440 manducare
1942 2405 2038 2450 vobis-

1152 2448 1242 2482 cum?
1268 2450 1349 2496 Qio
1372 2462 1484 2486 carnes
1506 2464 1621 2488 natura
1640 2457 1759 2496 malas,
1790 2455 2039 2501 ideoqueaoo-

1152 2500 1246 2532 mino
1269 2511 1337 2533 non
1353 2501 1446 2536 fuifle
1464 2503 1622 2538 comestas
1632 2505 1794 2540 evinceret
1806 2531 1817 2547 ,
1843 2506 1954 2540 Ebion
1967 2518 2040 2551 pro·

1153 2550 1240 2593 rupit
1264 2549 1298 2583 in
1324 2550 1409 2585 istud
1431 2552 1655 2598 sacrilegium.
1685 2556 1794 2590 Etiam
1815 2557 1856 2591 de
1873 2555 2037 2591 Cerintho

1152 2598 1262 2633 scribit
1286 2599 1513 2644 Epiphanius:
1546 2605 1741 2639 cerinthiani
1763 2609 1932 2651 Evangelio
1955 2609 2038 2640 Mat·
2056 2612 2205 2645 Haerefi28.

1151 2648 1225 2681 rhaei
1239 2661 1297 2681 non
1309 2655 1420 2695 integro
1432 2676 1442 2691 ,
1464 2652 1524 2696 sed
1542 2665 1580 2687 ex
1597 2663 1687 2697 parte
1707 2657 1867 2690 dumtaxat
1889 2666 2014 2691 utuntur
2027 2682 2036 2690 .
2053 2663 2152 2691 C²P·5·

1150 2701 1304 2731 Nimirum
1317 2708 1437 2743 propter
1442 2706 1665 2748 genealogiam,
1694 2715 1768 2748 quae*
1787 2706 1825 2746 est
1848 2713 1947 2739 carnis
1965 2715 2036 2747 pro·

1146 2756 1218 2792 pria
1231 2773 1238 2780 ·
1264 2749 1395 2794 Utique
1407 2752 1451 2786 ob
1463 2755 1693 2798 genealogiam
1714 2767 1755 2788 ex
1771 2755 1928 2798 Virgine.
1959 2756 2035 2797 Epi-

1150 2799 1292 2843 phanius
1304 2800 1452 2845 adjungit
1464 2826 1475 2842 ‚
1494 2802 1583 2844 quod
1597 2814 1730 2846 uterque
1744 2804 1941 2847 Apostolum
1953 2803 2034 2838 Pau-

1150 2853 1241 2889 lum,
1267 2851 1317 2883 uti
1339 2852 1422 2894 legis
1443 2851 1622 2893 apostatam
1648 2852 1797 2895 abjiciat.
1827 2853 1920 2900 Qin
1936 2855 1970 2888 ὃ(
1984 2854 2032 2887 Ε-

1150 2900 1227 2934 bion
1250 2901 1375 2943 ipsum,
1404 2900 1495 2943 quod
1509 2900 1698 2936 Tharsensis
1717 2903 1814 2941 esset,
1839 2903 1923 2939 dixit
1937 2903 2031 2939 fuine

1149 2950 1306 2995 gentilem
1318 2974 1329 2991 ‚
1354 2950 1388 2983 &
1400 2950 1601 2994 proselytum
1614 2977 1624 2992 ‚
1648 2964 1686 2987 ac
1697 2953 1826 2987 tandem
1837 2954 2028 2998 apostatam.

1151 3000 1254 3047 Qod
1277 2999 1362 3033 istud
1389 3002 1561 3035 truncandi
1578 3003 1759 3036 &vitiandi
1782 3004 1909 3038 facinus
1929 3004 2027 3038 fuerit

1148 3062 1246 3084 etiam
1259 3049 1454 3085 Manichaeis
1474 3051 1757 3087 familiariffimum
1770 3077 1781 3093 ‚
1807 3054 1852 3088 est
1869 3054 2025 3088 omnibus

1148 3111 1264 3135 notum
1281 3125 1288 3132 .
1316 3101 1359 3134 Et
1369 3100 1409 3135 de
1422 3100 1675 3135 priscillianistis
1697 3102 1805 3138 scribit
1817 3105 1857 3138 ad
1870 3105 2023 3138 San-{ium

1148 3150 1355 3185 Thuribium
1387 3150 1630 3186 Asturicensem
1656 3153 1856 3197 Episcopum
1883 3164 2022 3198 magnus

1147 3202 1218 3236 Leo
1232 3214 1240 3234 :
1268 3205 1314 3234 Et
1318 3200 1348 3242 fi
1355 3211 1441 3235 vetus
1455 3201 1667 3242 Testamentum
1677 3227 1688 3244 ,
1713 3205 1792 3246 quod
1804 3203 2023 3247 Prifiilliantste
2042 3221 2126 3259 Epist·
2135 3233 2184 3258 92·

1143 3251 1176 3294 se
1180 3250 1326 3295 suscipere
1331 3251 1471 3293 simulant
1484 3275 1495 3290 ,
1520 3251 1680 3286 Manichaei
1691 3253 1827 3296 refutant
1840 3279 1851 3295 ,
1876 3255 1921 3286 ad
1932 3265 2023 3286 unum
2041 3271 2105 3300 cap,
2134 3264 2179 3290 ιε.

1146 3309 1244 3335 tamen
1261 3302 1353 3344 finem
1365 3311 1552 3344 utrorumque
1561 3303 1658 3336 tendit
1677 3309 1827 3344 intentio,
1850 3314 1917 3337 cum
1943 3304 2024 3345 quod

1601 3403 1629 3437 P
1682 3413 1700 3451 3
1903 3402 1970 3436 Pri·
