2346 3724
110 1217 171 1247 tib.
203 1220 230 1248 ιζ

107 1267 173 1297 ⁶³1³-
182 1270 229 1295 44·

230 2224 355 2272 'gratia
365 2222 593 2267 competebat,
618 2219 745 2254 videtur
760 2221 882 2254 licuiffe
908 2221 942 2255 &
964 2221 1131 2254 foeminis.

166 3177 183 3193 ³·
226 3186 237 3217 j
258 3187 367 3209 naeus:
393 3174 505 3206 Multos
529 3171 701 3203 audivimus
715 3169 834 3210 fratres
854 3175 885 3201 in
898 3168 1043 3210 Ecclesia,
1066 3177 1132 3210 pro-

201 3302 205 3307 ,
260 3273 348 3314 wrfis
369 3273 475 3316 lingat]
498 3275 665 3313 loquentes.
695 3270 790 3303 Dicit
808 3268 940 3308 fratres,
966 3280 1034 3302 non
1046 3269 1129 3303 soro-

243 2926 439 2960 1rnensarum
452 2947 460 2954 .
486 2922 580 2967 Qin
601 2921 710 2964 &ipsa
724 2921 864 2963 Deipara
879 2918 988 2962 Virgo
1002 2930 1062 2953 nec
1073 2919 1132 2954 lin-

723 150 763 195 C

242 237 306 267 eum
320 233 460 267 dentibus
472 230 610 263 Dlabolm
618 231 762 277 fremeret
776 255 785 270 ,
811 230 968 271 bianeeque
988 239 1035 260 ore
1048 238 1120 260 mor-

238 281 305 326 sum
326 289 488 316 minaretur
499 306 509 321 ‚
539 284 647 325 dignos
672 288 698 314 ei
720 285 871 314 Martinus
894 288 927 312 in
948 290 978 311 os
1001 279 1105 310 intulit·
1110 302 1118 309 .

242 335 275 366 51
296 332 387 365 babes
400 355 411 371 ,
437 336 535 374 inquit
549 356 557 370 ‚
586 332 705 374 aliquid
720 330 873 373 potestatis
889 353 900 368 ,
919 328 970 361 hoc
990 329 1117 362 devora.

242 385 319 414 Tum
330 386 402 416 vera
415 406 425 421 ,
452 394 486 415 ac
494 381 524 423 fi
530 384 662 414 candens
669 381 787 422 ferrum
801 378 944 421 faucibus
956 378 1100 420 acceplffet
1108 403 1119 418 ‚

241 432 326 475 longe*
345 433 456 466 eduens
480 431 620 464 dentibus
647 434 756 474 digitos
779 430 861 462 beati
870 435 931 461 vir}
944 428 1066 461 vitabat
1076 437 1120 460 at-

242 486 369 525 tingere.
402 482 487 516 lstud
499 482 561 516 fuit
573 482 679 515 Sancti
693 481 831 514 Martini
844 478 1002 512 charisma
1013 502 1024 518 ,
1036 478 1119 512 ideo·

240 543 309 572 que
321 533 362 566 ab
374 532 543 566 hodiernis
557 531 735 565 Exorcissis
748 542 815 563 non
832 529 1046 562 imitandum.
1076 529 1119 561 Et

243 580 286 613 d³
297 582 414 616 Sansto
428 582 600 617 Ambrosio
611 606 622 621 ‚
650 580 874 614 Florentinam
898 580 1065 612 civitatem
1078 578 1120 611 vi·

242 632 286 670 fit
296 645 361 667 rnre
372 659 382 674 ,
394 633 503 667 scribit
518 634 551 665 in
565 632 634 674 ejus
646 633 711 663 vita
723 630 857 663 Sanctus
869 628 1028 662 Paulinus
1037 627 1119 661 Pres-

241 687 341 729 byter
355 697 362 716 :
391 687 468 716 Cum
477 688 510 715 in
521 684 604 714 domo
614 681 755 720 clarifflmi
779 681 926 722 quondam
937 683 999 712 vlri
1012 681 1118 711 Decen-

243 743 290 769 tls
309 742 440 767 maneret
452 758 462 772 ,
486 733 568 775 filius
590 730 678 773 ipsius
692 729 875 773 Pansopblus
899 734 1015 762 nomine
1027 753 1037 767 ,
1062 729 1121 760 ad-

246 787 367 820 modum
384 784 531 826 parvulus
542 806 553 822 ,
579 792 643 814 cum
654 783 768 823 Spiritu
787 781 938 813 immundo
947 779 1096 812 laboraret
1112 801 1122 816 ,

240 837 396 880 frequenti
405 843 536 866 oratione
556 834 590 866 6·
600 831 776 874 impcfimne
798 842 906 862 manus
928 828 1013 871 ipsius
1024 831 1124 860 sacer-

245 888 326 920 dotis
346 882 479 928 sanatus
497 882 553 922 est.
583 882 625 914 Et
646 882 753 915 inftx:
780 882 890 913 Multos
911 877 1123 911 enam-diebus

247 938 349 973 1llis,--
357 930 498 974 Ambrofio
517 938 683 972 imponente
706 937 813 963 manus
835 941 869 962 ac
888 935 1053 970 imperante
1068 951 1079 967 ,
1103 928 1124 957 ἃ

246 984 409 1028 spiritibus
420 983 583 1015 immund&
604 982 739 1014 vidimus
761 981 811 1023 effe
820 987 982 1021 purgatos.
1012 977 1121 1015 Etiam

246 1037 402 1070 Sanssum
419 1033 598 1076 Agericum
611 1055 621 1071 ,
652 1027 893 1063 virdunensem
908 1027 1105 1069 Episcopum
1116 1050 1126 1065 ‚

247 1084 340 1128 quod
363 1084 637 1125 Energumenum
660 1078 873 1117 exorcizarit,
899 1077 932 1109 ὅ(
943 1077 1032 1111 sacro
1052 1077 1127 1109 oleo

246 1132 382 1168 unxerit
395 1155 406 1171 ,
432 1131 586 1164 &tamen
609 1128 794 1172 malignum
808 1127 967 1169 Spiritum
992 1138 1060 1159 non
1074 1137 1129 1169 po-

246 1183 347 1218 tuerit
373 1180 488 1222 ejicere
507 1204 517 1219 ,
554 1177 662 1212 scribit
688 1180 722 1210 in
751 1178 951 1210 Francorum
980 1176 1128 1210 Historia

247 1234 385 1268 Sanctus
406 1228 585 1273 Gregorius
608 1227 790 1271 Episcopus
801 1226 1007 1261 Turonenfis
1020 1251 1027 1258 .
1055 1226 1128 1259 Nec

249 1283 309 1319 ista
320 1283 448 1315 decreta
470 1281 503 1313 δε
517 1280 599 1313 fasta
613 1278 686 1310 sunt
708 1279 748 1310 ad
762 1276 994 1311 honorandum
1007 1275 1129 1310 Diabo-

247 1335 319 1368 lum
331 1358 340 1372 ,
353 1331 406 1365 sed
418 1330 458 1364 ad
471 1329 575 1373 magis
584 1327 770 1362 terrendum
784 1351 791 1359 .
820 1327 907 1374 Qris
922 1327 1011 1360 enim
1022 1325 1130 1360 ambi—

248 1394 305 1430 gat
317 1380 546 1423 Presbyterum
560 1404 570 1419 ,
596 1389 633 1413 ac
647 1378 819 1422 praesertim
834 1376 1031 1420 Episcopum
1043 1402 1052 1416 ‚
1066 1386 1130 1409 ma-

247 1436 299 1479 gis
311 1432 419 1466 timeri
431 1432 448 1464 a
462 1427 609 1463 Diabolo
621 1453 631 1468 ‚
645 1429 741 1471 quam
753 1427 927 1470 simplicem
943 1426 1131 1461 Clericum?

241 1486 358 1531 Qare
381 1480 542 1516 Nicolaus
566 1477 726 1512 Aletensrs
743 1478 923 1520 Episcopus
943 1476 988 1510 est
1011 1476 1064 1510 hic
1077 1488 1129 1519 pa·

242 1533 312 1568 lam
326 1530 546 1565 hallucinatus
558 1553 565 1560 .
595 1527 700 1561 Porro
713 1527 884 1571 primitivae
897 1527 1044 1560 Ecclefiae
1057 1525 1127 1560 cha·

242 1583 376 1619 xismata
399 1579 516 1614 cessare
538 1588 706 1621 coeperunt
733 1576 857 1610 dudum
875 1585 951 1610 ante
973 1575 1130 1610 Laodice-

243 1644 326 1668 nam
338 1630 511 1674 Synodum
528 1654 535 1661 .
559 1628 655 1662 Hinc
665 1622 769 1670 aliqui
786 1628 919 1661 censent
931 1627 1030 1660 etiam
1042 1636 1130 1660 exor-

246 1682 377 1717 cizandi
393 1689 511 1713 munus
525 1677 648 1711 dudum
672 1688 766 1712 antea
779 1677 872 1710 fuisse
885 1688 938 1719 per
953 1677 1131 1720 Episcopos

245 1734 444 1767 reservatum
458 1728 534 1762 solis
545 1727 685 1762 Clericis
694 1750 702 1758 .
733 1728 779 1761 At
794 1728 1045 1760 reservationem
1058 1726 1132 1759 fuis-

247 1784 280 1816 se
292 1779 477 1826 generalem
493 1803 504 1819 ,
530 1778 670 1821 ideoque
693 1776 853 1821 quosdam
864 1777 983 1811 Laicos
995 1787 1054 1810 cen
1061 1775 1131 1808 suis-

245 1835 280 1867 se
292 1831 466 1866 restristam
478 1828 518 1862 ad
532 1827 684 1862 Basilicas
694 1829 715 1866 ‚¹
730 1837 830 1869 atque
855 1829 899 1859 ita
920 1824 1141 1871 antiquorum

245 1893 341 1917 more
357 1888 453 1914 >extra
465 1878 548 1920 ipsas
567 1876 792 1918 perseveraffe.
822 1874 867 1906 Et
877 1873 1026 1907 adversus
1049 1873 1140 1906 hanc'

243 1932 446 1975 opinionem
471 1925 635 1961 emanasse
670 1924 899 1958 Laodicenum
937 1923 1110 1959 Canonem
1125 1948 1132 1955 .

245 1982 316 2017 Res
329 1980 451 2013 incerta
461 1984 548 2010 caret
568 1974 642 2006 fidis
661 1973 861 2006 testimoniis
875 1995 882 2002 .

300 2031 344 2061 Et
359 2027 438 2059 hinc
451 2023 604 2067 quaeritur
617 2045 628 2061 ,
655 2021 705 2053 Ex
717 2032 785 2064 quo
797 2019 1014 2054 fundamento
1027 2019 1133 2054 noster

247 2078 377 2113 Dono:
390 2073 627 2108 Haereticorum
640 2071 793 2105 foeminas
806 2095 816 2111 ‚
825 2071 1011 2104 exorcizare
1020 2070 1110 2104 ausas
1123 2093 1134 2109 ,

245 2136 364 2172 arguat
377 2122 606 2168 procacitatis?
634 2119 737 2168 Qod
759 2121 851 2155 enim
871 2120 1050 2159 omnibus,
1077 2129 1133 2153 aut

246 2178 325 2213 sane
338 2173 484 2220 plurimis
498 2171 648 2207 fidelibus
658 2183 697 2205 ex
710 2172 867 2205 consueta
885 2182 964 2204 tunc
977 2170 1132 2213 Baptismi

836 164 861 191 A
935 164 955 191 l'
1027 162 1044 190 Ι
1115 160 1141 189 Τ

249 2279 296 2311 Et
309 2276 424 2311 nostrae
446 2274 547 2308 etiam
575 2271 726 2305 mulieres
751 2270 902 2305 videntur
921 2270 1006 2304 istud
1030 2270 1132 2313 ipsum

247 2340 330 2362 tunc
339 2324 482 2360 omnino
494 2321 591 2366 egiffe
602 2346 609 2353 .
642 2318 842 2363 Respondeo
853 2320 964 2355 locum
975 2320 1037 2353 effe
1049 2319 1130 2353 diffi-

249 2378 349 2411 cilem
368 2400 379 2416 ,
404 2374 447 2408 de
468 2384 536 2415 quo
559 2371 670 2405 audire
695 2371 828 2405 mallem
847 2395 858 2410 ‚
885 2381 985 2412 quam
1005 2370 1132 2404 dicere.

252 2425 453 2470 Respondeo
474 2423 574 2467 igitur
598 2421 762 2463 primitiva
788 2420 844 2454 illa
880 2421 914 2454 δε
941 2420 1132 2463 temporalia

252 2474 462 2520 Baptismatis
474 2471 679 2506 Charismata
689 2471 767 2505 solis
779 2469 856 2504 viris
866 2493 878 2510 ‚
902 2481 970 2504 non
991 2469 1130 2503 mulieri·

252 2527 314 2562 bus
336 2525 431 2560 fuiffe
450 2524 590 2558 donata.
620 2521 821 2555 Cunstarum
845 2520 936 2554 enim
959 2518 1132 2564 vulgatiffi—

252 2587 346 2611 mum
360 2574 422 2608 fuit
445 2574 631 2617 linguarum
653 2571 800 2611 donum,
826 2569 917 2613 cujus
938 2569 1028 2604 nulla
1047 2568 1130 2604 utili—

256 2637 304 2661 tas
317 2625 381 2659 fuit
403 2622 612 2661 mulieribus,
638 2633 717 2665 quas
729 2620 922 2664 Apostolica
944 2619 1132 2654 lexrdocere

253 2675 386 2710 vetabat
398 2674 431 2707 in
447 2671 587 2706 Ecclesia
601 2696 611 2711 ‚
630 2672 735 2705 immo
746 2671 878 2714 &loqui
890 2694 898 2702 .
924 2669 968 2704 Et
979 2671 1131 2704 omnium

253 2722 396 2760 omnino
416 2723 547 2757 istarum
573 2721 745 2765 gratiarum
762 2721 836 2754 finis
858 2720 920 2754 fuit
940 2720 1007 2752 sola
1027 2719 1132 2763 proxi-

254 2786 386 2810 morum
406 2773 532 2807 utilitas
553 2781 651 2813 atque
675 2771 838 2804 dostrina.
868 2770 911 2803 Et
938 2769 1013 2810 ipfis
1034 2769 1131 2804 etiam

254 2826 470 2859 Hebraeorum
501 2820 729 2855 Ecclefiasticis
761 2819 866 2853 viduis
892 2818 977 2853 nihil
1013 2819 1133 2863 legitur

255 2874 442 2919 permissum
457 2871 499 2906 ab
512 2871 682 2914 Apostolis
693 2894 704 2910 ‚
732 2870 788 2903 nisi
801 2870 904 2903 solum
916 2868 1131 2904 ministerium

255 2975 331 3020 guis
349 2976 458 3008 locuta
479 2971 598 3015 legitur
614 2995 625 3010 ,
649 2981 710 3004 nec
730 2969 834 3004 ullum
847 2970 980 3012 patrasse
993 2970 1130 3004 miracu·

255 3028 347 3059 lum.
374 3023 464 3058 Nam
488 3024 519 3054 in
535 3020 742 3054 pentecostes
765 3020 819 3053 die
842 3019 900 3052 soli
924 3018 1075 3062 Apostoli
1097 3020 1131 3054 ὅ(

254 3077 397 3119 ipsorum
410 3072 560 3115 Collegae
580 3071 614 3103 in
628 3068 855 3113 praedicatione
879 3070 1002 3113 linguis
1016 3070 1131 3111 loque·-

256 3127 393 3160 bantur.
421 3123 464 3156 Et
487 3123 525 3154 de
552 3121 609 3154 suo
631 3129 777 3163 tempore
798 3117 905 3154 scribit
918 3120 1050 3153 Sanstus
1072 3119 1130 3153 Ire-

254 3226 373 3266 phen'ca
392 3223 532 3256 babentes
549 3218 744 3263 charismata
755 3242 767 3256 ‚
793 3221 827 3252 (9·
836 3228 893 3260 per
914 3221 1058 3260 spiritum
1068 3224 1130 3252 uni·

257 3335 326 3359 res.
357 3322 447 3356 Hinc
458 3333 537 3365 ergo
560 3322 718 3353 haereticas
736 3318 889 3353 mulieres
903 3342 914 3359 ,
939 3319 1028 3364 quod
1039 3330 1132 3354 exor-

355 3370 460 3412 Christ.
474 3376 552 3413 Lupi
570 3376 667 3413 Opera
676 3373 710 3402 T.
726 3372 784 3402 1X.

1213 162 1228 190 1
1300 160 1319 189 s
1437 148 1577 191 XLI.
1902 165 1995 209 349

1178 227 1299 261 cismos
1311 235 1442 271 agerent
1453 251 1464 267 ‚
1493 228 1528 260 δε
1540 227 1690 262 sanitates
1713 231 1976 273 repromitterent
1988 255 1999 271 ,
2025 230 2059 265 id

1178 277 1223 311 est
1238 301 1249 316 ,
1276 277 1333 311 suo
1353 277 1444 311 sexui
1467 288 1536 311 non
1562 276 1686 311 donata
1710 277 1910 315 Charismata
1931 281 2060 317 invade-

1179 336 1249 362 rent
1260 350 1271 368 ,
1297 326 1405 372 arguit
1425 327 1526 362 etiam
1540 327 1651 362 noster
1665 328 1858 372 Septimius.

1391 519 1572 583 Forsitan
1606 515 1666 566 <9⁴
1693 522 1850 586 tingere.

1230 678 1333 727 Qod
1347 678 1436 713 nulla
1456 676 1604 714 haeretica
1615 679 1730 714 mulier
1740 691 1781 715 eo
1794 679 1892 723 usque
1904 678 2001 714 fuerit
2013 690 2064 713 au-

1184 729 1218 762 sa
1232 731 1335 772 palam
1350 729 1533 772 baptizare,
1564 730 1688 763 Doaor
1709 730 1847 765 affirmat
1870 729 1970 763 etiam
1983 732 2017 763 in
2030 729 2070 764 li·
2086 750 2159 787 Cap¹
2180 754 2225 782 1¹73

1183 778 1241 812 bro
1262 780 1302 813 de
1324 780 1491 823 Baptismo
1507 803 1515 811 .
1543 780 1756 814 ordinarium
1780 778 1936 823 Baptismi
1963 778 2066 813 Mini-

1184 829 1283 862 strum
1306 827 1404 863 docet
1426 830 1489 863 esse
1507 830 1612 863 solum
1638 831 1837 873 Episcopum
1858 852 1868 868 ,
1894 828 2068 871 Presbyte-

1186 891 1255 912 rum
1269 905 1279 920 ,
1296 891 1343 924 vac
1357 879 1546 914 Diaconum
1561 903 1576 923 ,Ἴ
1598 880 1676 913 &in
1689 890 1833 914 extrema
1847 877 2067 913 nihilominus

1187 928 1367 964 neceffitate
1380 930 1466 973 poffe
1480 955 1489 969 ‚
1502 929 1604 964 imm&
1613 931 1646 964 &
1658 930 1774 964 debere
1785 929 1946 973 baptizare
1958 940 2068 971 quem·

1187 980 1233 1012 vis
1252 980 1407 1019 fidelem,
1433 992 1530 1023 atque
1557 981 1709 1024 adjungit
1732 994 1739 1013 :
1767 981 1944 1013 Petulantia
1969 987 2066 1012 autem

1187 1029 1362 1069 mulierum,
1388 1041 1456 1072 quae
1467 1029 1626 1072 usurpavit
1637 1034 1755 1069 docere,
1785 1036 1887 1072 utique
1907 1040 1965 1062 non
1976 1034 2068 1062 eriam

1188 1081 1323 1122 tingendi
1339 1082 1391 1121 jus
1396 1077 1453 1121 fibi
1472 1086 1597 1120 parier,
1625 1080 1681 1120 nisi
1695 1079 1794 1122 fiquae
1808 1091 1889 1114 nova
1898 1079 2070 1120 bestiaeve-

1189 1128 1368 1170 niatfimtlis
1392 1129 1544 1170 pristinae,
1570 1139 1604 1162 ut
1614 1131 1860 1171 quemadmodum
1881 1125 2072 1170 illarBathJf‘-

1189 1191 1271 1211 mum
1294 1178 1451 1219 auferebat
1467 1203 1478 1219 ‚
1505 1184 1551 1211 ita
1573 1181 1674 1221 aliqua
1692 1188 1750 1220 -per
1770 1177 1802 1220 se
1833 1190 1898 1212 eum
1921 1178 2071 1219 conferat,

1190 1230 1286 1272 ,Quod
1297 1227 1325 1269 fi
1333 1240 1400 1271 quae
1415 1229 1507 1261 Paulo
1525 1231 1686 1270 perperam
1699 1227 1856 1270 adscripta
1865 1226 1939 1270 sunt
1949 1250 1960 1265 ,
1985 1228 2028 1259 ad
2035 1228 2073 1260 li·

1189 1285 1317 1312 centiam
1331 1278 1485 1311 mulierum
1497 1280 1620 1311 docendi
1631 1303 1640 1318 ‚
1670 1280 1862 1321 fingendique
1885 1276 2073 1318 defendunt,

1189 1331 1247 1363 &a
1271 1329 1424 1362 Affirmat
1450 1330 1483 1361 in
1507 1339 1653 1361 extrema
1675 1330 1773 1362 etiam
1800 1328 1984 1361 necessitate
2004 1338 2076 1360 non

1193 1380 1279 1421 poffe
1301 1378 1462 1421 baptizare
1486 1379 1677 1416 mulierem,
1703 1378 1737 1411 ὅ(
1759 1389 1799 1411 ex
1826 1375 2018 1420 apocrypho
2035 1375 2079 1411 de

1192 1428 1285 1462 Pauli
1324 1427 1475 1470 Apostoli
1513 1438 1551 1461 ac
1586 1428 1707 1462 Sanstae
1733 1426 1872 1461 Theclae
1909 1427 2001 1461 Astis
2035 1426 2078 1466 li-

1193 1480 1252 1514 bro
1279 1478 1441 1521 perperam
1465 1476 1498 1511 id
1527 1478 1546 1511 a
1568 1477 1762 1522 quibusdam
1796 1476 1916 1511 adstrui
1943 1490 1954 1509 .·
1985 1477 2079 1515 ‚Rem

1193 1531 1255 1564 effe
1281 1527 1364 1562 adeo
1389 1528 1507 1561 claram
1534 1553 1545 1569 ‚
1580 1537 1618 1561 ut
1644 1528 1735 1561 nulla
1761 1527 1926 1570 hucusque
1962 1525 2082 1560 haerefis

1195 1578 1279 1614 istud
1313 1578 1526 1612 somniaverit
1562 1603 1569 1610 .
1618 1577 1748 1620 Cajanae
1789 1577 1879 1612 enim
1927 1575 2093 1611 haereseos‘

1194 1629 1348 1664 Sestatrix
1375 1627 1541 1674 Q-intilla
1568 1652 1579 1669 ,
1622 1628 1700 1662 licet
1721 1628 1840 1662 docere
1860 1627 2083 1671 praesumeret,

1195 1679 1360 1722 Baptisma
1395 1688 1506 1712 tamen
1539 1679 1663 1712 auferre
1702 1679 1819 1712 maluit
1845 1701 1855 1716 ‚
1890 1677 1986 1721 quam
2014 1676 2086 1720 ejus
2111 1694 2118 1698 ·

1196 1729 1412 1763 ministerium
1438 1727 1494 1761 fibi
1523 1729 1709 1772 praesumere
1729 1754 1740 1769 ,
1767 1738 1902 1762 cernens
1930 1727 2011 1760 illud
2031 1728 2088 1759 es*

1196 1781 1227 1813 se
1250 1778 1351 1822 longe
1382 1777 1511 1810 facilius
1539 1801 1547 1808 .
1586 1779 1631 1810 Et
1664 1779 1751 1811 favet
1784 1788 1897 1819 quarta
1917 1775 2088 1819 ‘Synodus
2107 1786 2182 1816 ean.
2202 1793 2263 1819 107·

1196 1826 1485 1871 Carthaginiensis:
1511 1828 1621 1858 Mulier
1642 1825 1798 1867 baptizare
1822 1836 1878 1858 non
1898 1824 2088 1868 praesumat.‘>

1197 1877 1330 1920 Utique
1343 1875 1378 1908 in
1395 1884 1542 1910 extrema
1563 1876 1768 1909 neceffitate.
1796 1876 1966 1920 Qasdam
1980 1875 2089 1918 baptia

1196 1939 1266 1962 zare
1279 1928 1467 1967 supponunt
1479 1948 1489 1963 ‚
1517 1925 1549 1957 ὅ(
1562 1925 1745 1968 graviffime
1767 1924 1970 1959 interdicunt
1980 1926 2086 1965 etiarn

1198 1973 1396 2018 Apostolicae
1432 1973 1701 2008 Constitutiones
1727 2000 1734 2007 .
1773 1974 1940 2009 Videntur
1966 1984 2083 2018 tamer}
2105 1981 2206 2015 Lib.7.

1196 2035 1290 2070 agere
1311 2023 1353 2057 de
1366 2022 1563 2065 Baptismate
1583 2035 1624 2058 ex
1649 2024 1760 2057 officio
1774 2048 1781 2056 .
1809 2023 2080 2071 Qidquidfit,
2107 2031 2206 2060 (39·9·
2221 2032 2264 2053 10·

1199 2076 1231 2108 in
1247 2073 1487 2108 Sententiarum
1500 2074 1634 2107 Summa
1655 2073 1765 2108 scribit
1777 2074 1884 2120 Hugo
1904 2076 1946 2109 de
1957 2076 2084 2113 Sancto

1200 2124 1354 2158 Vistore:
1381 2127 1429 2155 De
1451 2122 1499 2156 bis
1515 2148 1525 2164 ,
1552 2128 1604 2166 qui
1626 2126 1646 2156 a*
1666 2125 1842 2159 mulieribus*
1858 2125 2081 2168 baptizantum
2102 2138 2202 2169 Tsast,
2215 2147 2239 2173 5,

1196 2179 1341 2217 quaeritur
1363 2198 1373 2213 ‚
1411 2177 1518 2206 Utrum
1539 2174 1724 2215 rebaptizari
1745 2175 1877 2209 debeant
1897 2177 1910 2208 ἓ
1939 2177 2083 2219 ,Quidam
2102 2187 2167 2217 cap·
2186 2181 2215 2211 8.

1197 2227 1298 2258 dicunt
1321 2225 1402 2266 quad
1428 2222 1640 2264 rebaptizandi
1657 2224 1717 2266 fine
1730 2249 1740 2264 ‚
1763 2234 1820 2267 pro
1829 2225 1881 2264 iffa
1891 2226 2081 2263 authoritate

1196 2287 1234 2308 ex
1258 2275 1384 2307 Concilio
1410 2273 1642 2317 Carthaginensi
1657 2299 1664 2307 .
1691 2276 1777 2322 Qae
1803 2275 1921 2319 opinio
1947 2276 2079 2318 quibust

1197 2326 1272 2359 darn
1289 2323 1443 2366 placuiffe
1466 2324 1593 2358 videtur
1612 2334 1757 2367 tempore
1768 2326 1876 2360 Sansti
1890 2324 2000 2360 Isidori
2014 2327 2077 2360 Ar-

1196 2374 1421 2417 chi-Episcopi
1433 2374 1633 2416 Hispalensis
1644 2398 1652 2407 .
1681 2370 1806 2409 Verum
1816 2400 1818 2403 -
1828 2375 1914 2409 hanc
1928 2376 2075 2420 qua-astio-

1197 2435 1270 2459 nem
1283 2422 1407 2458 decidit
1429 2423 1465 2457 in
1489 2424 1563 2457 fidei
1582 2425 1725 2459 Decreto
1737 2426 1890 2468 Synodus
1910 2427 2076 2460 Florenti-

1197 2487 1255 2508 na:
1282 2478 1319 2507 1η
1329 2472 1419 2517 causa
1430 2475 1596 2513 neceffitatis
1609 2473 1763 2518 nonsbltim
1774 2477 1916 2509 sacerdos
1936 2478 1988 2509 vel
2000 2480 2075 2509 Dra-

1194 2535 1279 2557 conus
1293 2547 1304 2563 ,
1325 2522 1382 2567 sed
1404 2528 1497 2557 etiam
1510 2527 1621 2557 Laicus
1634 2549 1645 2565 ,
1671 2526 1848 2566 &Mallem
1874 2529 1964 2559 imm&
1982 2532 2076 2559 etlam

1197 2578 1339 2620 Paganus
1364 2575 1399 2607 (9
1434 2577 1599 2607 Haereticus
1625 2575 1782 2616 baptizare
1804 2575 1895 2617 potest
1921 2600 1929 2609 .
1970 2575 2076 2623 Qod

1194 2627 1297 2669 ipsum
1308 2622 1432 2657 dudum
1454 2624 1547 2657 antea
1573 2624 1727 2658 statuerat
1747 2625 1804 2660 sub
1819 2625 2001 2660 Alexandri
2014 2637 2076 2660 ter-

1193 2676 1230 2708 tii
1253 2673 1456 2709 Pontificatu
1482 2671 1642 2708 celebrata
1668 2674 1896 2710 Hibernorum
1918 2675 2075 2715 Synodus
2098 2678 2236 2715 F0L528.

1193 2724 1400 2760 Caffelenfis.
1430 2723 1545 2757 Exstat
1566 2721 1634 2757 haec
1656 2724 1743 2767 apud
1766 2725 1939 2768 Rogerum
1959 2723 2074 2759 Hove-

1191 2775 1322 2810 densem
1334 2798 1341 2806 .

1241 2822 1367 2858 Verum
1379 2820 1512 2864 quaestio
1524 2832 1566 2855 ex
1589 2820 1640 2855 his
1651 2821 1809 2865 nascitur,
1835 2823 2072 2871 Qomodode

1192 2873 1465 2908 Marcionitarum
1491 2871 1634 2905 foeminis
1655 2896 1666 2913 ,
1693 2884 1772 2914 quas
1793 2874 1967 2917 baptizasse
1987 2876 2072 2910 affin

1194 2935 1259 2958 mat
1271 2925 1405 2958 Sanctus
1419 2920 1623 2966 Epiphanius
1635 2947 1646 2963 ,
1672 2924 1848 2966 Septimius
1858 2925 1965 2959 noster
1975 2925 2070 2959 dubi-

1193 2985 1236 3009 tet
1251 2975 1266 3006 ‚2
1293 2974 1426 3007 Etenim
1449 2972 1537 3006 credi
1560 2983 1628 3006 non
1648 2973 1742 3014 poffit
1765 2974 2068 3009 Marcioniticarum

1193 3035 1295 3059 rerum
1309 3024 1401 3057 fuisse
1421 3022 1588 3065 imperitus
1601 3046 1609 3054 .
1638 3021 1850 3066 Respondent
1862 3025 1961 3069 aliqui
1973 3026 2068 3059 fuisse

1195 3086 1262 3109 non
1286 3072 1381 3118 plene
1402 3073 1559 3116 peritum.
1588 3072 1677 3106 Nam
1694 3073 1900 3118 &ignoravit
1923 3076 2067 3110 Marcio-

1196 3136 1269 3159 nem
1283 3124 1376 3158 fuisse
1390 3122 1544 3166 Episcopi
1563 3122 1692 3163 filium‚·
1718 3135 1787 3158 non
1800 3124 1935 3165 Romae,
1963 3125 2066 3160 sedin

1194 3174 1332 3208 Pontica
1345 3174 1497 3218 Regione
1509 3172 1708 3215 baptizatum
1721 3198 1729 3206 .
1751 3174 1794 3208 Et
1807 3174 1895 3218 plura
1909 3175 2041 3210 illorum
2054 3197 2069 3216 ,

1193 3237 1261 3269 quae
1270 3224 1302 3257 in
1316 3224 1421 3267 primo
1435 3222 1583 3256 adversus
1592 3221 1799 3258 Marcionem
1810 3224 1895 3258 libro
1905 3224 2067 3265 declamat

1195 3286 1307 3310 contra
1330 3273 1421 3307 istius
1448 3272 1609 3316 Regionis
1630 3273 1737 3308 solum
1755 3274 1790 3308 δε
1808 3274 1930 3309 coelum
1952 3298 1967 3315 ,-
1990 3276 2068 3310 sunt

1195 3323 1367 3374 manifeste
1384 3322 1466 3359 falsa
1486 3347 1494 3356 .
1520 3321 1622 3410 EgoG
1619 3322 1812 3368 crediderim
1836 3323 2067 3370 distinguenda

1645 3382 1676 3417 g¹
1718 3382 1741 3421 3
1940 3382 2019 3410 tem-
