2346 3724
677 165 1099 208 CAPIT*

228 249 342 285 macula
361 253 433 279 ante
454 242 602 279 Tribunoi
610 247 731 280 Domini
751 245 836 288 nostri
848 244 960 289 JESU
974 244 1082 284 christi·
1094 270 1105 287 ,

225 305 273 334 cui
288 296 418 338 fler‘litur
436 306 604 339 omnegenu
621 296 793 337 coekfflum,
820 298 855 330 (θ’
868 295 1045 338 terrestrium
1065 297 1100 328 (ν

227 346 431 389 infernorum.
459 345 567 389 Ipsum
577 346 684 380 forsan
700 347 762 382 fuit
771 357 852 381 auro
873 355 960 380 texta
972 345 1082 388 cyclas
1094 370 1105 385 ‚

228 397 412 442 significans
421 405 583 430 texturam
605 396 760 432 virtutum
773 421 785 436 ,
810 398 847 430 in
861 395 979 440 quibus
988 407 1103 431 omnes

227 447 408 482 Christiani
429 447 579 488 supremo
588 446 698 494 Judici
717 446 871 485 debemus
888 458 925 480 ac
944 447 1106 489 speramus

225 496 422 542 praesentari.
450 496 572 531 Eadem
590 507 632 530 ex
650 495 855 534 Bibliotheca
866 495 953 531 idem
964 495 1107 540 Scriptor

224 547 361 584 adducit
377 547 585 582 Gelasianum
607 551 852 592 nongentorum
876 558 1041 582 annorum
1055 547 1106 580 Sa·

224 597 477 635 eramen-tarium
495 619 506 636 ‚
528 597 563 630 in
586 609 654 642 quo
675 597 743 631 haec
770 596 933 631 habentur
956 609 964 633 ;
991 597 1106 630 Sanr‘li-

223 648 364 683 monialis
376 652 486 695 Virgo,
511 648 576 682 crim
597 646 899 691 ad‘consecrationem
916 645 969 695 suo
989 645 1107 690 Episco-

219 706 261 739 po
270 697 411 738 offertur,
437 703 470 730 in
480 697 590 731 talibus
610 697 743 738 vestibus.
751 698 916 741 applicetur
929 722 940 738 ‚
967 697 1106 744 qualibus

221 746 340 793 semper
360 746 451 791 usura
472 747 533 788 est,
553 747 719 790 profeffioni
740 749 994 784 &summania
1002 753 1105 790 aptis.

225 797 285 830 Est
306 798 516 833 Gelasianum
539 821 551 838 ‚
572 797 627 832 sed
648 801 797 842 aptatum
819 799 860 837 ad
881 809 986 835 mores
1005 797 1107 831 Galli·

223 858 302 882 eos.
329 847 466 885 Interim
488 858 548 881 nos
557 846 676 888 docet,
695 848 791 893 quod
816 848 974 884 Africana
996 847 1106 884 mode-

220 896 284 931 'stia
301 920 313 935 ,
349 907 421 937 quae
444 896 699 932 consecrandam
728 896 902 943 Virginem
930 895 1104 938 inihurnili

224 944 314 979 veste
328 944 418 987 juffit
438 945 569 986 offerri,
596 946 746 981 videatur
770 958 826 991 per
838 949 989 982 sancium
1012 948 1109 984 Gela·

221 996 302 1030 sium
314 994 447 1030 inducta
469 996 505 1029 in
517 995 706 1032 Romanam
728 996 924 1035 Ecclesiam,
952 997 996 1034 Et
1021 997 1107 1032 certe

219 1043 279 1082 bic
291 1055 359 1079 erat
383 1055 484 1090 gente
497 1044 597 1084 Afer.

271 1094 439 1135 Laudatus
476 1095 631 1131 Morinus
655 1097 756 1133 e'tiam
782 1109 823 1131 ex
852 1098 994 1134 Fuxiani
1021 1097 1106 1140 apud

221 1141 425 1178 Tholosates
447 1144 594 1191 Collegii
617 1145 824 1182 Bibliotheca
847 1147 995 1192 producit
1009 1148 1108 1181 Pon·-

110 1196 124 1207 “
151 1227 155 1230 ,
220 1195 356 1228 ‹ificalis
368 1194 470 1229 officii
491 1198 664 1238 antiquum
677 1197 800 1233 librum
815 1224 826 1239 ,
851 1198 884 1231 in
897 1210 964 1243 quo
975 1197 1041 1233 haec
1055 1197 1107 1232 ha-

225 1243 348 1282 bentur
364 1258 375 1278 .·
401 1249 510 1279 Omnes
530 1248 640 1288 quiad
652 1245 756 1293 sacros
767 1249 896 1283 ordines
917 1250 1025 1285 debent
1039 1257 1109 1291 pro·

221 1300 357 1338 moveri,
387 1305 460 1329 ante
478 1301 928 1345 pronunciationemEvangelii
948 1299 1054 1334 debent-
1068 1299 1108 1332 ab

226 1342 370 1386 Episcopo
380 1344 558 1391 consecrari.
588 1349 675 1392 ‚Quia
690 1350 870 1388 praedicatio
887 1347 987 1390 sanila·
1002 1352 1105 1382 Evam

221 1395 295 1439 gelli
318 1393 401 1426 debet
415 1402 474 1435 per
493 1403 587 1430 totum
612 1397 757 1430 mundum
783 1396 936 1439 diffiindI.
967 1402 1104 1441 VirgInes

223 1450 323 1475 cutem
339 1443 372 1474 eb·
382 1444 488 1476 Viduae
506 1443 571 1484 post
591 1443 696 1479 lelium
707 1446 922 1491 Ev'angelium,
936 1449 1047 1481 debent
1059 1459 1107 1483 ve-

223 1492 285 1527 lari
297 1516 303 1523 .
332 1493 418 1534 ,Quia
427 1492 508 1524 decet
518 1502 568 1525 eas
590 1493 626 1526 ό·
636 1500 692 1534 per
703 1496 908 1538 Evangelium
915 1499 1082 1537 praedicari
1095 1523 1103 1531 .

222 1544 376 1584 Virginem
394 1550 537 1583 parentes
552 1541 697 1587 Epist-opo
716 1555 786 1577 cum
796 1545 940 1579 oblatione
951 1545 1081 1587 offbrant
1096 1559 1108 1580 .·

222 1592 329 1626 Erille
350 1593 518 1628 involutam
533 1603 656 1627 manum
674 1595 740 1634 ejus
751 1597 786 1629 in
798 1596 885 1636 palia
896 1595 1012 1630 altaris
1031 1601 1107 1630 reci-

217 1644 311 1686 piat,
338 1652 403 1675 cum
423 1641 611 1682 adstantibus
631 1644 755 1676 dicendo
780 1644 983 1687 Antiphonam
1008 1670 1019 1687 ,
1046 1648 1101 1681 &a

222 1690 342 1726 Verbis
354 1705 366 1725 .·
392 1691 487 1726 Debet
494 1702 550 1734 per
561 1701 654 1728 totum
675 1695 818 1729 mundum
836 1695 965 1736 diffindi·
980 1720 992 1736 ‚
1019 1696 1107 1731 vide-

222 1748 276 1775 tur
298 1741 486 1780 addendum
507 1755 515 1776 :
544 1743 590 1777 Ab
610 1743 676 1785 ipsis
691 1769 700 1779 ,
726 1744 772 1779 Et
793 1746 827 1778 in
849 1746 1104 1782 consectationis

222 1790 291 1824 fine
299 1789 505 1836 adjungitur:
533 1796 651 1830 Deinde?
664 1794 786 1837 publica
807 1807 876 1829 voce
888 1796 1020 1830 bannum
1031 1801 1109 1839 Epi·

218 1835 364 1884 scopalem
375 1847 507 1884 imponat
517 1867 528 1883 ,
555 1855 592 1876 ne
603 1849 669 1886 quis
682 1856 734 1877 eas
755 1846 775 1876 ἃ
787 1847 900 1879 Divino
919 1845 1045 1889 servitio
1051 1846 1107 1891 sub

220 1891 334 1925 vexillo
353 1890 498 1932 castitatis
509 1895 658 1935 impediat
670 1916 681 1932 ‚
708 1896 743 1928 (5
754 1903 785 1928 ut
795 1895 872 1929 bona
884 1895 942 1939 sua
962 1907 1110 1939 cumpace

222 1943 259 1977 er
277 1947 375 1984 quiete
389 1943 549 1983 poffideant
570 1968 578 1976 .
606 1942 672 1982 Post
694 1943 756 1978 baec
778 1947 979 1989 relinquentes
999 1949 1109 1989 pueilae

218 2000 311 2027 tereos
324 2015 336 2031 ,
355 1991 435 2032 stent
456 1993 610 2027 inclinate
626 2017 639 2034 ,
664 1992 752 2037 usque
772 1997 846 2028 dum
873 2003 1103 2038 communicent,

222 2042 258 2074 δ’
278 2042 366 2085 ΜΙΠα,
383 2042 488 2083 finitur
507 2041 559 2085 suo
578 2045 699 2078 ordine.
729 2045 888 2088 Postquam
909 2053 1108 2081 communica-

1165 176 1270 206 15
1376 160 1525 206 ΙΙΙ.
1917 178 1982 228 43

1229 243 1284 280 Ad
1322 243 1408 280 hanc
1434 242 1689 283 consecrationis
1719 244 1917 291 dignitatem
1952 248 2055 289 etiam

1173 297 1310 340 spestat,
1335 293 1424 340 quod
1435 295 1506 331 fieri
1526 296 1647 339 semper
1672 294 1819 333 debuerit
1841 298 1922 333 intra
1943 299 2055 336 Missa-

1172 357 1242 379 rum
1264 346 1422 382 solemnia
1447 370 1454 378 .
1483 345 1531 382 Ita
1557 344 1674 380 diserte
1703 345 1841 382 affirmat
1863 349 2055 389 productum

1173 396 1367 430 Pontificale
1375 407 1416 429 ex
1427 397 1453 430 F
1457 396 1575 430 uxiana
1588 394 1798 433 Bibliotheca
1808 419 1816 427 .
1844 392 2054 435 Confirmafit

1173 444 1312 490 superius
1334 444 1463 481 laudata
1483 446 1592 481 Sancti
1615 445 1792 484 Theodori
1813 445 2055 483 Cantuariensis

1174 494 1447 539 Archi·Episcopi
1468 496 1623 540 Capitula
1639 508 1647 528 :
1675 496 1921 531 Sanfflmomaies
1941 496 1973 529 ὦ·
1985 493 2057 534 Bit—1

1166 545 1254 588 filicae
1261 544 1375 589 semper
1389 557 1456 580 cum
1466 547 1551 589 Mtffa
1573 547 1681 582 debent
1701 546 1883 591 confici-ari.
1910 545 2058 583 Basilica-

1172 608 1242 632 rum
1263 596 1444 632 nostrarum
1462 596 1664 632 &sacrarum
1687 595 1867 642 Virginum
1886 597 2058 631 consecra-

1172 646 1220 681 tio
1231 647 1360 691 optimo
1369 646 1439 691 jure
1457 648 1695 691 aequiparantur
1706 672 1715 683 .
1742 646 1846 695 Qod
1856 647 1945 680 enim
1956 645 2059 690 quod-

1172 698 1220 730 vis
1232 696 1452 734 Cbristianum
1473 707 1591 741 corpus
1612 698 1646 731 in
1663 708 1777 733 verum
1800 697 1934 731 Divinae
1955 695 2061 739 MaJe·

1174 747 1260 782 statis
1269 748 1429 791 templum
1442 758 1496 791 per
1509 747 1673 791 Baptisma
1684 749 1890 783 consecretur
1902 771 1912 787 ‚
1923 748 1957 781 &
1967 745 2058 792 quod

1172 797 1249 831 ideo
1270 799 1360 834 nulla
1384 798 1489 842 magis
1509 797 1607 843 quam
1618 798 1758 832 carnalia
1781 797 1906 842 flagitia
1919 797 2060 831 isticon·

1174 847 1344 882 sectationi
1356 846 1561 882 adversentur
1573 872 1584 886 ‚
1610 849 1745 885 testatur
1758 847 1939 894 Apostolus
1951 848 1985 882 in
2000 846 2063 890 pri·

1174 908 1224 931 ma
1234 897 1371 940 epistola
1394 896 1435 933 ad
1450 897 1646 933 Corinthios
1658 925 1666 934 ,
1694 898 1847 935 Affirmat
1861 895 1927 933 hoc
1949 897 2061 932 vivum

1172 949 1326 984 &verum
1339 947 1574 997 Deitemplum
1598 949 1721 993 perilla
1744 946 1940 993 prophanari
1962 958 2062 991 atque

1173 998 1292 1032 everti.
1318 998 1432 1045 Qare
1448 998 1632 1044 virgineum
1653 1010 1772 1044 corpus
1794 999 1840 1033 est
1860 997 2063 1035 nobilissima

1175 1047 1368 1083 Divinitatis
1386 1048 1533 1084 Basilica,
1562 1049 1657 1085 Hinc
1679 1049 1767 1085 enim
1788 1049 1829 1082 ad
1852 1048 2063 1084 paschasium

1175 1108 1352 1139 tyrannum
1364 1097 1450 1134 dixit
1469 1096 1612 1143 gloriosa
1624 1099 1752 1142 Martyr
1764 1099 1868 1133 Lucia
1881 1112 1891 1131 :
1918 1098 2006 1138 Caste‘
2027 1099 2062 1134 Θ

1170 1149 1220 1190 pie?
1240 1153 1381 1182 viventes
1405 1149 1545 1190 templum
1560 1147 1634 1193 sunt
1655 1150 1785 1190 spiritus
1808 1149 1928 1182 SanHi.
1958 1148 2001 1185 Er
2025 1148 2063 1180 in

1177 1197 1327 1243 Virginis
1338 1197 1581 1233 consecratione
1592 1199 1629 1234 fit
1640 1198 1707 1241 ejus
1721 1197 1919 1234 nobiliffima
1934 1196 2066 1232 dedica-

1176 1247 1223 1281 tio
1245 1273 1252 1280 .
1282 1248 1335 1282 Ex
1363 1247 1432 1290 ejus
1457 1248 1539 1283 odio
1567 1248 1732 1283 Diabolus
1758 1247 1882 1282 nostras
1907 1246 2065 1291 Virgines

1177 1299 1288 1341 paffim
1311 1298 1433 1334 studuit
1455 1299 1587 1341 stuprari
1614 1307 1690 1334 ante
1713 1298 1936 1340 Martyrium,
1963 1299 1998 1334 &
2017 1298 2064 1331 ita

1177 1347 1260 1383 istud
1285 1359 1362 1383 cum
1388 1349 1443 1383 sua
1468 1349 1714 1383 consecratione
1741 1348 1901 1392 templum
1926 1347 2064 1382 foedari.

1178 1399 1219 1432 Et
1230 1399 1325 1433 utiin
1341 1398 1480 1441 lapideis
1492 1399 1631 1438 nostris,
1659 1399 1703 1432 ita
1725 1397 1886 1433 &inistis
1907 1397 1990 1430 vivis
2003 1396 2065 1431 Ba·

1175 1447 1272 1481 filicis
1293 1447 1476 1492 virgineum
1499 1447 1625 1482 Christi
1647 1447 1788 1482 Domini
1813 1456 1929 1489 corpus
1948 1470 1960 1485 ‚
1988 1445 2065 1480 licet

1176 1498 1265 1531 aliud
1287 1498 1320 1531 ὅ(
1332 1497 1421 1530 aliud
1433 1521 1445 1536 ,
1471 1508 1509 1530 ac
1519 1497 1586 1530 alio
1607 1497 1641 1530 ἀ
1652 1498 1720 1530 alio
1733 1494 1835 1530 modo
1848 1519 1859 1535 ,
1886 1496 1962 1530 Deo
1973 1494 2065 1534 Patri

1175 1547 1307 1580 offertur
1319 1545 1585 1580 aosacrificarur.
1611 1546 1706 1580 Hinc
1733 1546 1814 1589 ergo
1824 1543 1935 1578 Mater
1946 1545 2065 1579 Eccle-

1177 1596 1218 1629 sia
1241 1596 1276 1629 δε
1298 1595 1439 1638 lapideas
1463 1618 1474 1634 ,
1498 1596 1533 1629 dc
1554 1594 1647 1629 vivas
1665 1594 1761 1631 hasce
1784 1593 1937 1629 Basilicas
1960 1595 2066 1630 voluit

1177 1645 1304 1679 nonnifi
1316 1656 1394 1679 cum
1409 1645 1512 1679 Miffae
1522 1644 1689 1680 Sacrificio
1702 1643 1901 1681 consecrari.
1929 1644 1998 1679 Cur
2009 1642 2067 1681 has

1176 1695 1245 1740 post
1260 1695 1484 1740 Evangelium
1494 1720 1506 1736 ,
1533 1695 1578 1729 est
1591 1695 1683 1739 supra
1698 1695 1794 1730 nobis
1805 1695 1929 1730 dictum
1941 1720 1948 1727 .

1227 1746 1422 1784 Undecima
1444 1744 1576 1788 quaestio
1598 1745 1644 1780 est
1668 1770 1679 1786 ,
1705 1745 1838 1792 Quibus
1863 1743 2065 1789 temporibus

1176 1796 1323 1831 facienda
1342 1797 1378 1830 sit
1390 1795 1459 1830 haec
1469 1796 1699 1835 consecratio?
1726 1795 1906 1831 Productus
1924 1795 2069 1834 eFuxiaf

1178 1857 1217 1880 na
1241 1845 1450 1881 Bibliotheca
1474 1846 1602 1881 ritualis
1626 1845 1707 1880 liber
1731 1845 1828 1881 babet
1848 1855 1856 1879 t
1882 1844 2069 1889 consectam

1170 1895 1325 1939 sacrarum
1349 1901 1506 1941 Virginum
1527 1903 1560 1930 in
1585 1896 1782 1939 Epiphania,
1814 1898 1867 1930 vel
1887 1902 1918 1928 in
1935 1895 2068 1940 secunda

1168 1946 1254 1987 feria
1269 1945 1394 1989 Pascbae
1407 1972 1418 1988 ‚
1444 1956 1497 1980 aut
1510 1952 1542 1979 in
1556 1947 1748 1988 Apostolorum
1761 1951 1794 1979 N
1799 1949 1929 1979 atalimr
1942 1946 2069 1979 celebra·

1173 2006 1222 2029 tur
1240 2022 1248 2029 .
1277 1997 1381 2043 Qiod
1407 1998 1511 2041 ipsum
1535 1996 1632 2030 habet
1656 1997 1811 2040 posterior
1835 1997 1951 2032 Codex
1974 1995 2067 2028 Peta-

1178 2048 1280 2082 vianae
1306 2046 1524 2082 Bibliothecae
1551 2073 1558 2079 .
1586 2048 1629 2082 Et
1657 2045 1842 2091 Reginonis
1868 2043 2066 2080 prumiensis

219 2100 315 2130 runt,
338 2090 491 2135 resbrvent
514 2095 552 2127 de
563 2092 630 2136 ipsa
649 2102 851 2130 communione
871 2096 960 2140 usque
982 2103 1015 2131 in
1026 2100 1108 2133 diem

219 2140 382 2183 alluvium,
408 2144 522 2179 &tunc
533 2151 760 2180 communicent.
789 2146 871 2181 Haec
890 2148 1105 2185 consecrandi

221 2192 328 2226 forma
347 2193 392 2226 est
415 2193 584 2237 desumpta
604 2195 721 2237 partim
734 2207 774 2228 ex
789 2196 950 2232 Romanis
968 2197 1084 2232 ritibus
1096 2223 1108 2238 ‚

218 2241 342 2285 partim
361 2254 404 2276 ex
425 2243 531 2279 Sanni
550 2244 720 2279 Benedicti
735 2245 864 2288 Regula
879 2271 886 2277 .
915 2248 996 2279 Haec
1017 2247 1106 2280 enim

222 2291 357 2325 mandat
369 2316 381 2331 ‚
407 2302 444 2324 ut
463 2292 618 2326 Domino
630 2293 706 2327 Deo
721 2304 775 2332 per
800 2295 1013 2329 monasticam
1034 2306 1107 2338 pro-

222 2339 393 2375 feffionem
403 2340 543 2375 dicanda
561 2341 667 2382 proles
690 2342 843 2375 offeratur
861 2344 879 2375 a
891 2342 1079 2384 parentibus
1095 2366 1106 2383 ,

221 2399 260 2422 ac
268 2389 337 2431 ejus
346 2388 496 2422 involuta
507 2399 624 2423 manus
634 2390 807 2434 recipiatur
828 2391 861 2425 in
873 2391 994 2434 pallam
1010 2391 1106 2427 Alta-

220 2438 264 2471 ris
274 2462 281 2469 .
307 2436 413 2472 Porro
425 2436 636 2475 Eucharistiae
648 2450 702 2483 per
712 2441 839 2483 aliquot
860 2442 930 2477 dies
942 2443 1013 2485 post
1025 2454 1105 2477 con·

219 2486 435 2522 sectationem
459 2489 641 2529 servandae,
667 2489 858 2534 &quotidie
878 2502 957 2528 tunc
978 2493 1104 2526 sumen-

1176 2097 1316 2133 Abbatis
1341 2098 1530 2140 Capitulare
1553 2096 1649 2129 habet
1669 2095 1758 2129 hunc
1769 2093 1964 2130 Canonem2
1994 2099 2066 2128 Vir-
2086 2109 2147 2139 Lib,
2169 2121 2197 2140 2,

1170 2153 1260 2191 gines
1274 2173 1286 2188 ‚
1312 2157 1345 2181 ut
1371 2147 1502 2187 Gelafius
1517 2148 1605 2186 Papa
1625 2146 1719 2185 dicit,
1746 2143 1802 2184 nisi
1815 2145 1848 2176 in
1859 2145 2063 2186 Epiphania,
2084 2159 2147 2188 cap.
2161 2161 2225 2185 117.

1175 2200 1251 2230 &in
1274 2197 1358 2228 Albis
1379 2194 1597 2237 paschalibus,
1622 2196 1700 2228 &in
1724 2194 1915 2236 Apostolorum
1940 2197 2064 2229 Natali-

1174 2252 1226 2278 tiis
1237 2255 1294 2277 non
1315 2244 1388 2289 sunt
1410 2242 1616 2287 consecranda·
1629 2268 1641 2284 ,
1667 2243 1822 2287 nisr‘causa
1843 2252 1947 2278 mortis
1961 2257 2065 2290 urgeti-

1173 2301 1213 2327 ηε
1228 2318 1235 2326 .
1264 2294 1308 2327 Et
1321 2295 1474 2335 antiquus
1489 2294 1716 2333 Rornanorum
1731 2295 1825 2329 Ordo
1846 2294 1961 2329 habet:
1994 2302 2065 2329 Con·
2085 2306 2219 2343 &1³52

1167 2341 1296 2386 secratio
1311 2341 1398 2385 sacre
1421 2347 1553 2385 Virginis
1579 2349 1610 2378 in
1635 2343 1811 2388 Epiphania
1835 2348 1953 2378 Domini
1978 2371 1987 2385 ,
2015 2347 2067 2380 vel

1172 2397 1204 2425 in
1226 2392 1310 2426 Albis
1336 2390 1528 2435 Pascbalibus
1544 2417 1554 2433 ,
1581 2403 1635 2427 aut
1671 2400 1702 2427 in
1724 2394 1916 2437 Apostolorum
1954 2401 2064 2430 Nata-

1170 2444 1247 2476 litiis
1271 2442 1437 2478 celebratur
1463 2469 1470 2478 .
1510 2443 1617 2478 Sanffi
1664 2443 1757 2488 Papae
1779 2445 1899 2481 Gelafii
1937 2447 2064 2482 Decre-

1171 2502 1241 2526 tum
1281 2493 1327 2529 est
1365 2494 1400 2528 in
1436 2493 1559 2528 litteris
1588 2493 1629 2528 ad
1656 2493 1810 2529 Lucaniae
1847 2495 2028 2539 Episcopos
2056 2496 2206 2537 :Epist.9.

219 2537 267 2572 ἀπ
278 2537 356 2571 ritus
377 2537 459 2571 olim
470 2538 556 2582 apud
577 2539 682 2582 plures
697 2541 852 2577 Ecclesias
871 2543 1038 2577 concessus
1058 2544 1103 2577 so-

219 2587 260 2621 lis
287 2587 454 2631 Episcopis
480 2600 517 2622 ac
544 2587 746 2633 Presbyteris
764 2616 772 2624 .
812 2591 882 2627 Hic
909 2593 1104 2629 conceditur

220 2638 322 2671 etiarn
332 2638 689 2684 consecrataeVirgini.
718 2641 774 2675 Est
789 2640 909 2685 grande
931 2653 1103 2688 argumen-

222 2685 493 2731 tumdignitatis.
519 2688 562 2722 Et
576 2689 654 2723 hinc
676 2690 766 2725 vides
783 2692 994 2731 domesticam
1015 2706 1103 2731 com-

220 2737 413 2774 munionem
436 2747 516 2785 tune
538 2739 571 2772 in
586 2739 759 2775 Gallicana
781 2741 924 2777 Ecclesia
942 2742 1103 2778 adhucvi-

220 2786 341 2833 guiffe.
367 2787 406 2823 ln
417 2787 572 2823 Romano
583 2790 663 2827 item
675 2791 803 2826 Ordine
824 2791 976 2838 Virginis
990 2794 1101 2829 conse-

220 2837 326 2871 cratio
347 2836 445 2873 habet
467 2839 562 2873 suum
575 2840 710 2882 locum,
737 2853 775 2876 ac
787 2842 973 2887 elegantem
984 2844 1100 2878 ritum.

221 2887 266 2921 Et
288 2885 421 2932 quidem
441 2888 544 2925 alium
568 2889 754 2926 monasticae
776 2917 787 2933 ,
813 2894 914 2928 alium
940 2896 1103 2929 manentis

221 2937 259 2971 in
280 2938 403 2982 privata
424 2937 526 2972 domo
549 2938 700 2985 Virginis
720 2943 945 2977 consecratio.
974 2944 1102 2979 Locum

221 2987 453 3035 &elegantem
474 2988 573 3022 ritum
586 2988 684 3025 habet
705 2993 784 3027 item
806 2994 840 3026 in
862 2993 1023 3029 hodierno
1035 2994 1102 3029 Ro-

221 3047 397 3073 manorum
423 3036 612 3072 Pontificali
637 3064 644 3074 .
686 3041 748 3076 Ast
774 3044 977 3079 consecratio
1003 3045 1103 3080 solius

216 3087 487 3124 ⁴Sanfflmonialis
499 3112 507 3120 .
535 3086 579 3121 Et
593 3087 671 3125 hinc
684 3091 770 3126 lucet
790 3093 960 3138 professam
973 3094 1101 3141 virgini·

222 3146 326 3173 ratem
337 3137 424 3183 apud
437 3148 552 3172 omnes
564 3139 684 3182 semper
696 3141 852 3179 Ecclefias
862 3143 955 3179 fuisse
974 3146 1008 3178 in
1020 3147 1102 3179 sum-

223 3197 281 3221 mo
305 3188 428 3234 pretio.
456 3188 524 3237 Qui
548 3187 647 3229 istos,
673 3201 812 3234 quorum
837 3194 902 3228 sola
922 3194 1103 3239 fragmenta

222 3236 320 3271 nobis
342 3239 603 3274 communicavit
615 3239 756 3283 Joannes
777 3243 950 3284 Morinus,
974 3245 1103 3280 rituales

224 3286 326 3321 libros
338 3289 491 3323 meruerit
502 3289 610 3324 videre
629 3291 776 3338 integros
789 3316 801 3333 ‚
825 3292 915 3337 plura
928 3296 1047 3338 poterit
1068 3296 1102 3331 ἀ

223 3337 346 3373 discere
368 3339 402 3373 ἀ
415 3338 552 3374 docere.

1147 3523 1159 3539 1,

1173 2546 1299 2578 Devotis
1329 2547 1390 2579 Deo
1414 2544 1586 2587 Virginibus
1607 2569 1619 2585 ‚
1647 2543 1703 2586 nifi
1733 2554 1786 2578 aut
1811 2550 1844 2579 in
1866 2547 2064 2588 Epiphania-

1175 2604 1242 2626 rum
1268 2595 1318 2628 die
1334 2619 1345 2635 ‚
1370 2603 1425 2627 aut
1450 2599 1482 2628 in
1508 2594 1589 2628 Albis
1618 2593 1834 2641 Pascbalibus‚
1858 2605 1911 2628 aut
1933 2602 1965 2629 in
1987 2602 2061 2639 Apo·

1164 2643 1304 2684 stolorum
1319 2645 1485 2679 Natalitiis
1495 2643 1616 2687 sacrum
1640 2646 1776 2681 velamen
1790 2645 1930 2689 Episcopi
1938 2650 2061 2682 minime

1169 2700 1346 2737 imponant,
1374 2693 1431 2736 nisi
1441 2694 1594 2736 forsitan,
1613 2693 1687 2737 ficut
1707 2698 1744 2730 de
1769 2695 1930 2738 Baptismo
1949 2698 2059 2730 dio‘lum

1170 2743 1208 2784 est
1220 2769 1230 2784 ,
1252 2749 1347 2788 gravi
1369 2746 1509 2788 languore
1527 2750 1669 2786 correptis
1680 2770 1691 2785 ‚
1718 2756 1753 2779 ne
1756 2745 1818 2787 fine
1830 2746 1881 2778 boc
1891 2758 2007 2779 munere
2019 2748 2057 2780 de

1166 2793 1273 2836 saeculo
1292 2802 1423 2835 exeam,
1449 2795 1675 2837 implorantibus
1699 2806 1757 2828 non
1781 2804 1920 2838 negetur.
1949 2795 2055 2830 Vides

1169 2843 1223 2877 hic
1244 2843 1389 2888 aliquam
1410 2843 1630 2881 differentiam
1643 2868 1651 2876 .
1683 2843 1810 2888 Aliqua:
1830 2845 1918 2877 enim
1943 2845 2055 2880 Eccle-

1168 2895 1214 2928 fiae
1234 2894 1269 2927 in
1292 2894 1430 2929 secunda
1452 2894 1620 2929 Paschatis
1647 2894 1726 2928 feria
1749 2918 1760 2934 ,
1787 2893 1902 2937 aliquae
1929 2894 1962 2928 id
1981 2894 2054 2930 fieri

1167 2943 1280 2986 jubent
1303 2943 1337 2978 in
1358 2943 1468 2979 clauso
1493 2944 1650 2979 paschate
1664 2967 1671 2975 .
1697 2942 1874 2978 Varietatis
1886 2944 2053 2989 originem

1168 2994 1286 3039 ignoro
1297 3019 1304 3026 .
1335 2995 1467 3030 Horum
1482 2993 1555 3027 vero
1576 3004 1759 3036 temporum
1774 2993 1909 3040 Author
1923 2995 2052 3029 videtur

1167 3046 1229 3080 esse
1251 3045 1384 3078 Sanetus
1404 3042 1491 3087 Papa
1503 3044 1673 3084 Gelasius.j
1695 3042 1760 3083 Uti
1783 3045 1878 3079 sacris
1900 3045 2052 3079 Clerico-

1168 3106 1240 3128 rum
1260 3094 1444 3129 Ordinibus
1464 3119 1474 3135 ,
1501 3095 1545 3128 ita
1571 3093 1604 3128 ἃ.
1628 3092 1706 3129 huic
1731 3095 1968 3131 consecrationi
1997 3096 2051 3130 sua

1168 3156 1313 3189 tempora
1338 3144 1510 3189 assignavit
1531 3168 1538 3176 .
1566 3142 1609 3178 Et
1635 3142 1768 3186 quidem
1796 3155 1892 3181 tanto
1923 3145 2053 3189 rigore,

1168 3207 1203 3230 ut
1215 3195 1344 3230 nonnifi
1355 3194 1399 3229 ob
1411 3193 1555 3239 urgentis
1579 3192 1879 3237 mortispericulum
1902 3196 2050 3238 permise-

1169 3246 1208 3280 rit
1219 3246 1413 3291 dispensari.
1444 3244 1498 3279 Est
1512 3244 1638 3281 lucidus
1669 3243 1830 3280 charadier
1854 3245 1925 3278 altae
1942 3244 2053 3289 digni-

1168 3295 1259 3330 tatis.
1287 3295 1451 3330 Posterior
1460 3304 1530 3330 aetas
1549 3294 1669 3341 adjecit
1687 3294 1785 3329 etiam
1807 3304 1920 3328 ornnes
1932 3293 2050 3329 Domi-

1170 3346 1276 3381 nicas.
1303 3344 1351 3381 Ita
1362 3343 1459 3381 habet
1479 3343 1675 3381 hodiernum
1689 3344 1917 3384 Romanorum
1935 3343 2049 3381 Ponti-

1883 3394 1997 3430 ficale-
