2346 3724
367 112 464 162 326

784 142 785 145 η
847 103 874 151 S
946 118 974 148 c
1044 119 1075 151 H
1135 118 1179 149 zo

290 184 381 222 ducat
401 196 497 221 meam
514 195 632 221 carnem
644 209 654 226 ,
679 187 712 221 δ’
725 185 799 221 bibit
811 199 908 222 meum
920 186 1095 230 sanguinem
1107 212 1117 228 ,
1143 191 1176 220 in

288 247 335 272 me
344 243 443 269 manet
454 237 487 269 (s-
499 247 547 280 ego
557 242 590 270 in
601 238 649 271 illo
659 262 666 270 .
696 239 842 274 Gentilis
857 239 942 272 circa
959 237 1100 271 nostram
1115 237 1177 272 Eu·

285 284 469 320 charistiam
483 288 652 333 praesertim
665 289 827 324 curiositas
837 288 881 322 est
895 285 1051 322 omnibus
1077 288 1177 323 notis-

1236 117 1635 150 'LION·'

1241 186 1353 222 timius
1366 210 1373 219 .
1399 185 1455 220 Est
1468 186 1557 221 enim
1570 187 1803 230 praevaricario,
1828 199 1925 235 quam
1941 189 1990 223 vel
2003 190 2125 234 dispew

1240 237 1355 272 satori&
1366 248 1490 279 patrare
1501 237 1585 271 adeo
1597 237 1721 273 horruit
1732 241 1862 275 SanClus
1874 240 2015 284 Babylas
2024 240 2125 275 Patri·

1236 286 1331 323 archa
1352 285 1585 323 Antiochenus
1597 310 1607 328 ‚
1633 300 1670 323 ut
1693 290 1801 332 potius
1814 291 1953 336 ,elegerit
1979 292 2123 326 amicum

284 336 380 370 sima.
408 336 462 374 De
484 337 550 380 ipsa
576 338 685 373 scribit
708 338 817 371 noster
830 337 1053 379 Septimiusin
1067 337 1173 381 primo
1236 336 1465 382 Imperatorem
1488 338 1726 374 Numerianum
1738 339 1903 378 offendere
1924 343 1958 376 ἀ
1978 342 2046 384 ejus
2058 342 2127 385 gla-

150 399 195 444 α
283 385 370 422 libro
383 386 423 421 ad
445 387 628 423 Nationes:
656 386 880 430 Domesticorum
904 386 1050 428 curiositas
1062 387 1174 430 furata
1233 386 1291 423 dio
1317 389 1491 424 trucidari.
1519 390 1594 425 Hac
1606 389 1646 423 de
1667 401 1700 422 re
1724 387 1832 424 scribit
1845 390 1879 425 in
1889 392 2022 437 gloriosi
2037 393 2124 427 Mar·

219 429 227 441 ’
238 423 263 449 7’
279 434 381 478 estper
402 438 528 471 rimulas
542 438 576 470 &
587 447 735 471 cavernas
751 462 758 468 .
786 435 880 471 Hinc
901 437 1015 474 addit:
1042 442 1174 473 Conver-

1233 438 1313 483 tyris
1339 440 1504 474 Encomio
1527 440 1659 474 sanctus
1679 440 1819 482 Joannes
1846 441 2121 484 Chrysostomus:

273 483 355 530 satio
388 488 496 522 nostra
520 490 614 522 notior
627 485 717 527 falla
746 486 782 526 est
801 512 808 519 .
839 487 882 521 Et
907 488 942 523 in
967 489 1109 522 secundo
1130 488 1171 523 ad
1232 490 1302 531 ,Quo
1324 490 1413 532 pallo
1439 490 1567 530 Babylas
1594 490 1660 523 huic
1685 489 1787 529 nostrae
1811 489 1941 532 Ecclesia
1955 492 2123 535 paeaefhc‘lus

277 547 414 573 uxorem
453 536 537 572 libro
573 536 682 572 laudat
718 536 881 573 Divinum
910 540 1101 573 mandatum
1129 537 1170 572 de

272 585 466 631 Margaritis
500 597 576 621 ante
612 597 728 629 porcos
754 598 823 621 non
852 588 1058 631 projiciendis
1083 614 1094 629 ,

1224 537 1323 581 fuerit
1332 561 1342 577 ,
1369 540 1402 573 Φ
1414 546 1447 573 in
1459 542 1564 573 mediis
1574 541 1706 582 procellis
1716 565 1727 580 ‚
1755 539 1973 582 tempestatibus
1985 567 1996 583 ,
2022 555 2057 576 ac
2065 543 2124 584 flu·

1134 588 1169 622 &
1229 588 1324 621 &libus
1346 588 1462 632 sacram
1483 590 1559 624 hanc
1571 597 1676 625 navim
1695 589 1890 635 servarier-it,
1917 602 2120 636 quantamque

275 645 534 673 commentatur:
562 639 741 679 Margarita·
763 638 868 679 vestra
887 635 959 684 fient
970 645 1063 674 ettam
1074 644 1166 683 quoti-

1223 637 1366 678 fiduciam
1387 664 1398 679 ,
1422 650 1487 672 cum
1511 645 1723 680 Imperatorem
1745 642 1944 686 allstquerttur
1966 667 1977 683 ,
1999 652 2067 684 prae
2083 642 2119 686 se

128 681 216 726 92¹?-
233 694 257 721 5·
275 687 377 724 dianae
401 685 631 731 conversationis
655 685 776 731 insignia
792 713 799 722 .
827 690 954 733 ,Quanta
965 695 1119 723 curaveris
1130 701 1166 724 ea
1226 689 1329 723 tulerit
1339 713 1349 729 ,
1376 691 1410 724 t&
1422 701 1478 732 quo
1486 691 1573 732 patio
1580 700 1635 732 pro
1647 690 1751 724 ovibus
1766 687 1901 724 annnam
1918 690 2004 734 suam
2014 693 2118 736 posue-

273 736 440 780 occultare,
467 739 554 774 tant&
574 735 749 780 suspedlr'ora
764 737 878 780 fecerts
900 761 911 780 ,
938 741 971 776 (vr
992 745 1089 784 magis
1116 751 1162 773 ca-

269 789 392 829 ptanda
409 789 515 832 gentil!
538 787 712 831 curiofitati.
740 786 923 831 particula,
952 795 1061 829 etiam,
1090 790 1162 826 insi·

265 846 352 872 ⁴nuat
372 838 466 872 istam
478 838 699 875 curiositatem
720 837 889 883 praesertim
904 841 998 876 fuisse
1010 841 1095 876 circa
1117 841 1162 875 sa-

273 888 471 925 crosanstam
484 886 744 925 Eucharistiam.
771 889 1062 935 Hincsubjungit:
1088 895 1161 923 Non

180 923 209 956 Ρ·
225 920 253 952 ⁶¹
266 936 344 983 sciet
356 943 488 972 maritus*
499 960 510 978 ,
537 937 731 982 quidsecretd
741 949 812 975 ante
821 951 934 974 omnem
946 942 1043 976 cibum
1048 941 1160 984 gustes?

265 987 313 1023 ,Et
327 988 357 1029 fi
368 987 494 1031 sciverit
500 997 614 1031 panem
627 1000 684 1024 non
697 992 780 1023 illum
791 992 946 1032 crediteffe
967 993 1158 1036 quidtcttur.

263 1037 409 1075 Gentilis
422 1035 556 1077 maritus
566 1040 679 1075 omnia
693 1040 798 1076 fidelis
810 1042 922 1077 uxoris
927 1040 1155 1085 speculabatur.

261 1085 357 1125 Hinc
381 1089 560 1135 Septimius
582 1089 764 1127 istiusmodi
783 1091 978 1137 conjugium
1000 1092 1158 1127 dissuadet

260 1148 304 1171 ex
324 1140 471 1183 pestore.
500 1138 655 1183 Ejusdem
677 1141 871 1176 curiositatis
892 1142 1080 1178 testimonia
1094 1141 1154 1176 ha-

261 1182 471 1233 bemusapud
482 1190 565 1225 alios
579 1191 694 1227 veteris
718 1192 871 1226 Ecclefiae
894 1191 1027 1227 Patres.
1057 1194 1158 1226 Anti·

262 1238 321 1281 qui
333 1240 474 1284 gentiles
485 1238 660 1275 credebant
682 1242 828 1278 nostram
843 1241 1082 1278 Eucharistiam
1095 1244 1157 1279 esse

259 1283 455 1333 Thyestaeas
475 1290 604 1334 epulas:
633 1290 726 1327 Hinc
748 1292 943 1327 curiositas.
970 1292 1097 1328 Eadem
1112 1303 1155 1328 ra-

255 1343 333 1372 men
356 1339 473 1375 mansit
496 1340 566 1382 post
587 1342 781 1383 expunstam
796 1342 1015 1377 calumniam.
1042 1343 1152 1379 Lucet

252 1398 296 1422 ex
318 1388 502 1424 curiositate
523 1390 733 1432 Imperatoris
756 1390 951 1425 Numeriani
976 1415 983 1425 .
1011 1392 1062 1426 Hi
1085 1403 1154 1426 non

252 1437 425 1480 capiebant
440 1459 451 1480 ,
478 1439 649 1484 quomodo
677 1438 828 1476 Christus
849 1440 1154 1478 Dominusanobis

251 1487 482 1525 immolaretur
510 1489 545 1526 ὅς
565 1485 815 1525 manducaretur
835 1491 904 1526 fine
915 1492 1073 1527 effusione
1085 1493 1152 1526 san·

252 1538 382 1582 guinis.
413 1540 457 1575 Et
479 1539 614 1584 quidem
638 1539 788 1575 Christus
814 1542 955 1577 existens
981 1543 1017 1576 in
1041 1543 1149 1579 coelo.

248 1588 378 1629 Eadem
392 1613 403 1630 ,
430 1600 464 1624 at
486 1590 539 1634 pia
564 1601 620 1634 per
644 1590 743 1625 fidem
765 1617 776 1633 ,
802 1593 969 1627 curiositas
982 1591 1150 1627 detinebat

245 1637 540 1681 Catechumenos,
566 1641 600 1675 ὅ(
614 1641 654 1675 ad
669 1642 770 1685 ipsam
784 1642 1055 1676 inflammandam
1068 1668 1079 1684 ‚
1105 1654 1152 1677 ar.-

248 1690 370 1731 queita
381 1690 628 1727 defiderandum
654 1692 689 1726 &
709 1692 960 1727 accelerandum
982 1693 1147 1736 Baptisma

248 1738 347 1773 fiebat
362 1740 420 1774 ista
433 1741 633 1778 occultatio.
662 1741 768 1777 Porro
781 1743 915 1778 Sanctus
942 1742 1147 1788 Augustinus

249 1787 284 1822 in
298 1788 443 1824 addustis
456 1790 538 1826 locis
552 1802 620 1825 non
636 1790 914 1827 affirmatcunnos
928 1791 1146 1828 catechume-

249 1849 311 1873 nos
323 1841 385 1874 effe
394 1848 527 1884 capaces
539 1837 674 1874 videndi
686 1841 830 1883 mysterii
843 1865 851 1872 .
882 1839 1003 1876 Multis
1015 1843 1048 1875 in
1064 1842 1144 1876 locis

248 1890 387 1924 affirmat
408 1891 594 1933 oppositum
609 1913 616 1922 .
644 1891 688 1924 Et
708 1891 753 1924 est
773 1901 821 1925 res
842 1891 1033 1925 manifesta.
1061 1892 1139 1934 Ejus

247 1940 352 1984 igitur
363 1940 471 1974 sensus
483 1940 529 1973 est
543 1963 554 1980 ,
580 1937 671 1982 quod
684 1939 782 1974 etiam
794 1939 967 1986 capacibus
979 1941 1141 1975 Carechu-

247 1989 352 2024 menis
376 1989 454 2024 reete
479 1990 536 2024 fiat
557 1990 740 2023 occultatio
763 2010 771 2022 2
798 1987 942 2023 Proinde
965 1989 1063 2023 fiebat
1096 1990 1142 2023 ob

244 2039 327 2075 duas
349 2040 481 2075 causas.
510 2037 650 2083 Propter
675 2037 1141 2083 Catechumenorumincapa-

245 2089 379 2125 citatem
395 2113 406 2130 ‚
432 2091 466 2125 ὅ(
488 2088 529 2125 ad
553 2089 798 2125 accendendam
823 2089 967 2134 ipsorum
979 2090 1141 2124 curiosita-

246 2147 334 2177 tem.
364 2139 408 2174 Et
431 2135 498 2174 haec
520 2139 627 2174 multo
648 2139 683 2174 &
711 2140 803 2184 gravi
827 2141 891 2174 ritu
902 2139 1092 2184 explebatur
1106 2140 1139 2173 in

245 2191 343 2225 noste
367 2189 515 2225 Paschali
540 2191 648 2224 statim
674 2191 743 2233 post
762 2190 948 2236 Baptisma.
975 2189 1138 2234 Baptizati

244 2227 356 2275 induti
379 2239 461 2276 albis
485 2262 496 2282 ,
523 2240 556 2275 ὃ(
579 2242 698 2276 Sancto
730 2240 1004 2275 Confirmationis
1036 2241 1139 2275 Sacra·

246 2300 363 2325 mento
375 2291 495 2325 muniti
511 2315 522 2331 ,
547 2291 749 2326 ducebantur
760 2291 948 2325 solemniter
965 2291 1005 2325 ad
1018 2291 1118 2325 altare
1129 2315 1140 2331 ,

245 2341 279 2375 δε
291 2339 447 2376 sumenda
463 2338 664 2376 Eucharistia
677 2342 750 2385 ipfis
762 2341 917 2385 singulari
930 2342 994 2375 ritu
1007 2339 1140 2375 demon-

89 2415 195 2446 ffimss
245 2390 426 2426 strabatur.
453 2391 503 2426 lta
526 2391 625 2426 habes
649 2390 735 2435 apud
746 2391 900 2428 San-'stum
914 2391 1137 2434 Augustinum

109 2435 120 2446 ”
170 2438 175 2445 ’
199 2419 228 2452 3¹
246 2440 283 2475 in
308 2442 455 2477 sermone
475 2442 517 2476 de
539 2440 691 2482 diversas,
717 2441 800 2485 apud
822 2441 974 2475 Sanstum
998 2439 1138 2474 Ambro-

246 2491 330 2525 sium
352 2492 387 2525 in
412 2490 502 2526 libris
525 2489 567 2526 de
595 2492 810 2527 Sacramentis
834 2513 846 2531 ,
871 2492 905 2525 δε
925 2489 1012 2534 apud
1036 2489 1137 2523 alios.

248 2539 354 2574 Tunc
376 2541 456 2576 item
481 2542 660 2585 Episcopus
683 2541 794 2586 paffim
809 2539 948 2575 habebat
960 2540 1139 2575 solemnem

249 2590 452 2624 sacrosancta}
485 2590 697 2626 Eucharistiae
734 2589 927 2636 panegyrim
953 2615 960 2624 .
1004 2590 1139 2624 Etenim

249 2638 444 2683 Neophytis
466 2636 691 2675 nihilostendi
713 2649 839 2683 poterat
853 2662 864 2680 ,
893 2640 949 2672 nisi
962 2641 1080 2683 species
1091 2652 1141 2684 pa·

251 2689 304 2723 nis
324 2690 357 2723 δε
381 2689 450 2723 vini
475 2713 483 2723 .
509 2689 603 2724 Hinc
629 2701 678 2725 ne*
699 2691 830 2724 infirma
853 2689 932 2723 fides
955 2691 1142 2732 cespitaret,

251 2738 400 2781 mysterii
415 2738 647 2774 sublimitatem
664 2739 844 2785 Episcopus
853 2750 894 2774 ex
908 2741 1034 2783 pectore
1047 2751 1143 2786 expo·

253 2787 369 2826 nebat.

324 2941 460 2989 Etiam
494 2935 672 3003 Ethm’ci,
697 2939 738 3007 st
761 2939 1047 3010 supervenerint
1060 2975 1073 2990 .

302 3088 399 3126 Hinc
409 3086 496 3125 lucet
504 3088 537 3125 G
542 3088 673 3126 nosticis
685 3102 722 3126 ac
733 3088 946 3125 Marcionitis
959 3088 1144 3134 superfuisse

253 3139 379 3186 aliquid
401 3140 570 3176 modicum
583 3141 776 3177 Christianae
787 3140 982 3184 disciplinae.
1010 3141 1142 3177 Etenim

254 3190 333 3227 licet
344 3200 421 3226 cum
433 3190 685 3232 Catechurnenis
703 3192 829 3227 adirent
843 3215 854 3231 ,
875 3200 983 3225 tamen
997 3202 1064 3225 non
1076 3190 1144 3224 adi·

258 3236 337 3276 bant
358 3250 435 3276 cum
457 3240 608 3276 Etbnicis
621 3267 628 3274 .
655 3240 723 3276 Eos
739 3240 869 3276 interim
881 3241 1027 3275 orationi
1041 3242 1143 3283 supet⁴

259 3290 426 3327 venientes
438 3288 634 3329 admiserunt
645 3313 654 3326 .
678 3292 782 3343 Qod
794 3290 912 3334 merito
922 3291 1056 3327 damnat
1067 3290 1143 3334 Sep·

1225 744 1267 771 rit
1279 763 1289 778 ,
1316 741 1351 773 Θ
1363 739 1480 773 beatam
1492 741 1576 775 illam
1587 742 1695 774 caedem
1702 739 1826 784 subierit
1836 763 1847 780 ,
1874 740 1936 775 baec
1948 744 1981 776 ὑ·
1992 743 2054 776 alta
2066 743 2118 776 hu.

1216 790 1255 831 ju
1254 787 1352 831 smodi
1363 791 1557 833 relinquimus
1568 792 1820 824 commemoranda
1829 790 1990 834 senioribus
2016 793 2119 826 Dodo-

1222 839 1324 872 ribus.
1356 843 1417 874 Res
1442 846 1522 875 enim
1542 846 1724 883 antiquiores
1745 842 1901 884 praeclarae
1912 842 1997 876 vobis
2010 844 2030 874 ἃ
2039 840 2118 884 sent,-

1223 888 1277 923 bus
1285 889 1399 933 poffunt
1413 897 1534 924 narrari
1549 914 1555 925 .
1585 891 1622 925 ln
1634 891 1777 936 ejusdem
1791 891 1946 936 Martyris
1960 892 2025 926 vita
2035 893 2118 931 affir-

1223 941 1362 975 mateffe
1377 949 1479 975 notam
1489 942 1689 986 Tragoediam.
1730 942 1875 979 Utinam
1898 942 1994 977 nobis
2014 943 2114 986 ipsam

1216 989 1316 1032 'plene
1328 993 1499 1026 enarrasset
1511 1017 1518 1026 .
1547 991 1661 1027 Refert
1674 990 1878 1036 illiusaliqua
1889 1007 1900 1027 :
1914 993 2042 1031 Babylas
2058 1002 2115 1035 per

1224 1039 1275 1073 bos
1288 1041 1351 1075 dies
1363 1040 1473 1081 Christi
1487 1042 1644 1083 Ecclefiam
1655 1043 1675 1076 ἃ
1687 1045 1817 1085 spiritus
1829 1043 1931 1078 saneti
1948 1049 2053 1086 gratia
2058 1043 2117 1085 fibl

1220 1092 1413 1126 concreditam
1437 1093 1503 1127 cum
1525 1091 1670 1132 haberet,
1695 1093 1800 1127 Ellam
1810 1102 1900 1137 atque
1921 1093 2011 1134 bajas
2023 1104 2113 1127 aemu·

1223 1140 1285 1172 lum
1291 1143 1322 1185 J
1326 1151 1450 1174 oannem
1463 1165 1474 1182 ‚
1501 1152 1559 1176 non
1568 1143 1630 1174 dico
1638 1149 1789 1184 praeterm
1800 1164 1810 1181 ,
1837 1154 1874 1176 ne
1884 1145 2048 1177 invidendo
2058 1145 2113 1176 ad-

1221 1192 1341 1228 modum
1354 1191 1445 1224 ver-bo
1456 1200 1548 1231 utar,
1571 1191 1727 1236 fedusque
1737 1194 1811 1226 adea
1832 1192 1868 1232 est
1888 1193 2049 1235 affecutur,
2077 1202 2112 1230 ut

1219 1251 1255 1272 ne
1267 1242 1421 1274 tantillum
1433 1243 1554 1283 quidem
1577 1241 1694 1275 illorum
1700 1240 1902 1284 generosorum
1909 1242 2059 1283 pellatam
2077 1244 2110 1275 lta.

1218 1290 1330 1323 bertatt
1341 1291 1500 1334 conceffirrtt
1513 1315 1521 1324 .
1548 1293 1655 1334 Neque
1675 1297 1753 1326 enlm
1775 1300 1938 1333 paucarum
1949 1297 2110 1325 civitatum

1218 1338 1434 1380 Tetrarcbam,
1461 1352 1556 1383 neque
1574 1346 1678 1385 gentis
1701 1346 1788 1374 unius
1812 1343 1920 1385 Regem
1933 1365 1944 1382 ,
1964 1339 2022 1384 sed
2042 1353 2110 1378 eum

1217 1395 1269 1432 qut
1289 1394 1417 1431 Imperio
1435 1389 1490 1433 suo
1507 1392 1673 1434 plurimam
1697 1391 1776 1424 orbis
1793 1399 1915 1434 partem
1925 1397 2108 1433 comment,

1217 1449 1281 1473 tum
1293 1440 1333 1472 ab
1347 1445 1466 1482 Imperi!
1476 1442 1676 1483 amplitudine
1688 1465 1699 1480 ,
1725 1449 1790 1474 tum
1801 1452 1951 1477 armorum
1962 1440 2110 1483 ferocita-

1214 1498 1243 1523 te
1268 1491 1451 1532 terribilem,
1478 1490 1564 1534 quasi
1585 1493 1650 1525 vile
1669 1493 1819 1533 quoddam
1840 1503 1875 1526 ac
1897 1493 2005 1525 nullius
2013 1497 2108 1534 prem

1215 1542 1393 1582 mancipium
1417 1565 1428 1582 ,
1446 1540 1487 1583 fic
1511 1543 1531 1573 ἃ
1559 1545 1616 1576 Dei
1643 1542 1749 1584 templo
1775 1548 1890 1585 exegit,
1916 1551 2004 1575 tama
2030 1543 2107 1577 ade&

1213 1601 1277 1624 cum
1303 1590 1467 1629 constantia
1489 1601 1580 1634 atque
1605 1597 1699 1624 anim}
1717 1590 1906 1634 praefimna,
1931 1602 1996 1625 cum
2013 1602 2109 1634 quaa·

1210 1648 1244 1673 ta
1270 1640 1372 1679 Pastor
1389 1639 1550 1684 scabiosam
1573 1653 1658 1676 ovem
1677 1641 1716 1674 ab
1749 1643 1822 1676 ovili
1843 1642 1972 1675 excludit
1992 1665 1999 1673 .
2041 1641 2106 1678 lm,-

1214 1700 1340 1733 perator
1367 1690 1588 1725 Numerianus
1604 1716 1616 1731 ,
1642 1702 1768 1737 pagana
1791 1691 1891 1725 nostri
1918 1690 2105 1732 incruenti,

1211 1739 1245 1774 in
1268 1751 1336 1784 quo
1360 1739 1508 1776 hominis
1545 1742 1652 1776 filium
1689 1742 1754 1776 fine
1774 1741 1943 1786 sanguinis
1980 1741 2107 1776 effufio-

1211 1801 1252 1824 ne
1264 1791 1298 1826 &
1312 1790 1527 1827 humanarum
1539 1792 1688 1827 carnium
1700 1792 1873 1827 voratione
1896 1789 2048 1826 audiebat
2062 1791 2107 1825 sa-

1209 1841 1345 1874 crificari
1372 1841 1405 1875 &
1428 1842 1639 1882 manducari,
1668 1841 1814 1883 mysterii
1836 1841 2024 1875 curiositate
2046 1839 2105 1875 du-

1207 1891 1275 1923 stus
1289 1910 1300 1930 ,
1326 1889 1465 1931 spectare
1488 1890 1595 1923 voluit
1614 1913 1626 1930 ,
1651 1890 1685 1923 &
1706 1888 1936 1932 dispensatorie
1966 1890 2099 1926 admitti

1209 1940 1292 1973 intra
1317 1939 1517 1973 Ecclesiam.
1549 1940 1594 1973 Et
1616 1939 1670 1982 qui
1693 1938 1840 1974 aSaneto
1853 1939 1977 1984 Babyla
2002 1941 2102 1983 impe-

1199 1996 1288 2020 ·trare
1312 1998 1380 2020 non
1408 1988 1541 2028 potuit,
1568 1988 1736 2021 violentus
1758 1989 1875 2031 irrupit
1896 2013 1908 2028 ,
1932 1990 1968 2024 dt
1993 1989 2101 2026 voluit

1207 2036 1342 2080 spestare
1359 2059 1366 2068 .
1394 2036 1473 2070 Erat
1486 2035 1582 2071 nobis
1594 2036 1718 2069 amicus
1731 2060 1742 2076 ‚
1769 2035 1911 2080 ideoque
1931 2039 2056 2073 censuit
2067 2040 2100 2074 se

1208 2097 1274 2120 non
1291 2083 1534 2122 exturbandum
1546 2111 1554 2120 .
1586 2085 1714 2120 Verum
1735 2085 1876 2129 Babylas
1886 2095 1952 2120 erat
1969 2087 2103 2134 Episco-

1207 2147 1287 2180 pus:
1314 2135 1394 2170 Hoc
1419 2136 1464 2170 est
1481 2160 1492 2176 ,
1519 2137 1675 2180 perscitus
1701 2147 1739 2170 ac
1761 2137 1995 2180 imperterritus
2009 2136 2102 2172 Chri·

1207 2187 1328 2224 stianus
1339 2211 1346 2219 .
1374 2184 1468 2221 Hinc
1480 2186 1575 2230 ejecit
1590 2186 1777 2231 Augustum
1789 2185 1973 2230 Principem
1986 2188 2102 2224 utvile

1205 2235 1427 2280 mancipium:
1459 2237 1502 2271 Et
1518 2236 1745 2280 Episcopalem
1758 2236 1942 2271 libertatem
1963 2238 2020 2271 suo
2034 2238 2101 2272 sau-

1205 2287 1307 2331 guine
1330 2286 1513 2332 obsignavit
1540 2312 1548 2320 .
1575 2287 1701 2321 Docuit
1725 2286 1955 2330 Apostolicum
1983 2287 2100 2321 Cano-

1205 2348 1299 2378 nem,
1326 2339 1385 2380 qui
1409 2348 1470 2372 nos
1492 2348 1567 2372 cum
1593 2336 1746 2372 Ethnicis
1769 2347 1879 2377 orare,
1911 2336 2044 2381 &ipsos
2057 2337 2100 2373 ad

1205 2388 1350 2421 nostrum
1375 2387 1581 2422 Sacrificium
1607 2386 1813 2430 spectandum
1838 2387 1966 2421 admitti
1988 2397 2099 2428 vetat,

1201 2436 1300 2470 etiam
1324 2437 1358 2469 in
1394 2436 1698 2480 supervenientibus
1720 2435 1783 2470 esse
1805 2437 1958 2480 religiose
1994 2436 2100 2472 obser·

1201 2486 1344 2520 vandum
1357 2511 1364 2519 .
1392 2486 1477 2521 Rem
1492 2486 1576 2521 banc
1587 2487 1731 2530 eleganti
1746 2486 1944 2530 compendio
1955 2487 2099 2530 comple-

1201 2547 1260 2570 xus
1282 2536 1329 2570 est
1353 2537 1388 2571 in
1411 2537 1465 2571 sua
1491 2536 1709 2571 Ecclesiastica
1740 2535 1875 2570 historia
1911 2534 2097 2572 Cardinalis

1204 2586 1389 2621 Anastasius
1412 2610 1423 2627 ‚
1451 2584 1723 2621 Bibliothecarius
1742 2586 1902 2620 Romanae
1923 2586 2096 2623 Ecclefiaee

1205 2640 1434 2676 Numerianus,
1459 2637 1523 2670 cum
1547 2637 1667 2680 vemffet
1690 2635 1873 2670 Antiochiam
1891 2659 1900 2674 ‚
1931 2637 2024 2670 voluit
2050 2642 2095 2670 ἰπ-

1204 2695 1285 2720 trare
1307 2691 1339 2719 in
1350 2685 1527 2730 Ecclesiam,
1554 2689 1588 2721 (w
1608 2688 1761 2728 explorare
1783 2685 2016 2729 Christianorum
2039 2699 2095 2726 my-
2113 2690 2228 2724 rol-ne

1198 2736 1310 2777 sterra.
1339 2742 1378 2768 At
1398 2739 1469 2771 vera
1492 2737 1619 2771 sanctus
1643 2737 1774 2776 Babylas
1794 2736 1943 2778 prohibuit
1968 2748 2032 2770 eum
2043 2739 2095 2770 ds·-

1204 2799 1291 2830 cens3
1318 2791 1391 2819 Non
1401 2786 1469 2821 licet
1480 2787 1535 2821 tibi
1548 2788 1654 2821 videre
1666 2790 1785 2820 Divina
1798 2786 2028 2827 Christianorum
2039 2800 2098 2828 my·

1199 2837 1287 2877 steria
1303 2862 1313 2878 ,
1339 2835 1446 2878 cumfis
1454 2838 1586 2879 pollutus
1601 2839 1721 2871 Idolicts
1732 2836 1892 2880 sacrificus
1904 2862 1912 2871 .
1938 2839 2003 2880 ,Qut
2015 2838 2095 2871 indi-

1200 2897 1314 2931 gnatus
1326 2887 1429 2920 occidit
1442 2899 1524 2921 eum.
1548 2885 1648 2934 Qod
1663 2888 1766 2930 ipsum
1779 2886 1899 2922 eisdem
1910 2887 1976 2922 fere
1988 2887 2093 2922 verbis

1207 2937 1312 2972 scribit
1335 2936 1543 2981 Nicephorus
1565 2938 1732 2972 Calixtus.
1765 2936 1867 2985 Quod
1889 2937 1966 2971 item
1987 2938 2092 2983 genti,-
2107 2957 2169 2989 ιη).
2197 2971 2224 2990 ².

1207 2989 1252 3021 les
1279 2987 1464 3032 Anglorum
1487 2987 1598 3032 Reges
1610 2988 1772 3021 voluerint
1797 2987 1905 3021 nostro
1924 2987 2089 3021 Sacrificio
2125 3006 2225 3037 cap-5²·

1206 3039 1326 3080 adesse,
1354 3037 1461 3072 scribit
1482 3037 1518 3072 in
1533 3039 1594 3072 suae
1604 3038 1710 3083 gentis
1724 3037 1858 3072 historia
1886 3036 2087 3071 Venerabilis

1206 3089 1310 3123 Beda.
1338 3086 1382 3122 Et
1394 3088 1487 3122 addit
1499 3088 1658 3123 violenter
1668 3087 1815 3131 speaaffe
1825 3112 1832 3122 .
1856 3086 1964 3122 Etiam
1978 3085 2090 3120 Theo-

1206 3138 1288 3182 phili
1314 3137 1508 3173 Patriarchae
1530 3139 1747 3173 Alexandrini
1775 3138 1975 3176 factionem,
1999 3132 2088 3179 quod

1205 3189 1245 3223 ad
1267 3190 1297 3223 se
1319 3188 1517 3232 ejiciendum
1540 3190 1681 3234 gentiles
1704 3188 1823 3223 milites
1844 3185 2087 3221 induxifl‘entin

1205 3238 1373 3274 secretiora
1399 3238 1547 3273 Ecclefiae
1563 3239 1684 3281 adyta,
1709 3249 1809 3283 atque
1829 3238 1874 3271 ita
1897 3236 2089 3270 sacrosancta

1205 3289 1313 3325 nostra
1355 3289 1509 3335 mysteria
1530 3288 1657 3326 abillis
1688 3288 1834 3333 conspici
1856 3283 2090 3370 permisissean

1953 3345 2014 3380 epu
