2346 3724
658 151 1072 203 (ἶἈΡῑτ

199 246 300 280 alium
314 245 435 280 malum
447 244 555 278 Deum
565 269 573 283 ,
597 243 698 277 alium
711 243 835 277 bonum
848 266 855 274 .
884 244 1000 276 Hocce
1012 241 1067 273 suo

201 297 336 340 palmari
354 295 514 339 principio
536 295 656 327 multos
667 294 814 328 &carnali
835 293 942 326 nostra
954 290 1046 333 plebe
1058 316 1068 331 ,

201 346 302 381 altam
316 347 349 379 in
363 345 496 388 antiqua
513 345 585 389 Iege
605 355 642 376 ac
661 344 729 386 ejus
744 344 958 377 Sacramentis
970 340 1071 374 Divi-

203 407 282 429 nam
304 395 540 439 providentiam
574 405 639 427 non
665 402 868 436 penetrantes
889 415 899 430 ‚
936 391 1072 424 seduxe-

203 456 296 479 runt.
327 446 380 479 De
390 445 518 479 laudata
543 445 614 488 lege
637 442 717 476 reste
741 442 849 476 scribit
875 443 908 475 in
931 439 1014 474 libro
1033 440 1073 473 de

207 496 350 529 utilitate
361 496 512 530 credendi
525 495 656 529 Sanetus
667 492 872 537 Augustinus
887 506 896 524 .-
909 494 993 534 ,Quia
1003 489 1074 534 sunt

179 538 188 548 ⁰
207 546 422 587 sbiquaedam,
447 557 515 588 quae
532 543 739 588 suboffendant
761 548 876 574 animos
898 550 1018 584 ignaros
1040 540 1074 573 (9·

209 594 458 639 negligentes-sui,
485 607 551 638 quae
570 598 705 626 maxima
728 593 815 625 turba
838 592 876 631 est
888 615 898 630 ‚
920 592 1077 633 populari-

209 654 256 678 ter
268 645 396 688 accusari
403 645 516 688 poffunt
526 669 537 684 ‚
563 643 684 685 defendi
700 652 799 675 autem
817 643 1003 684 populariter
1011 648 1080 682 pro-

205 703 277 738 pter
298 695 446 736 mysteria,
472 706 539 738 quae
558 694 604 726 bis
622 699 826 732 continentur,
853 703 910 725 non
933 693 953 723 ἂ
975 692 1076 724 multis

209 746 508 789 admodumpoffunt.
536 741 712 777 Foediffimi
726 739 903 776 Manichaei
925 741 1024 776 etiam
1042 740 1082 773 de

210 795 561 839 Antropomorphitica
572 792 674 828 haeresi
685 792 876 827 accusabant
889 792 1064 826 Ecclefiam
1075 813 1085 828 ‚

210 846 354 889 ideoque
377 858 432 890 per
443 846 552 880 Sanssi
565 842 729 879 Ambrofii
750 844 928 877 conciones
947 841 1085 875 meliora

211 896 343 930 edostus
353 895 487 930 Sandlus
499 894 705 939 Augustinus
723 893 832 927 scribit
855 893 886 925 in
901 891 990 925 libris
1001 890 1088 923 Con-

213 947 406 980 feffionum:
434 946 578 979 Gaudens
590 943 711 983 erubui,
738 955 795 975 non
806 953 851 976 me
875 951 918 974 tot
929 952 1021 973 annos
1036 940 1089 972 ad-

189 1002 197 1011 ·
216 997 323 1031 versis
336 995 520 1029 Catholicam
527 997 654 1032 Fidem,
679 992 737 1036 sed
746 1001 850 1026 contra
875 991 1039 1024 carnalium
1049 1000 1088 1021 co·

190 1042 199 1053 ⁹
212 1053 390 1092 gitationum
407 1045 550 1088 figmenta
568 1043 701 1085 Iatraffe.
727 1044 771 1075 Ea
785 1041 895 1082 quippe*
917 1044 1090 1072 temerarius

217 1099 252 1131 (9⁴
262 1100 370 1136 impius
374 1095 501 1136 fueram
511 1118 522 1133 ‚
548 1093 628 1135 quod
636 1103 670 1124 ea
695 1101 763 1132 quae
782 1089 922 1122 debebam
934 1089 1090 1132 quaerendo

216 1143 326 1187 discere
339 1168 348 1181 ,
374 1143 539 1186 accusando
550 1145 689 1175 dixeram
703 1162 710 1172 .
737 1139 785 1173 Ita
800 1140 916 1173 Ariani
936 1139 976 1173 de
988 1138 1092 1172 Sabel-

215 1195 286 1235 lio,
312 1192 487 1228 Sabelliani
512 1191 551 1224 de
574 1190 677 1228 Ario,
706 1189 946 1233 Apollinaristae
971 1201 1007 1223 ac
1023 1190 1092 1222 Eu·-

216 1242 417 1288 tychianide
428 1242 604 1282 Nestmio,
631 1239 819 1273 Nestoriani
831 1238 871 1274 de
884 1238 1092 1282 Apollinario

217 1305 275 1328 aut
287 1291 489 1335 Eutychete,
517 1290 700 1326 Donatistae
721 1289 761 1323 de
771 1289 988 1323 Traditorum
1007 1299 1095 1323 com-

218 1345 380 1379 munione
392 1366 402 1381 ,
426 1342 599 1387 Pelagiani
619 1342 658 1374 de
669 1339 828 1374 erroribus
842 1339 1095 1373 Praedestinatio·

217 1394 295 1434 nis,
321 1393 530 1426 Iconoclastae
550 1391 592 1426 de
618 1389 807 1425 Idololatria
822 1415 832 1430 ‚
859 1389 1039 1423 Lutherani
1064 1389 1098 1422 &

218 1440 410 1478 calvinistae
430 1442 471 1476 de
483 1442 595 1476 multis
617 1439 893 1483 superstitionibus
907 1451 944 1473 ac
962 1439 1099 1482 praevari·

218 1491 429 1532 cationibus,
456 1492 512 1525 alii
528 1491 666 1525 haeretici
688 1490 728 1523 de
750 1489 822 1523 aliis
846 1501 907 1524 nos
929 1489 1101 1522 criminan-

218 1552 274 1577 tur
284 1543 319 1576 &
332 1542 492 1576 infamant
502 1567 509 1573 .
538 1542 593 1575 De
605 1541 756 1574 omnibus
769 1538 925 1573 haereticis
938 1538 1020 1572 recte
1031 1549 1101 1581 pro-

219 1592 387 1626 nuntiavit
416 1591 593 1625 Facundus
619 1589 865 1624 Hermianensis
904 1589 1101 1632 Episcopus:

83 1664 140 1695 1³1>
160 1675 193 1695 ¹0
221 1646 270 1675 De
281 1639 498 1684 reprebenfione
517 1644 669 1681 Majorum
680 1636 900 1685 ignominiosam
920 1639 1047 1683 gloriam
1057 1648 1104 1671 ca-

84 1714 149 1743 09
180 1685 315 1741 32ptant
341 1714 350 1723 .
379 1691 551 1724 Imitantur
578 1693 670 1724 suum
698 1689 875 1733 principem
899 1688 1106 1728 Diabolum,

224 1742 280 1784 qui
293 1742 383 1775 suum
395 1765 406 1780 ,
433 1743 534 1773 Eritis
540 1738 613 1781 ficut
627 1744 679 1773 Dii
691 1763 701 1778 ,
722 1738 961 1773 ,Proto-plastis
986 1739 1105 1781 persua·

224 1794 338 1830 sutus,
364 1790 538 1824 exordium
549 1814 551 1817 s
563 1790 657 1824 duxit
676 1790 693 1823 a
708 1789 839 1822 Divinae
850 1788 1030 1830 Maiestatis
1042 1789 1107 1821 cri·-

225 1842 433 1878 minatione,
458 1840 620 1873 mentiens
642 1839 784 1872 scientias
810 1838 939 1881 lignum
963 1836 1109 1879 effeipfis

225 1890 246 1924 ἢ
260 1892 334 1925 Deo
347 1889 556 1922 interdictum
570 1898 625 1930 per
638 1884 796 1919 invidiam
810 1909 817 1917 .
845 1885 901 1919 Ab
925 1885 989 1919 hoc
1004 1884 1109 1930 Magi·

225 1940 293 1974 fito
304 1940 489 1973 didicerunt
509 1947 626 1971 omnes
649 1935 790 1968 haeretici
805 1935 911 1969 nostra
936 1936 1018 1971 reeta
1030 1936 1110 1981 dog-

226 2000 316 2026 mata
328 1988 486 2023 suffodere
499 2009 511 2027 ,
539 1987 595 2019 seu
616 1984 800 2018 criminari.

473 2134 607 2184 Adime
630 2134 705 2183 illis
730 2133 844 2202 legem
856 2171 869 2183 .

283 2286 358 2323 Ubi
375 2284 467 2320 dolet
489 2295 607 2328 corpus
626 2284 732 2318 statim
744 2294 878 2319 manum
892 2309 903 2325 ‚
930 2284 985 2318 ubi
1005 2283 1113 2318 anima

230 2337 323 2372 dolet
345 2361 355 2376 ‚
381 2335 484 2370 homo
507 2335 655 2380 linguam
681 2335 788 2369 statim
816 2335 953 2379 apponit
976 2359 983 2366 .
1011 2333 1113 2367 Porro

231 2385 408 2421 haerefisest
421 2386 587 2428 peffimum
600 2386 715 2418 animae
726 2386 833 2419 ulcus.
862 2384 954 2418 Hinc
967 2383 1115 2418 Sabellia-

232 2449 294 2471 nus
319 2437 359 2470 ad
383 2436 515 2469 Divinae
539 2435 686 2468 Effentiae
701 2435 883 2474 unitatem,
910 2435 1053 2468 Arianus
1073 2433 1113 2467 ad

231 2487 351 2521 Divini
373 2485 476 2519 Verbi
494 2485 862 2519 consubstantialitatem
876 2509 887 2524 ,
916 2484 1114 2528 Apollinari-

232 2539 279 2571 ssa
293 2546 391 2578 atque
404 2533 632 2578 Eutychianus
646 2534 687 2568 ad
699 2535 835 2569 duarum
857 2535 891 2568 in
903 2533 1037 2568 Christo
1048 2534 1115 2569 Do-

232 2588 329 2620 mino
351 2594 538 2618 naturarum
551 2585 708 2618 unionem
723 2609 733 2623 ‚
760 2584 977 2619 Nestorianus
987 2584 1027 2619 ad
1039 2583 1116 2627 ejus·

233 2636 307 2669 dem
319 2635 459 2669 Domini
474 2635 639 2677 personam
650 2658 661 2674 ,
688 2633 913 2669 Monothelita
925 2634 965 2668 ad
975 2633 1044 2676 ejus
1061 2645 1117 2667 vo-

234 2685 422 2721 luntates&
433 2683 638 2727 operationes
649 2709 659 2724 ‚
687 2684 886 2729 Pelagianus
905 2684 946 2718 ad
958 2683 1115 2717 Divinam

233 2735 373 2782 gratiam
397 2746 435 2767 ac
458 2733 594 2767 liberum
616 2733 784 2767 arbitrium
798 2758 808 2774 ,
834 2734 1039 2767 Iconoclasta
1056 2733 1116 2766 Iin-

235 2797 335 2832 guam
347 2785 456 2818 statim
469 2784 604 2827 apponit
616 2784 656 2817 ad
669 2784 769 2817 sacras
795 2784 975 2827 Imagines.
1006 2783 1116 2816 Etiam

238 2837 291 2870 hic
314 2835 483 2869 imitantur
495 2835 586 2867 suum
601 2832 778 2876 principem
799 2832 1001 2872 Diabolum,
1028 2832 1117 2874 cujus

236 2889 339 2930 prima
349 2884 389 2918 ad
403 2885 506 2917 Evam
521 2882 614 2916 verba
624 2893 715 2917 erant
731 2895 738 2915 ε
765 2887 863 2916 Eritis
870 2881 940 2922 ficut
958 2885 1011 2915 Dii
1022 2906 1029 2913 .
1058 2883 1118 2917 Ille

235 2938 324 2978 enim
348 2935 411 2968 hoc
433 2935 541 2967 ulcere
564 2932 733 2967 laborabat
752 2957 758 2964 .
786 2932 1061 2967 marcionitarum
1083 2933 1116 2967 &

235 2984 454 3029 quorumdam
467 2983 703 3018 Gnosticorum
725 2983 819 3016 ulcus
836 2991 902 3016 erat
914 2982 998 3016 circa
1008 2981 1115 3027 legem

237 3036 368 3079 Moysi,
397 3033 576 3076 Prophetas
595 3057 606 3073 ,
632 3044 670 3066 ac
691 3032 802 3066 Deum
825 3031 1013 3066 Creatorem
1032 3044 1039 3064 :
1068 3033 1116 3067 Ea

237 3087 303 3121 sola
318 3087 350 3119 in
362 3085 455 3118 omni
470 3085 526 3116 suo
539 3084 689 3116 sermone
700 3092 860 3116 noverant
881 3083 912 3116 &
933 3080 1116 3125 pruriebant

238 3138 386 3172 accusare
401 3159 407 3167 .
436 3136 568 3167 Horum
583 3132 741 3166 stabilitio
750 3141 818 3165 erat
831 3131 1003 3166 destrustio
1015 3132 1116 3165 totius

240 3185 437 3220 Marcionis.
466 3182 570 3216 Porro
593 3181 702 3217 omnis
724 3182 887 3215 accusatio
906 3192 976 3219 non
997 3181 1037 3215 ad
1059 3183 1115 3216 eri-

241 3235 384 3280 gendum
399 3232 597 3274 instituitur,
623 3232 676 3266 sed
697 3231 736 3265 ad
754 3231 993 3273 dejiciendum.
1023 3231 1116 3269 Hinc

240 3285 358 3321 flantia
368 3284 510 3318 fidelium
522 3283 701 3316 animarum
721 3281 854 3314 aedificia
866 3281 1002 3323 dejicere
1024 3281 1115 3316 dum-

240 3344 332 3370 taxat
344 3342 490 3376 poterant
500 3333 635 3366 fabulosi
660 3331 947 3365 isticriminatores
959 3355 971 3370 ,
997 3342 1116 3376 nequa-

240 3394 339 3429 quam
351 3381 472 3426 erigere
481 3383 619 3425 jacentes
639 3382 764 3416 animas
784 3381 992 3428 paganorum
1006 3406 1014 3413 .

340 3481 444 3521 Christ.
458 3485 535 3523 Lupi·
546 3487 642 3523 Opera
653 3485 731 3516 Tam.
745 3484 803 3516 IX.

1146 169 1161 198 1
1233 170 1283 197 s·
1369 157 1543 202 XLII.

1845 172 1944 222 357

1355 340 1528 391 Humiles
1546 331 1613 389 ἐφ
1638 340 1767 390 blandi
1778 348 1795 390 .·

1188 491 1335 525 Omnem
1355 488 1537 527 haereticum
1560 494 1621 528 effe
1643 493 1791 538 linguam
1812 489 1961 527 dolosam
1976 504 2015 527 ac

1141 541 1254 584 iniqua
1278 539 1363 574 labia
1387 543 1525 577 affirmat
1549 543 1583 577 in
1606 543 1722 587 quinto
1746 543 1891 576 sermone
1901 541 1941 577 de
1952 542 2019 576 De-

1143 589 1280 624 cembris
1300 589 1422 633 jejunio
1435 592 1569 627 Sanetus
1582 592 1667 636 Papa
1679 593 1749 627 Leo
1759 616 1769 631 ‚
1798 603 1895 635 atque
1910 592 2020 635 adjun-

1144 642 1192 684 git
1206 655 1216 673 .·
1245 641 1400 673 Humiliter
1425 646 1559 685 irrepunt
1578 668 1589 683 ,
1615 643 1723 676 blande*
1744 647 1868 683 capiunt
1890 666 1901 682 ‚
1928 643 2023 675 mom-

1147 701 1189 723 ter
1208 692 1323 734 ligant,
1350 691 1478 726 latenter
1499 694 1652 727 occidunt.
1681 698 1812 727 Veniunt
1832 697 1930 732 enim,
1948 691 2022 733 ficut

1148 742 1442 781 salvatorpraea'tcat
1458 767 1468 783 ,
1489 741 1547 785 sub
1563 742 1667 783 vestitu
1676 748 1775 776 ovium
1788 766 1797 781 ,
1823 743 1905 775 lntscs
1924 748 2023 775 autem

1145 789 1217 833 sunt
1228 791 1287 831 lup‘z'
1297 800 1420 833 rapaces
1431 816 1442 832 ,
1468 798 1539 835 quia
1552 793 1726 836 nonpoffent
1738 803 1827 826 veras
1839 793 1872 825 (5
1879 790 2025 833 simplices

1151 851 1220 873 oves
1225 840 1353 881 fallere,
1384 841 1558 883 nifiCbristi
1576 850 1691 876 nomine
1701 851 1830 886 tegerent
1850 842 1963 874 rabiem
1982 840 2029 874 be·

1146 887 1261 930 stialem
1272 914 1279 921 .
1307 895 1342 922 1n
1354 895 1392 924 iis
1404 901 1503 926 autem
1514 894 1645 926 omnibus
1667 901 1801 935 operatur
1814 916 1824 932 ,
1852 897 1903 934 qui
1919 888 2028 932 cumfit

1154 952 1235 973 verae
1257 942 1483 975 illuminationis
1507 948 1662 980 inimicus,
1689 948 1721 975 in
1742 943 1815 975 luces
1833 941 1865 985 se
1888 941 2029 984 Angelum

1154 990 1367 1034 transfigurat.
1396 995 1495 1032 Hujus
1514 1003 1579 1027 arte
1592 994 1760 1034 Bafilides‚
1787 992 1875 1032 hujus
1899 996 2031 1025 Marcum

1154 1040 1238 1073 callet
1266 1045 1402 1085 ingenio,
1427 1042 1478 1074 hoc
1501 1045 1572 1077 duce
1581 1050 1679 1087 agltur
1690 1042 1856 1082 sabellius,
1883 1041 1932 1074 hoc
1952 1049 2034 1082 prae-

1155 1095 1300 1132 cipitatur
1309 1091 1416 1125 rec‘lore
1427 1092 1572 1126 Photinus
1587 1117 1598 1132 ‚
1624 1093 1713 1133 hujus
1721 1091 1857 1133 potestati
1861 1092 2035 1132 famulatur

1157 1146 1267 1180 Arius,
1294 1139 1384 1183 hujus
1405 1143 1529 1182 5p1ritui
1545 1142 1641 1184 servit
1662 1146 1827 1175 Eunomia:
1848 1166 1856 1172 .
1896 1142 1949 1174 De
1977 1139 2039 1182 pri·

1157 1190 1218 1223 mis
1229 1189 1465 1224 Gnosticorum
1490 1190 1849 1226 Authoribusomnino
1867 1189 1988 1232 scripsit
1998 1185 2040 1221 ad

1158 1237 1379 1276 Timotheum
1394 1239 1593 1283 Apostolus:
1622 1244 1786 1274 Penetrant
1797 1241 1896 1272 domos
1907 1264 1917 1280 ‚
1945 1240 1980 1272 Θ·
1996 1248 2044 1270 ca·
2063 1236 2115 1273 ΕΡ·
2126 1241 2213 1270 ²·c·3·

1159 1294 1264 1332 privas
1275 1291 1385 1322 dueum
1395 1291 1579 1324 mulierculas
1592 1301 1730 1342 oneratas
1738 1296 1868 1332 peccatis
1883 1315 1890 1321 .
1919 1288 1962 1322 Et
1982 1287 2042 1321 ista

1164 1350 1229 1374 arte
1243 1340 1411 1384 insigniter
1424 1341 1554 1374 valuisse
1565 1341 1715 1374 Marcum
1730 1339 1954 1384 AEgyptium,
1979 1347 2044 1371 am-
2065 1350 2124 1380 fib,
2158 1359 2179 1377 r.

1165 1388 1215 1434 ple
1236 1389 1434 1423 demonstrat
1456 1391 1590 1423 Sanctus
1612 1390 1748 1424 Irenaeus
1769 1415 1776 1421 .
1813 1389 1918 1436 Qod
1939 1388 2046 1432 ipsum
2064 1399 2130 1428 cap·
2144 1400 2171 1425 9·

1166 1440 1365 1484 singulariter
1385 1438 1528 1473 calluifl'e
1544 1438 1739 1484 Pelagianos
1757 1440 1885 1473 testatur
1899 1440 2046 1483 frequen·

1168 1500 1216 1524 ter
1235 1489 1369 1523 sanetus
1393 1487 1613 1533 Augustinus.
1644 1490 1687 1522 Et
1707 1489 1748 1524 de
1763 1490 1894 1524 Arianis
1910 1488 2049 1522 adocei-

1169 1539 1313 1574 dentales
1326 1538 1507 1582 Episcopos
1519 1538 1629 1573 scribit
1640 1539 1785 1584 Magnus
1797 1539 1940 1572 Basilius:
1953 1539 2052 1571 Dedu·
2071 1547 2121 1583 Ep,
2138 1551 2185 1582 64·

1169 1598 1239 1623 cunt
1256 1590 1377 1632 peregre
1400 1587 1519 1631 quosvls
1538 1591 1783 1633 progredientes,
1809 1587 1946 1632 invisunt
1969 1587 2052 1629 infir-

1171 1651 1244 1677 mos,
1251 1637 1384 1681 solantur
1397 1639 1508 1678 moestos
1525 1664 1535 1680 ‚
1547 1641 1701 1680 adjuvant
1713 1640 1882 1673 laborantes
1892 1638 2054 1681 &preff013

1171 1696 1265 1722 omnis
1284 1694 1400 1732 generis
1421 1697 1503 1730 opem
1524 1691 1666 1731 adferunt
1684 1714 1694 1729 ,
1723 1689 1911 1731 mysteriorum
1935 1699 2056 1721 commu·

1174 1745 1288 1771 monem
1320 1737 1551 1777 administrant.
1601 1739 1649 1772 Ea
1669 1740 1750 1773 dicit
1772 1739 1834 1772 effe
1855 1737 2056 1775 retinacula,

1173 1788 1290 1831 quibus
1299 1787 1442 1823 seductas
1453 1799 1490 1821 ac
1503 1787 1663 1832 simplices
1676 1787 1783 1832 plebes
1795 1787 1842 1821 illi
1854 1786 1912 1821 fibi
1925 1786 2058 1822 adstrin-

1174 1847 1254 1884 gant
1266 1862 1273 1872 .

1256 1968 1355 2030 Nec
1373 1962 1462 2031 suis
1488 1965 1710 2029 Praefidibus
1729 1971 1976 2016 reverentimn

1503 2052 1681 2086 noverunt
1694 2072 1706 2085 .

1225 2186 1358 2234 Qanta
1380 2187 1477 2222 fuerit
1496 2187 1719 2232 antiquiorum
1738 2189 1882 2226 fidelium
1894 2203 1969 2237 erga
1984 2194 2055 2228 suos

1179 2237 1359 2281 Episcopos
1380 2249 1417 2272 ac
1439 2238 1519 2272 alios
1541 2237 1727 2283 Praepositos
1740 2243 1917 2277 reverentia
1930 2268 1940 2283 ,
1969 2243 2056 2278 lucet

1175 2299 1215 2321 ex
1239 2286 1303 2322 hoc
1327 2286 1524 2331 Apostolico
1546 2288 1685 2325 Canone
1706 2304 1713 2323 ι
1742 2291 1866 2326 obedite
1886 2293 2055 2336 Praepofitis
2073 2277 2208 2316 Haeb·¹3·

1177 2337 1280 2377 vfflris
1292 2362 1303 2377 ‚
1329 2339 1362 2370 6·
1372 2336 1521 2381 subjacete
1531 2344 1574 2372 eis
1584 2365 1591 2372 .
1621 2341 1713 2374 Hinc
1724 2339 1764 2375 de
1780 2341 1913 2387 Abgaro
1926 2336 2055 2378 Edesse-

1177 2398 1293 2420 norum
1317 2387 1409 2432 Rege
1420 2413 1430 2428 ‚
1458 2390 1491 2423 ὅ(
1522 2389 1716 2424 adventante
1741 2390 1781 2424 ad
1803 2392 1907 2436 ipsum
1935 2395 2054 2428 Sancto

1176 2436 1347 2471 Thaddaeo
1359 2438 1524 2481 Apostolo
1537 2439 1646 2474 scribit
1658 2440 1689 2473 in
1706 2440 1926 2477 Ecclefiassica
1939 2443 2055 2478 Histo-

1177 2488 1220 2520 ria
1235 2487 1391 2521 Eusebius
1403 2487 1609 2523 Caesareenfis
1621 2503 1632 2522 .·
1644 2491 1777 2534 Abgarus
1789 2492 2059 2536 Thaddaeumsup--
2072 2508 2133 2538 Lib.
2143 2514 2182 2538 *rs

1172 2538 1243 2578 plex
1253 2538 1414 2570 adora-ott.
1443 2536 1546 2572 Addit
1558 2538 1636 2583 quid
1648 2541 1809 2575 Divinum
1827 2544 2006 2586 apparuisse
2019 2545 2054 2578 in
2071 2556 2189 2587 cap.13.

1178 2587 1258 2620 facie
1269 2585 1440 2630 Apostoli,
1459 2597 1557 2630 atque
1571 2590 1615 2622 ita
1626 2599 1750 2624 tantam
1769 2591 1816 2624 illi
1829 2593 1997 2635 praestitam
2010 2605 2056 2628 re-

1178 2637 1351 2671 verentiam
1363 2636 1455 2671 fuiffe
1467 2637 1575 2680 potius
1586 2639 1754 2683 Deiopus,
1768 2642 1862 2684 quam
1877 2642 1991 2686 Regis.
2011 2645 2054 2677 Et

1176 2687 1215 2719 de
1227 2687 1256 2721 S.
1267 2686 1453 2730 polycarpo
1467 2687 1629 2730 Episcopo
1642 2690 1710 2726 suo,
1720 2701 1774 2731 per
1784 2689 1865 2723 Afiae
1874 2690 2053 2725 Proconsu-

1178 2739 1237 2769 lem
1244 2735 1401 2770 damnato
1411 2737 1451 2770 ad
1463 2737 1557 2780 ignes
1565 2761 1575 2777 ,
1585 2737 1723 2780 ideoque
1734 2736 1795 2771 sese
1807 2739 2005 2774 vestimentis
2016 2742 2052 2775 δε

1177 2785 1292 2819 calceis
1298 2784 1490 2826 exuente,ad
1499 2796 1554 2819 om
1560 2797 1614 2819 nes
1626 2786 1683 2820 sub
1691 2787 1934 2824 coeloEcclefias
1943 2789 2054 2825 scribit

1179 2834 1315 2869 Ecclesia
1329 2835 1547 2878 Smyrnensis:
1576 2837 1747 2878 Polycarpus
1758 2838 1795 2869 id
1802 2847 1893 2872 antea
1914 2841 2050 2883 altquan-

1176 2887 1211 2918 do
1216 2884 1318 2926 facere
1336 2896 1394 2917 non
1415 2883 1626 2928 consueverat,
1649 2894 1808 2928 propterea
1818 2891 1898 2931 quod
1897 2888 2004 2934 fingult
2012 2890 2051 2932 fi-

1176 2937 1254 2968 deles
1275 2946 1381 2979 magno
1393 2934 1491 2975 studio
1511 2941 1586 2968 inter
1593 2934 1627 2977 se
1649 2939 1878 2979 contenderent,
1903 2946 1973 2983 quis
1981 2946 2051 2983 pri·-

1176 2997 1255 3018 mum
1267 2991 1294 3017 ei
1306 2990 1337 3017 in
1349 2985 1397 3025 isto
1407 2996 1523 3022 munere
1535 2984 1702 3028 deserviens
1710 3010 1721 3027 ,
1746 2995 1848 3029 corpus
1861 2990 1943 3025 illius
1959 2991 2051 3033 posset

1175 3034 1368 3068 contrellare.
1395 3035 1652 3079 Exstatepistola
1674 3037 1757 3078 apud
1770 3039 1934 3081 praefatum
1955 3038 2051 3074 Euse—
2068 3039 2163 3075 Lib.4·

1176 3086 1282 3118 bium.
1307 3083 1409 3133 Qod
1427 3085 1606 3127 Imperator
1616 3085 1851 3123 Constantinus
1872 3101 1940 3124 non
1965 3090 2051 3124 solos
2067 3089 2130 3119 εειΡ·
2139 3090 2183 3115 14·-

1177 3135 1354 3178 Episcopos
1368 3159 1378 3174 ‚
1407 3134 1458 3168 sed
1472 3133 1658 3170 Monachos
1671 3134 1881 3173 honoraverit
1892 3141 1984 3174 omni
1996 3142 2050 3174 of-

1174 3186 1249 3218 ficio
1261 3210 1270 3224 ,
1298 3185 1384 3219 idem
1396 3185 1539 3227 Scriptor
1549 3184 1680 3218 testatur
1700 3186 1732 3219 in
1746 3187 1814 3230 ejus
1836 3190 1900 3223 vita
1911 3214 1918 3220 .
1945 3190 2049 3238 Qod

1173 3235 1280 3278 &ipse
1293 3235 1403 3276 &ejus
1414 3233 1474 3267 filii
1487 3236 1603 3268 Sansto
1615 3236 1784 3278 praesertim
1799 3237 1950 3273 Antonio
1973 3251 2052 3275 tam-

1175 3295 1270 3326 quam
1283 3284 1370 3317 Patri
1383 3284 1555 3318 scriberent
1567 3284 1674 3327 plenas
1684 3288 1776 3320 omni
1789 3290 1965 3323 reverentia
1986 3290 2053 3334 epi-

1176 3335 1291 3375 stolas,
1317 3334 1445 3377 ejusque
1459 3333 1619 3377 Responsa
1632 3345 1842 3379 exoptarent,
1868 3338 2004 3373 affirmat
2016 3340 2051 3374 in

1177 3383 1272 3426 hujus
1285 3385 1349 3418 vita
1367 3384 1498 3418 Sand'tus
1511 3383 1722 3419 Athanasius.
1752 3386 1855 3421 Addit
1870 3381 2051 3429 Balacium,

1177 3433 1302 3468 militia
1313 3433 1509 3480 Magistrum
1519 3458 1534 3477 ,
1558 3432 1646 3479 quod
1664 3433 1802 3476 ejusdem
1815 3437 1956 3473 Antonii
1969 3435 2052 3474 litte-¹

1674 3486 1711 3519 H
1736 3484 1759 3520 h
1957 3498 2004 3522 ras
