2346 3724
106 1708 166 1747 Ep.
176 1709 223 1742 48.

702 156 1115 199 C‘Aprr

239 239 467 284 Anti-Papam
486 263 497 279 ‚
525 236 580 279 qui
607 236 765 280 plurimos
787 236 828 271 ab
853 234 995 270 Ecclesia
1018 235 1126 268 secum

238 292 456 328 abstraxerat,
482 286 709 321 Novatianum
731 285 896 322 hortando
918 284 1026 318 scribit
1050 285 1127 317 San-

238 345 307 376 ctus
329 338 519 382 ‘Dionysius
539 336 726 372 Patriarcha
747 335 1018 371 Alexandrinus:
1040 338 1126 379 Jam

237 393 305 435 ergo
312 389 337 430 fi
347 392 396 422 vel
400 389 555 433 suadendo
570 413 580 428 ,
607 390 659 422 vel
666 387 752 430 quasi
759 394 794 421 v!
803 386 999 427 compellendo
1005 384 1125 425 fratres

239 443 284 474 ad
298 439 431 481 Ecclefiae
441 441 623 472 concordiam
634 441 731 472 redire
748 438 854 479 efficias
865 461 876 476 ,
904 436 998 477 culpae
1010 441 1126 478 magni-

239 491 376 525 tudinem
385 489 570 524 correeiioms
581 491 684 522 modus
691 488 786 530 facile
805 485 977 530 superabit.
1007 485 1125 521 Simili-

239 553 289 575 ter
302 541 490 573 Maximum
513 539 674 573 Romanae
697 538 843 571 Ecclefiae
870 536 1096 578 Presbyterum
1115 560 1124 575 ‚

241 591 372 625 &alios
393 591 550 634 quosdam
574 588 800 627 confessores,
827 587 950 621 distum
973 585 1125 619 Anti-Pa·

240 653 317 685 pam
330 642 498 683 sequentes
509 665 518 678 ,
531 641 565 673 in
578 638 852 673 communionem
873 638 905 671 ὃς
918 636 1057 681 gradum
1072 635 1125 668 ad-

240 692 327 725 misit
352 692 484 726 Sanetus
504 689 659 724 Pontifex
684 687 877 727 Cornelius,
905 687 982 729 quod
993 686 1126 729 plerique

237 742 360 784 fratres
371 767 381 783 ,
408 739 499 785 quise
511 747 556 774 eis
568 743 775 781 adiunxerant
787 763 797 779 ‚
824 738 889 771 una
902 737 1042 770 redirent
1053 758 1063 774 ‚
1091 736 1124 769 δε

240 792 358 835 reliqui
372 804 487 826 omnes
509 790 644 825 redituri
662 791 879 834 sperarentur.
907 787 956 822 Ita
970 786 1126 820 habemus

239 842 279 875 in
292 842 383 876 istius
394 841 567 877 pontificis
588 840 729 879 litteris,
754 837 955 872 exstantibus
971 838 1005 870 in
1021 836 1126 880 Rege-

241 892 294 926 sso
315 893 423 927 Sancti
448 891 609 934 Cypriani
636 914 642 921 .
670 886 855 922 Istiusmodi
884 888 1064 921 sedudiores
1085 885 1125 918 ad

240 943 319 977 :suos
339 936 486 976 seductos
519 939 722 973 reducendos
756 937 913 973 adhibere
937 937 1128 980 obligantur

241 1002 426 1026 extremum
451 1001 606 1025 conatum
620 1013 631 1029 ,
658 990 690 1023 &
703 1000 784 1022 tunc
803 988 988 1033 semetipsos
1009 985 1126 1028 poffint

241 1042 340 1075 solari
361 1053 403 1076 ex
423 1041 546 1075 laudati
571 1039 723 1081 Dionysii
747 1037 787 1071 ad
801 1046 1018 1070 memoratum
1033 1035 1130 1068 Anti-

241 1089 366 1134 Papam
378 1090 651 1133 consequentibus
664 1088 786 1121 verbis:
813 1087 906 1129 ,Quod
919 1085 948 1127 fi
958 1087 1021 1126 illi,
1049 1085 1125 1118 fide-

240 1141 289 1174 les
312 1150 367 1183 per
397 1149 430 1172 te
452 1139 580 1182 perversi
604 1163 615 1178 ‚
641 1139 715 1171 adeo
734 1145 915 1171 contumaces
936 1160 946 1175 ,
973 1137 1006 1169 (¹5
1029 1141 1127 1168 animo

239 1189 386 1231 obstinato
391 1189 531 1231 fuerint,
556 1197 589 1221 ut
604 1188 809 1221 nihilomnino
834 1196 862 1219 te
869 1186 944 1230 posse
967 1187 1052 1227 apud
1062 1187 1127 1219 illos

243 1239 391 1280 existimes
405 1264 416 1279 ‚
442 1248 475 1272 tu
498 1247 598 1272 tamen
619 1248 703 1272 tuam
726 1235 812 1279 ipfius
833 1242 965 1270 animam
981 1232 1102 1279 servato
1120 1259 1127 1267 .

242 1290 363 1324 Exstat
377 1289 444 1322 haec
466 1288 602 1332 epistola
627 1290 660 1322 in
675 1290 766 1322 sexto
790 1285 874 1320 libro
885 1285 1128 1320 EusebiiCaesa-

244 1339 362 1374 reenfis
375 1364 383 1372 .
412 1339 522 1372 Etista
542 1338 656 1373 omnia
669 1338 849 1372 fundantur
870 1336 1072 1374 innaturalis
1084 1335 1130 1378 ju-

241 1390 290 1423 xis
300 1389 426 1433 regula:
454 1394 527 1422 Non
549 1390 715 1422 dimittitur
732 1395 905 1429 peccatum,
931 1384 985 1427 riifi
1003 1385 1129 1425 restitua-

242 1448 295 1472 tur
317 1440 471 1478 ablatum,
497 1450 561 1472 cum
578 1438 689 1478 restitui
706 1437 800 1479 potest
822 1462 829 1469 .
858 1437 993 1471 Etenim
1018 1435 1129 1470 fideles

241 1489 357 1522 secum
379 1489 534 1522 seducens
556 1487 722 1521 haereticus
735 1512 745 1526 ,
771 1496 828 1520 aut
848 1487 955 1529 quivis
971 1486 1055 1519 alius
1070 1486 1128 1518 cri-

240 1538 392 1572 minosus
405 1562 416 1577 ,
437 1537 483 1571 est
495 1538 560 1570 veri
584 1534 783 1581 plagiireus,
810 1535 963 1570 Domino
976 1535 1053 1568 Deo
1076 1533 1129 1568 ab·

241 1587 335 1622 ssulit
348 1588 437 1621 suam
452 1587 676 1631 poffeffionern
689 1611 700 1627 ,
726 1585 874 1628 adeoque
895 1584 1065 1619 obstrietus
1084 1586 1128 1619 est

241 1638 448 1672 restitutioni
463 1662 470 1669 .
499 1637 689 1671 Etomnem
715 1636 801 1669 hanc
823 1635 992 1680 regulam,
1016 1635 1064 1668 uti
1078 1646 1130 1668 ne-

241 1688 414 1722 cessa-riam
434 1688 712 1726 &communem,
739 1684 851 1719 laudat
872 1686 1003 1719 Sanetus
1017 1685 1129 1728 Augu·

242 1738 348 1771 stinus
368 1736 403 1771 in
424 1737 562 1780 epistola
583 1737 623 1771 ad
637 1735 856 1771 Vincentium
871 1735 1128 1771 Carrennensem

242 1788 451 1831 Episcopum
463 1787 728 1832 Rogatistarum.
760 1786 854 1819 Hinc
879 1784 980 1833 ipsam
1001 1784 1130 1818 Roma-

242 1850 288 1874 na
301 1837 443 1871 Ecclefia
465 1836 602 1871 servavit
626 1836 705 1869 &in
718 1835 910 1874 Marcione,
925 1833 992 1868 'seu
1008 1834 1131 1868 Cerdo-

243 1901 308 1924 ne.
339 1886 471 1926 Estne,
497 1885 576 1921 dum
588 1884 777 1921 conditioni
790 1883 847 1918 fibi
874 1884 956 1918 datae
969 1883 1132 1921 occurrit,

243 1939 431 1975 suitmorte
440 1946 620 1979 praeventus
633 1961 641 1968 .
664 1935 709 1971 Et
722 1932 800 1967 hinc
823 1933 864 1967 de
885 1933 956 1977 ipso
974 1934 1040 1968 dici
1062 1934 1130 1977 pos-

243 1990 304 2030 fit,
332 1987 423 2031 quod
444 1985 485 2022 de
505 1989 609 2031 seipso
628 1986 716 2020 dixit
746 1983 890 2019 moriens
911 1995 949 2017 ac
970 1983 1132 2027 poenitens

244 2037 463 2074 Haeresiarcba
492 2035 728 2078 Berengarius:
756 2034 855 2069 Hodie?
878 2033 1038 2074 apparebit
1059 2031 1134 2065 mlh}

245 2092 396 2121 Dominus
421 2096 504 2118 meus
519 2083 655 2128 JESUS
666 2082 826 2121 christus,
845 2090 969 2124 propter
974 2085 1130 2124 poeniten-

246 2139 345 2178 tlam,
366 2136 475 2181 spero,
501 2136 545 2168 ad
560 2135 686 2178 gloriam
710 2157 718 2165 .
746 2136 876 2174 Propter
897 2133 991 2173 alios,
1019 2134 1132 2173 utique

246 2189 372 2232 abipso
393 2186 579 2231 perversos,
604 2192 637 2217 ut
649 2190 755 2221 timeo,
779 2183 951 2224 adpoenam
967 2207 974 2214 .
1001 2182 1129 2216 Defun-

247 2242 318 2274 stus
326 2239 417 2273 enim
430 2236 494 2270 suit
516 2235 551 2269 in
575 2234 656 2268 festo
668 2232 858 2268 Dorninicae
876 2232 1108 2275 Apparitionis
1123 2255 1133 2270 ‚

247 2294 303 2325 seu
332 2286 526 2332 Epiphaniae
546 2310 553 2317 .
584 2283 697 2317 Habes
719 2282 778 2317 ista
802 2281 890 2326 apud
912 2282 1130 2315 Guilielmum

246 2336 545 2375 Bibliothecarium
585 2332 780 2368 Monasterii
818 2331 1130 2366 Malmesberienfis.

248 2390 295 2424 Et
306 2388 439 2432 quidem
460 2397 500 2419 an
512 2384 666 2418 Marcion
680 2406 691 2422 ,
703 2391 760 2416 aut
770 2381 871 2415 etiam
883 2382 1017 2415 Cerdon
1030 2380 1131 2413 istius-

247 2441 343 2475 modi
367 2434 592 2480 poenitentiam
612 2431 714 2477 egerit
735 2455 746 2470 ‚
781 2442 820 2464 ac
840 2430 921 2464 datae
941 2428 1131 2464 conditioni

248 2487 412 2524 studuerit
431 2494 622 2523 occurrere,
648 2482 693 2516 est
716 2480 810 2515 valde
828 2478 1010 2514 incertum.
1041 2479 1130 2515 Uni·

249 2552 309 2576 cus
331 2538 396 2572 hoc
416 2534 530 2570 scribit
548 2531 741 2577 Septimius.
772 2530 907 2574 Reliqui
928 2529 1040 2564 Patres
1061 2531 1132 2573 sup-

249 2588 424 2635 ponuntin
439 2584 587 2619 haeretica
600 2581 780 2626 pertinacia
792 2580 984 2615 defunsium
1002 2581 1132 2614 descen—

250 2642 332 2675 disse
343 2636 538 2671 adlnferos.
568 2630 741 2679 Qidquid
763 2631 821 2671 fit,
847 2630 933 2665 istud
957 2630 1058 2666 etiam
1080 2631 1132 2664 Se-

250 2690 387 2735 ptimius
406 2684 559 2728 supponit
578 2683 620 2717 de
640 2681 845 2718 Valentino.
873 2680 978 2715 Porro
999 2692 1054 2724 per
1072 2684 1130 2713 Pa-

251 2753 314 2775 cem
327 2735 485 2779 intelligit
505 2732 767 2767 sacramentalem
789 2730 1112 2765 Reconciliationem
1123 2756 1130 2763 .

251 2793 336 2827 Haec
356 2786 446 2821 enim
466 2783 512 2817 est
524 2794 596 2817 vera
619 2782 726 2817 nostra
746 2792 823 2816 cum
835 2781 910 2815 Deo
931 2792 1013 2824 pax.
1041 2781 1132 2829 Qia

249 2842 323 2875 sola
345 2842 476 2882 peccata
487 2833 635 2876 separant
656 2834 741 2868 inter
761 2832 872 2865 Deum
894 2830 1129 2865 &hominem.

252 2891 312 2926 Est
330 2882 528 2922 vocabulum
545 2884 644 2917 etiam
663 2882 781 2919 Sansto
792 2879 963 2923 Cypriano
974 2905 986 2922 ‚
1012 2891 1050 2915 ac
1061 2882 1132 2916 aliis

253 2938 400 2984 antiquis
410 2933 560 2972 Patribus
579 2929 870 2978 frequentissimum
883 2956 890 2964 .

596 3085 790 3179 isui

355 3386 461 3428 christ.
471 3392 548 3429 Lupi
559 3391 656 3428 Opera
664 3385 696 3415 T.
707 3385 764 3415 IX.

637 3085 786 3129 fs&

652 3184 687 3231 ‚3

1187 167 1203 196 1
1273 167 1291 195 s
1411 154 1597 197 XXX.
1896 172 1993 218 249

1253 320 1297 362 Si
1332 321 1390 363 (9⁴
1417 316 1560 385 Apellis
1582 294 1748 381 stemma
1781 323 1987 369 retrabim-

1457 387 1546 435 dum
1569 388 1641 452 cst,
1688 393 1779 437 &a

1236 537 1288 570 De
1301 535 1482 571 Marcionis
1495 540 1635 574 factione
1649 539 1759 574 scribit
1777 540 1809 574 in
1826 539 1933 583 primo
1944 536 2061 572 haereti-

1185 596 1294 620 carum
1308 585 1489 621 fabularum
1506 588 1590 624 libro
1602 589 1857 624 Theodoretus:
1886 595 1943 622 Hic
1954 600 2063 631 quoque

1184 646 1273 668 coetus
1284 638 1391 669 multas
1402 644 1434 670 in
1442 647 1548 680 partes
1561 639 1677 682 divisus
1689 640 1731 673 effi
1757 641 1810 673 Sic
1821 640 1910 673 enim
1921 641 2065 679 cunffis,

1185 686 1274 728 quod
1297 688 1430 731 quisque
1454 689 1533 723 velit
1553 693 1614 724 effe
1631 692 1689 724 suo
1701 690 1877 734 Symmista
1900 690 2002 732 major
2027 700 2065 722 ac

1186 736 1332 777 doctior,
1359 736 1521 773 haerefibus
1533 740 1653 783 semper
1666 740 1776 775 evenit
1797 750 1895 782 atque
1922 740 2065 774 eveniet.

1188 786 1230 818 Et
1246 788 1387 829 primum
1401 788 1584 824 Marcionis
1607 790 1785 832 apostatam
1797 790 1972 834 Septimius
1985 790 2067 823 dicit

1187 837 1460 879 fuisseApellem.
1491 840 1594 888 Qod
1616 840 1721 883 ipsum
1735 840 1843 875 scribit
1864 841 1896 875 in
1921 840 2005 874 libro
2024 840 2065 873 de
2101 875 2110 881 ,

1187 886 1295 920 Carne
1306 888 1447 922 Christi:
1476 892 1592 931 Apelles
1615 889 1794 933 discipulus,
1823 891 1961 933 &posteri
1973 888 2066 934 deser-
2085 875 2159 911 υἷ’·
2182 883 2206 902 ¹⁸

1186 945 1231 968 tor
1243 940 1421 970 Marcionis.
1451 940 1492 973 Et
1502 941 1534 973 in
1549 941 1615 975 alio
1627 940 1768 983 ejusdem
1781 940 1854 975 libri
1867 941 1943 975 loco
1957 955 1968 974 .-
1989 943 2067 982 ,Qui-

1185 987 1256 1017 dam
1271 986 1422 1030 Discentes
1435 993 1596 1024 Marcionis
1619 994 1754 1032 Pontici,
1775 990 1870 1034 supra
1893 991 2067 1035 Magistrum
2088 992 2159 1027 CJP·
2178 997 2203 1024 5·

1183 1034 1286 1078 sapere
1298 1038 1450 1081 compulsi,
1475 1042 1633 1074 concedunt
1646 1041 1761 1079 christo
1772 1047 1874 1075 carnis
1887 1048 2044 1075 veritatem
2056 1065 2067 1079 ,

1180 1085 1242 1127 fine
1251 1090 1430 1129 prejudicio
1440 1098 1542 1123 tamen
1553 1093 1714 1125 renuendae
1725 1098 1899 1130 nativitatis
1914 1115 1921 1124 .
1951 1091 2070 1124 Habue-

1189 1142 1228 1168 rit
1244 1161 1253 1176 ‚
1280 1139 1438 1179 inquiunt,
1464 1151 1604 1181 carnem,
1631 1142 1704 1174 dum
1727 1144 1844 1174 omnino
1866 1153 1924 1174 non
1946 1151 2067 1173 natam.

1191 1189 1388 1220 Pervenimus
1413 1194 1505 1232 igitur·
1527 1192 1563 1222 de
1584 1192 1714 1224 calcaria
1734 1197 1766 1223 in
1784 1192 1990 1223 carbonariam
2016 1215 2026 1230 ,
2050 1192 2071 1221 t)

1190 1240 1338 1270 Marcione
1360 1240 1404 1271 ad
1427 1237 1555 1282 Apellem
1569 1265 1578 1279 ‚
1607 1246 1659 1284 qui
1665 1240 1853 1283 posteaquam
1872 1243 1892 1273 ιὶ
1913 1239 2071 1283 disciplina

1191 1290 1351 1320 Marcionis
1378 1294 1409 1320 in
1434 1291 1583 1323 mulierem
1612 1301 1699 1324 carne
1721 1290 1823 1332 lapsus
1845 1315 1856 1331 ‚
1886 1293 1923 1325 de
1947 1291 2014 1323 hinc
2039 1296 2071 1322 in

1192 1343 1341 1379 virginem
1365 1339 1575 1372 Philumenam
1594 1339 1704 1382 spiritu
1715 1339 1836 1383 eversus
1862 1340 1919 1381 esi,
1943 1339 2072 1383 solidum

1193 1386 1302 1426 Christi
1325 1397 1449 1430 (orpus,
1472 1389 1600 1431 scdfine
1623 1396 1809 1430 nativitate,
1833 1389 1956 1433 suscepit
1979 1391 2018 1422 ab
2037 1401 2081 1422 ea.

1189 1438 1359 1478 praedicare
1382 1463 1389 1470 .
1417 1441 1462 1471 Er
1486 1441 1593 1483 Angelo
1614 1442 1735 1481 quidem
1755 1442 1799 1473 illi
1820 1440 2007 1473 Philumenes
2026 1451 2074 1472 ea-

1193 1488 1261 1519 dem
1280 1498 1348 1520 voce
1369 1489 1516 1529 Apostolus
1536 1489 1724 1532 respondebit
1747 1515 1759 1530 ,
1785 1502 1845 1533 qua
1870 1491 1954 1523 illum
1977 1488 2074 1533 ipsum

1193 1545 1260 1568 runc
1272 1537 1456 1577 praecinebut
1478 1551 1489 1570 .·
1526 1538 1660 1580 Erramfi
1676 1539 1805 1582 Angelus
1827 1542 1864 1573 de
1884 1541 1962 1573 coelis
1986 1541 2076 1573 aliter

1192 1587 1448 1629 evangelizaverit
1461 1588 1564 1629 vobis,
1590 1592 1682 1631 quam
1701 1601 1753 1622 nos
1777 1592 2054 1634 evangelizavimus
2067 1616 2077 1629 ,

1192 1636 1356 1688 anathema
1366 1636 1422 1678 fit.
1451 1638 1495 1671 Et
1519 1639 1553 1672 in
1574 1640 1673 1673 tertio
1694 1638 1844 1673 adversus
1867 1641 2079 1674 Marcionem

1193 1684 1278 1719 libro
1302 1699 1309 1719 :
1354 1691 1441 1720 Nam
1475 1690 1508 1722 Θ·
1531 1687 1702 1723 Philumene
1722 1691 1775 1723 illa
1798 1689 1943 1734 persuafit
1967 1692 2078 1733 Apelli,

1192 1734 1363 1778 caeterisque
1387 1736 1585 1780 desertoribus
1618 1743 1777 1772 Marcionis
1817 1767 1829 1782 ‚
1863 1752 1900 1774 ex
1929 1741 1991 1782 fide
2011 1747 2082 1782 quin

1191 1786 1260 1818 dem
1290 1786 1439 1827 Christum
1469 1790 1630 1821 circumtuli
1653 1801 1668 1821 e
1697 1800 1817 1822 carnem
1843 1814 1855 1829 ‚
1891 1790 1997 1822 nullius
2029 1798 2081 1822 ta«

1192 1846 1259 1868 men
1282 1840 1460 1869 nativitatis
1485 1862 1496 1877 ‚
1524 1841 1625 1879 utpote
1648 1840 1686 1870 de
1710 1840 1859 1872 elemenns
1880 1851 1947 1873 eam
1969 1850 2084 1873 mutua-

1191 1894 1274 1917 tum.
1305 1885 1457 1928 Apellem
1481 1888 1574 1921 fuisse
1599 1889 1782 1923 Marcionis
1804 1890 2022 1931 familiarem,
2048 1892 2085 1924 δε

1194 1945 1287 1969 novae
1310 1936 1477 1978 cujusdam
1505 1937 1630 1972 haerefis
1655 1938 1827 1973 authorem
1853 1964 1864 1980 ,
1903 1941 1936 1973 in
1961 1943 2084 1981 quinto

1193 1994 1308 2018 contra
1341 1986 1473 2020 Celsum
1496 1987 1581 2022 libro
1604 1987 1737 2022 testatur
1770 1990 1869 2023 etiam
1896 1990 2082 2033 Origenes.

1196 2034 1377 2068 Marcionis
1387 2035 1560 2071 factionem
1584 2038 1677 2072 fuisf’e
1693 2039 1724 2071 in
1742 2039 1830 2082 plura
1855 2040 1951 2074 frusta
1964 2041 2083 2077 lacera·
2103 2031 2239 2067 F⁰1‘²⁶7·

1195 2095 1262 2117 tam
1275 2085 1412 2119 affirmat
1429 2086 1461 2119 in
1487 2087 1707 2122 Ecclefiaaica
1722 2089 1853 2123 Eusebii
1876 2090 2079 2130 Caesareenfis

1196 2133 1327 2168 historia
1339 2135 1436 2170 etiam
1449 2137 1584 2172 SanClus
1607 2137 1639 2170 &
1651 2139 1803 2183 antiquus
1828 2141 1972 2185 Scriptor
1986 2142 2079 2179 Rho-

1195 2185 1260 2218 don
1271 2210 1282 2226 ,
1309 2186 1341 2218 8(
1353 2186 1502 2231 adjungit
1515 2199 1522 2219 :
1549 2191 1605 2221 Ex
1622 2190 1722 2222 eodem
1730 2202 1818 2235 grege
1845 2202 1923 2225 unus
1937 2195 2054 2235 Apelles
2066 2219 2077 2235 ,
2120 2225 2126 2231 .

1194 2242 1268 2268 vitae
1280 2235 1415 2275 Instituto
1435 2238 1626 2279 &provence
1639 2245 1741 2272 aetatis
1752 2246 1868 2276 ratione
1891 2243 1983 2277 valde
1996 2243 2077 2286 seve·
2099 2224 2161 2255 '‘st''
2183 2236 2222 2285 ς’,

1195 2297 1245 2318 rus
1265 2285 1431 2329 &grams-
1462 2287 1535 2321 Nec
1555 2288 1707 2323 obstatin
1727 2292 1848 2325 famosa
1869 2293 2076 2329 ad‘Sanetum
2096 2275 2157 2303 αρ’
2188 2277 2234 2302 ¹³⁸

1196 2336 1400 2378 Cyprianum
1422 2337 1557 2379 epistola
1583 2340 1715 2374 Sanstus
1742 2340 1952 2377 Firmilianus
1975 2345 2077 2379 Caesa-

1196 2385 1311 2417 reenfis
1344 2384 1523 2429 Episcopus
1543 2411 1553 2426 ‚
1590 2389 1702 2423 dicens
1727 2391 1876 2433 Apellem
1904 2394 2073 2435 Marcioni

1196 2434 1395 2469 consentire.
1426 2436 1559 2471 Etenim
1585 2450 1664 2473 mox
1684 2439 1834 2485 adjungit
1854 2455 1861 2475 :
1891 2445 1990 2477 Multa
2011 2446 2075 2478 alia

1197 2497 1275 2519 nova
1297 2487 1485 2528 &graviora
1498 2486 1570 2527 fidei
1594 2499 1627 2521 ac
1641 2494 1766 2524 veritati
1790 2498 1911 2526 inimica
1929 2496 2054 2528 addidit
2067 2521 2074 2528 .

2083 565 2152 601 Cap⁴
2167 573 2210 599 25.

1198 2537 1239 2569 Et
1252 2533 1329 2569 hinc
1342 2534 1375 2567 in
1387 2535 1523 2578 epistola
1535 2539 1574 2571 ad
1587 2538 1780 2582 Jubajanum
1798 2541 1998 2587 Episcopum
2009 2544 2075 2579 lau·
2095 2535 2143 2572 ΕΡ·
2162 2545 2210 2570 ⁷³·

1195 2586 1288 2619 datus
1299 2584 1484 2628 Cyprianus
1494 2610 1504 2625 ‚
1522 2586 1754 2631 Apellecianos
1767 2590 1936 2628 haereticos
1946 2606 2074 2638 ponens

1195 2646 1271 2669 ante
1281 2635 1501 2672 Marcionitas
1514 2661 1525 2678 ‚
1551 2639 1596 2672 est
1612 2639 1730 2674 abusus
1738 2641 1854 2677 ordine
1864 2653 2050 2688 temporum
2064 2670 2071 2677 .

1195 2688 1247 2722 De
1257 2687 1373 2721 eodem
1385 2686 1504 2730 Apelle
1523 2688 1632 2723 scribit
1653 2691 1687 2724 in
1699 2691 1840 2726 Panario
1852 2694 2073 2736 SanetusEpi·

1196 2736 1351 2780 phanius:
1377 2738 1821 2781 Lucianumproxzmesequitur
1835 2743 1968 2783 Apelles.
1996 2747 2071 2776 Non
2091 2763 2143 2792 Hae
2194 2766 2219 2782 ,-

1196 2788 1242 2819 ille
1261 2785 1384 2828 sanllus
1397 2811 1408 2826 ,
1434 2787 1515 2819 &ab
1536 2788 1662 2827 apostolo
1684 2790 1905 2823 commendatus
1917 2815 1927 2831 ,
1948 2790 2009 2834 sed
2026 2795 2071 2826 di·
2090 2773 2216 2840 cassis

1195 2835 1297 2879 versus
1318 2836 1396 2868 abeo
1420 2838 1543 2878 quidam
1555 2860 1566 2876 ‚
1592 2838 1612 2867 ιί
1627 2848 1682 2878 quo
1702 2839 1868 2879 Apellejani
1884 2840 1960 2883 fiant
1971 2853 2070 2887 cogno-

1196 2892 1301 2920 minati
1314 2910 1320 2916 .
1345 2888 1398 2920 Hic
1410 2889 1534 2918 Luciam
1543 2885 1753 2929 condiscipulus
1765 2913 1776 2928 ‚
1804 2890 1838 2922 (τ
1851 2893 2010 2925 Marcionis
2019 2905 2070 2926 au·

1196 2938 1272 2970 ditor
1277 2936 1365 2978 fuit.
1395 2937 1655 2978 ,Quemadmodum
1671 2935 1754 2979 saepe'
1771 2937 1811 2980 fit
1821 2947 1854 2972 ut
1864 2939 2069 2984 spinofifruti-

1196 2999 1239 3021 ces
1274 2987 1359 3018 multi
1393 2997 1430 3018 ex
1468 2997 1528 3018 una
1564 2987 1663 3019 radice
1687 2988 1873 3032 luxurianter
1902 2994 2067 3034 pullulent.

1198 3039 1389 3080 ,Quamquam
1411 3036 1459 3068 ille
1481 3035 1602 3079 diversa
1622 3036 1660 3068 ab
1683 3038 1754 3070 aliis
1772 3041 1992 3083 quamplurima
2007 3043 2068 3083 lla-

1198 3093 1277 3119 tuit.
1316 3091 1403 3119 Nam
1425 3087 1458 3118 (5
1471 3087 1621 3119 adversus
1640 3086 1812 3130 Magistrum
1836 3089 1945 3133 suum,
1972 3095 2070 3127 &ad-

1197 3138 1304 3171 versus
1315 3135 1410 3179 ipsam
1433 3141 1590 3169 veritatem
1606 3137 1728 3180 armasse
1731 3137 1766 3180 se
1784 3141 1906 3174 videtur
1917 3156 1928 3175 .·
1955 3145 2024 3186 ‚Quo
2035 3148 2068 3176 in

1196 3197 1290 3221 errore
1309 3185 1493 3230 versantium
1519 3185 1666 3219 hominum
1681 3193 1833 3228 privatim
1848 3189 1973 3235 sibiipsi·
1986 3192 2071 3236 scho-

1196 3238 1257 3270 lam
1266 3246 1429 3279 quaererer.
1456 3235 1557 3270 Hunc
1569 3236 1755 3272 Lucianum
1769 3239 1877 3275 noster
1893 3243 2070 3285 Septimius

1197 3288 1335 3330 appellat
1358 3285 1530 3320 Lucanum
1547 3311 1554 3317 .
1583 3286 1663 3330 Ejus
1683 3299 1823 3322 errorem
1854 3292 1943 3335 supra
1972 3304 2072 3337 expo-

1198 3337 1280 3370 suit.
1308 3337 1479 3383 Consonat
1499 3337 1632 3372 Sanetus
1651 3335 1866 3374 philastrius:
1894 3345 1968 3375 Fuit
1986 3346 2073 3385 Apel-

1696 3387 1730 3421 Y
1981 3395 2021 3426 les
