2346 3724
98 474 194 508 Tracti
209 485 255 514 ¹3·

113 715 207 748 Trast.
226 720 252 746 8.

128 2185 191 2220 Lib.
224 2195 249 2216 1,

126 2235 192 2265 ‹tap-
203 2231 247 2264 56.

123 2690 255 2723 sixt-30.

123 2737 188 2766 cap.
205 2735 252 2764 34.

274 263 378 300 tradit
404 262 515 305 passim
538 262 669 296 Sanetus
701 258 928 305 Augustinus.
957 257 994 291 In
1009 258 1072 292 suis
1083 259 1175 300 super

279 312 388 350 Sancti
411 312 547 355 Joannis
573 311 797 355 Evangelium
821 307 1034 343 Traoiatibus
1065 307 1174 342 distin-

278 364 353 410 guit
375 362 600 407 virginitatem
627 360 747 395 mentis
774 360 808 393 δε
832 358 977 400 corporis
997 382 1008 398 ,
1038 368 1173 401 corpore

280 413 425 460 virgines
452 413 556 447 asserit
579 412 642 444 effe
662 420 778 453 paucas
805 408 839 441 in
874 407 1015 442 Ecclesia
1039 432 1051 449 ,
1076 418 1173 451 atque

283 463 486 509 prosequitur
512 475 519 493 :
557 461 625 493 Alia
646 460 780 493 membra
811 469 870 492 non
894 464 928 491 in
949 466 1062 500 corpore
1082 482 1093 499 ,
1116 457 1175 500 sed

286 521 385 548 omnia
418 519 450 545 in
472 519 569 543 mente
583 509 713 553 servant
748 513 956 552 virginitatem
975 531 982 541 .
1021 511 1102 552 ,ραι
1133 507 1171 547 est

285 568 450 609 vlrginitas
463 560 615 594 mentis?
650 564 770 603 Integra
798 558 875 600 fides
899 583 910 598 ,
943 557 1041 601 solida
1069 557 1140 601 spes
1161 583 1171 598 ,

281 614 389 660 sancia
429 611 562 645 ebaritas
583 634 590 641 .
624 610 663 643 ln
697 610 764 643 alio
796 610 955 643 Trastatu
986 607 1099 644 laudat
1123 609 1169 641 in-

281 674 406 709 tegram
431 660 640 695 solummodo
660 660 760 694 fidem
780 683 790 699 ,
816 659 850 693 ὃς
872 658 1024 703 adjungit
1045 672 1063 702 ,ᾗ
1092 660 1171 691 Nul-

278 716 325 748 lus
349 712 433 748 vobis
456 718 623 752 corrumpat
646 709 722 743 hanc
743 709 836 752 fidem
858 712 883 750 ‚'
901 707 931 750 fi
946 709 1042 742 vultis
1062 708 1170 751 sponso

277 763 402 809 servae
416 760 522 801 castam
535 765 760 804 virginitatem.
791 760 834 793 Et
846 758 963 792 iterum
975 772 986 791 :
1013 762 1059 791 Et
1079 757 1168 792 baere-

278 817 375 848 tici&
388 810 593 846 Mathematici
605 813 625 842 ἃ
632 810 769 854 serpente
780 811 830 843 illo
854 814 1003 849 veniunt,
1032 808 1164 843 volentes

276 872 464 904 corrumpere
488 867 700 904 virginitatem
722 862 818 894 cordis
832 857 966 900 Ecclefiae
978 868 1066 901 quam
1076 858 1166 893 babet

270 921 304 949 in
330 919 448 957 integra
464 911 544 953 fide.
575 912 683 945 Etiam
707 912 779 945 aliis
792 912 826 944 in
839 910 920 943 locis
935 909 1062 949 videtur
1080 908 1165 944 hanc

270 963 497 1009 virginitatem
522 962 556 995 in
583 962 651 995 sola
673 961 749 995 fidei
773 959 962 1004 integritate
981 959 1164 994 collocare.

268 1013 315 1047 Et
339 1012 426 1048 certe
447 1012 514 1046 sola
527 1012 661 1054 perfidia
685 1011 811 1045 videtur
824 1010 949 1054 spiritus
963 1010 1139 1044 fornicatio
1152 1035 1162 1052 ‚

268 1063 419 1100 fidelium
441 1073 573 1106 peccata
601 1062 750 1096 videntur
772 1063 834 1096 effe
844 1060 1017 1095 dumtaxat
1031 1060 1164 1094 macula:

266 1114 300 1148 ec
322 1125 408 1159 rugae
421 1138 428 1146 .
459 1111 502 1146 Et
527 1112 596 1146 Eva
611 1136 622 1153 ‚
647 1112 686 1145 ad
699 1123 795 1155 quam
808 1110 937 1155 respicit
956 1109 1157 1154 Apostolus,

266 1174 346 1198 ante
378 1165 487 1198 datam
500 1164 645 1206 Serpenti
658 1163 757 1197 fidem
771 1174 839 1195 non
852 1161 913 1195 fuit
925 1160 1050 1195 seducta
1062 1186 1073 1202 ‚
1099 1172 1161 1195 nec

263 1225 341 1250 cum
356 1215 427 1259 ipso
438 1213 636 1249 adulterata.
666 1212 864 1255 Responde&
877 1221 987 1245 tamen
1006 1211 1158 1259 Augusti-

262 1275 346 1298 num
368 1263 440 1298 istic
463 1262 554 1306 loqui
570 1273 637 1296 non
656 1262 697 1296 de
721 1263 851 1306 quavis,
881 1262 934 1295 sed
946 1259 985 1294 de
1004 1260 1059 1295 illa
1073 1261 1159 1302 fide,

267 1325 332 1357 qua
346 1312 496 1347 Christus
507 1311 604 1346 nobis
614 1312 747 1354 ponitur
759 1313 1011 1346 fundamentum
1023 1335 1033 1350 ‚
1061 1322 1159 1355 quam

265 1365 391 1400 clarum
403 1362 447 1395 est
461 1372 529 1397 non
542 1362 684 1394 effeline
704 1361 807 1395 solida
829 1363 881 1403 spe
902 1360 936 1393 ὃς
957 1362 1061 1397 saneta
1083 1359 1157 1397 cha-

260 1521 375 1548 tamen
388 1523 464 1549 curn
479 1511 588 1555 aliqua
610 1522 752 1550 creatura
774 1510 1030 1547 fornicationem
1045 1512 1060 1545 2-

500 1667 681 1728 Mortuos
696 1659 890 1731 sustitaffi
909 1698 923 1712 .

311 1813 553 1850 Miraculornm
576 1814 805 1858 parationem,
831 1823 929 1858 atque
954 1814 1029 1848 inde
1054 1813 1155 1849 suier-

262 1867 345 1901 roris
372 1866 606 1899 authoritatem
629 1866 739 1898 venari
753 1864 797 1898 est
820 1865 908 1897 avita
930 1864 1075 1906 superbia
1088 1876 1153 1898 om-

261 1916 356 1949 nium
380 1912 608 1947 haereticorum
621 1937 628 1944 .
660 1913 791 1946 Etenim
813 1913 968 1954 Spiritum
982 1914 1152 1954 sanctum,

262 1975 363 2007 quem
377 1963 418 1997 ab
432 1962 599 2006 Apostons
610 1970 717 1996 emere
728 1963 866 1995 tentavit
882 1961 996 1994 Simon
1012 1961 1132 2004 Magus
1144 1983 1155 1999 ,

261 2015 327 2049 fuit
354 2013 455 2057 gratia
485 2014 734 2047 miraculorum.
764 2012 805 2045 Et
830 2009 1091 2044 hincdecunffls
1103 2019 1156 2053 gc·

263 2064 402 2098 neratim
416 2064 588 2097 Gnosticis
599 2086 609 2103 ,
635 2074 743 2107 quiex
756 2061 824 2105 ipso
837 2061 884 2095 uti
896 2073 937 2095 ex
950 2059 1082 2103 putrido
1108 2071 1158 2094 ca·

263 2113 378 2149 davere
403 2110 526 2148 vermes
548 2114 763 2147 scaturierunt
778 2135 789 2151 ‚
814 2109 921 2146 scribit
944 2111 1079 2145 sanetus
1096 2110 1156 2144 lre-

267 2173 379 2199 naeus:
405 2168 538 2198 Virtutes
560 2170 679 2206 operari
703 2165 838 2196 dicuntur
871 2184 882 2202 ,
908 2173 964 2194 non
983 2168 1017 2193 in
1044 2166 1159 2195 virtute

263 2219 326 2249 Det
337 2239 347 2255 ,
373 2220 511 2257 nequem
523 2219 655 2248 veritate
664 2238 675 2253 ,
704 2225 796 2256 neque
809 2219 842 2246 in
853 2212 998 2254 beneficiis
1006 2211 1157 2254 facientes

265 2265 433 2300 hominihus
456 2276 491 2298 ea
511 2277 579 2307 quae
583 2264 707 2306 faciunt
718 2289 729 2305 ‚
751 2262 811 2306 sed
827 2270 860 2295 in
868 2270 1027 2303 perniciem
1038 2262 1071 2295 (ν
1083 2272 1157 2294 erro-

264 2328 327 2352 rem
347 2324 403 2358 per
429 2321 559 2359 magicas
582 2314 737 2357 illufiones‚
765 2315 799 2347 (ν
819 2310 960 2355 universa
964 2312 1080 2360 fraude
1085 2313 1158 2353 plus

267 2369 411 2402 laedentes
430 2389 440 2406 ,
466 2368 556 2408 quam
578 2367 740 2398 utilitatem
761 2364 932 2408 praestantes
944 2362 991 2395 his
1001 2387 1014 2403 ,
1040 2366 1157 2404 quiere-

266 2419 343 2451 dunt
354 2422 395 2450 eis
408 2440 419 2456 ‚
446 2423 479 2449 in
491 2428 523 2449 eo
535 2417 614 2459 quod
621 2414 780 2458 seducunt.
810 2414 854 2447 Et
866 2413 1008 2457 superius
1034 2423 1157 2445 memo·

267 2479 337 2502 rata
363 2469 506 2510 ipsorum
526 2478 602 2500 cum
627 2463 888 2499 Circulatoribus
900 2464 934 2497 &
946 2461 1057 2506 Magis
1068 2461 1157 2496 farni-

269 2518 392 2552 iiaritas
413 2518 584 2559 praesertim
607 2514 748 2556 ambiit,
776 2515 854 2548 licet
876 2524 945 2548 non
967 2502 1158 2551 veritatemi,

270 2567 383 2601 saitem
407 2566 519 2600 fucum
542 2567 773 2609 miraculorum
787 2564 950 2599 obtinere.
979 2563 1023 2596 Et
1035 2562 1070 2596 in
1082 2562 1162 2596 istos

271 2615 327 2651 hic
351 2615 491 2649 omnino
515 2617 624 2650 scribit
643 2617 819 2660 Septimius
841 2639 848 2647 .
877 2612 986 2648 Etiam
1011 2612 1162 2646 adversus

275 2665 439 2699 Ebionem
453 2664 560 2699 scribit
574 2667 708 2699 Sanetus
720 2664 943 2706 Epiphanius:
971 2663 1079 2695 Verum
1100 2673 1168 2705 age-

276 2718 347 2749 dum
357 2718 377 2747 ἃ
388 2723 573 2748 monumento
582 2717 735 2747 Lazarum
746 2712 858 2756 accerse
866 2738 877 2753 ,
901 2721 955 2745 aut
965 2712 1056 2744 alium
1067 2723 1165 2754 quem·

274 2772 361 2811 piam
371 2773 514 2798 mortuum
525 2768 668 2809 excitato.
698 2762 889 2804 Autinftc‘los
909 2763 994 2803 lepra
1011 2770 1139 2806 repurga
1152 2786 1164 2801 ‚

277 2824 359 2852 caecis
385 2810 482 2858 visum
498 2840 507 2855 ,
533 2825 689 2848 nervorum
711 2809 882 2857 refhlutione
901 2809 1162 2854 laborantibussa-

282 2873 431 2905 nitatem,
452 2864 481 2906 fi
494 2874 575 2907 potes
590 2890 599 2904 ,
625 2865 743 2904 restitue
766 2890 773 2897 .
801 2863 863 2898 Sed
883 2864 948 2896 ideo
971 2873 1029 2895 non
1052 2871 1139 2904 potes
1153 2887 1163 2902 ,

284 2919 362 2960 quod
372 2915 545 2957 infidelitate
558 2941 567 2956 ,
594 2914 745 2958 carnisque
754 2914 881 2948 vinculis
893 2938 903 2953 ‚
932 2915 966 2946 (θ’
977 2914 1049 2956 legis
1060 2919 1163 2954 imper·

278 2968 368 3012 fet‘lis
395 2972 573 2998 caeremoniis
594 2966 728 3010 illigatus
740 2970 888 2998 contraria
898 2965 1047 3002 illtomnia
1061 2962 1158 3004 facts.

284 3023 381 3059 Atque
403 3026 434 3048 ut
451 3015 592 3058 praestare
613 3016 746 3049 maximi?
763 3016 851 3058 posses
871 3015 929 3053 id,
955 3014 1163 3055 quodpropter

278 3070 481 3109 depravatam
502 3076 586 3098 tuam
605 3065 691 3106 fidem
710 3069 832 3099 minime
840 3074 923 3105 potes
948 3063 1077 3105 assequi,
1104 3074 1161 3095 non

281 3117 373 3157 instar
386 3117 498 3157 Christi
509 3117 572 3148 dico
583 3141 592 3155 ,
616 3116 673 3158 sed
683 3127 771 3158 neque
783 3114 891 3153 Christi
905 3125 1008 3146 nomen
1019 3114 1062 3145 ad
1071 3114 1163 3146 eden-

281 3170 322 3201 da
332 3170 469 3211 prodigia
478 3175 562 3209 potes
574 3172 712 3200 invocare
721 3191 732 3206 ‚
759 3175 810 3198 aut
815 3166 845 3206 ſs
851 3176 950 3197 tamen
963 3169 1165 3202 invocaveris,

282 3217 382 3261 efficies
421 3219 587 3260 quidquam
610 3229 622 3249 .·
659 3216 787 3258 Nempe
811 3214 978 3250 Ebionvac
1003 3213 1164 3246 Ebionitae

280 3269 374 3300 omui
388 3267 494 3301 studio
505 3270 613 3311 gratiae
624 3264 720 3309 hujus
732 3268 784 3299 seu
801 3266 967 3299 veritatem
981 3265 1031 3297 seu
1051 3264 1162 3296 fucum

280 3316 468 3352 ambiebant
490 3340 497 3349 .
525 3316 631 3350 Addit
655 3316 769 3350 eadem
793 3312 1107 3350 vanitateiumutffe
1129 3312 1163 3344 ἀ

283 3365 452 3400 Manetem
466 3380 476 3399 .·
504 3367 545 3398 Et
565 3368 696 3410 quidem
718 3367 757 3399 ad
780 3366 960 3399 sanandum
981 3363 1087 3395 filium
1101 3361 1165 3394 Re-

122 3422 188 3452 Haer
214 3422 262 3448 ὀίω
283 3417 335 3461 gis
359 3415 542 3448 Persarum.
571 3415 696 3449 Verum
709 3414 765 3449 hic
788 3416 871 3450 inter
882 3414 970 3448 illius
980 3422 1094 3444 manus
1111 3423 1163 3444 ex·

122 3469 223 3500 [δῖ’-4·
237 3470 264 3495 5·
279 3466 411 3512 spiravit
431 3488 444 3507 ‚
468 3473 565 3509 atque
588 3464 633 3500 ita
656 3465 801 3500 convicit
821 3475 922 3500 omne
947 3461 1161 3508 praestigium.

260 1412 381 1446 ritate.
410 1411 453 1445 Et
466 1423 567 1445 omne
582 1410 718 1444 mortale
730 1421 899 1454 peccatum
913 1410 985 1453 quis
1010 1409 1155 1456 ambigat

259 1462 324 1496 effe
339 1461 441 1495 nostri
454 1461 582 1504 spiritus
593 1486 604 1502 ‚
632 1461 706 1494 licet
721 1472 788 1494 non
802 1472 877 1495 cum
889 1460 961 1503 ipso
983 1460 1154 1504 Serpente‚

895 176 1407 222 SCHOL1

1477 186 1512 218 0
1579 185 1610 220 N

1233 256 1276 290 Et
1304 255 1474 290 adversum
1507 254 1698 290 Donatistas
1720 253 1757 290 in
1778 254 1989 292 T'ranatibus
2021 257 2117 300 super

1232 307 1338 339 Sancti
1357 307 1495 350 Joannis
1516 305 1737 351 Evangelium
1765 305 1924 343 declamat
1957 307 2000 342 ad
2024 307 2115 341 suam

1231 356 1360 399 plebem
1373 358 1505 391 Sanetus
1524 356 1730 401 Augustinus
1742 369 1753 388 .·
1778 359 1877 390 Nemo
1886 357 1970 392 vobis
1982 357 2111 400 fabulas
2133 370 2227 403 frast,
2244 378 2290 407 ¹3⁴

1232 408 1348 440 vendat
1357 432 1368 447 ,
1391 406 1535 442 dicendo
1546 431 1558 447 ,
1585 410 1632 439 Et
1644 408 1769 439 Pontius
1775 405 1854 447 fecit
1865 409 2037 443 miraculum
2050 431 2062 448 ,
2078 408 2112 441 (5

1231 456 1382 499 respondit
1401 462 1428 490 et
1449 460 1528 490 Deus
1549 457 1587 490 de
1607 458 1690 490 coelo.
1720 456 1764 490 Et
1788 456 1824 489 in
1839 456 1925 491 libro
1934 459 1974 495 de
1986 459 2113 493 unitate

1233 506 1396 540 Ecclefiae:
1420 511 1519 540 Nemo
1530 506 1708 542 Donatista
1721 507 1802 540 dicat
1815 507 1880 540 ideo
1890 518 1992 541 verum
2002 508 2041 550 est
2054 519 2114 542 no·

1231 556 1331 589 strum
1352 555 1473 601 dogma
1485 580 1496 597 ,
1520 562 1594 600 quta
1613 557 1667 591 illa
1688 558 1722 591 (ν
1744 557 1797 590 illa
1808 556 1960 590 mirabilia
1965 557 2039 598 fecit
2054 562 2112 592 Do-

1230 616 1318 639 natus
1336 609 1388 639 vel
1409 610 1552 648 Pontius,
1579 609 1631 641 vel
1649 606 1772 650 quilibet
1784 609 1864 641 alius
1876 631 1888 647 ,
1911 616 1966 640 aut
1981 613 2051 650 quia
2063 608 2112 642 bo·

1228 663 1322 690 mines
1339 658 1385 689 ad
1402 662 1557 691 memorias
1578 660 1740 697 Martyrum
1771 657 1930 698 nostrorum
1966 667 2053 691 orant
2077 661 2112 694 (τ

1228 707 1448 747 exaudiuntur,
1476 716 1531 740 aut
1551 707 1606 740 illa
1626 706 1707 751 [ανον
1729 707 1824 749 nostra
1845 708 1907 741 tale
1920 705 2018 751 visum
2038 713 2113 752 vigi-

1227 758 1296 790 lans
1309 758 1391 790 vidit
1412 758 1464 791 vel
1474 757 1534 791 tale
1547 756 1646 801 visum
1656 760 1806 792 dormiens
1824 756 1989 800 somniavit
2001 782 2008 789 .
2036 757 2114 801 Epi-

1229 808 1568 850 scoporumistotum,
1593 808 1650 852 qui
1661 819 1744 852 parti
1755 809 1815 842 suae
1828 808 1981 843 Basilicas
1990 831 2001 849 ,
2027 807 2113 841 &in

1228 857 1301 900 ipsis
1323 857 1561 893 Conventuum
1583 858 1766 894 libertatem
1779 857 1877 893 reddi
1898 859 2113 902 impetrarunt

1227 907 1267 942 ab
1288 909 1487 951 Imperatore
1515 920 1554 943 ac
1587 908 1748 953 Apostata
1768 909 1899 952 Juliano
1922 933 1933 949 ,
1959 906 2114 950 Princeps

1226 967 1292 992 erat
1304 957 1444 993 Pontius
1457 983 1468 999 ,
1494 959 1527 993 &
1538 957 1627 993 hunc
1639 971 1716 994 cum
1726 960 1867 994 Donato
1877 959 2009 1003 Magno
2020 956 2114 992 fuisse

1226 1006 1519 1053 Thaumaturgum
1542 1009 1762 1045 buccinabant
1785 1009 1970 1045 Donatista
1989 1032 2002 1049 ‚
2027 1007 2117 1042 ideo&

1224 1069 1286 1101 que
1297 1059 1390 1092 suum
1400 1057 1523 1104 dogma
1536 1060 1598 1093 esse
1611 1060 1798 1104 legitimum
1818 1060 1886 1095 aci
1899 1059 1975 1094 Deo
1999 1057 2115 1101 confi-r·

1225 1118 1350 1142 matum
1365 1132 1373 1140 .
1399 1107 1512 1142 Etiam
1534 1109 1643 1143 nescio
1667 1121 1766 1154 quem
1788 1111 1932 1153 ipsorum
1942 1108 2114 1152 Presbyte-

1225 1169 1297 1192 rum
1310 1158 1350 1192 de
1361 1155 1416 1192 fibi
1428 1158 1512 1192 fasta
1531 1157 1656 1202 Angeli
1668 1160 1872 1203 apparitione
1882 1158 1977 1192 fuisse
1996 1159 2115 1203 gloria-

1224 1219 1315 1248 tum,
1341 1208 1430 1242 lucet
1453 1219 1494 1242 ex
1516 1207 1624 1242 Sancti
1649 1207 1826 1252 Augustini
1839 1208 1955 1241 litteris
1965 1206 2006 1241 ad
2019 1207 2115 1241 nobi-

2130 491 2204 531 Cap·
2216 501 2261 528 ¹9·

1224 1258 1290 1291 lem
1314 1257 1420 1292 virum
1431 1257 1654 1292 Generosum.
1682 1258 1775 1293 Idem
1796 1258 1900 1292 astum
1913 1256 1931 1291 a
1944 1255 2111 1298 Valente,
2132 1260 2182 1298 Ep·
2203 1260 2270 1295 165*

1222 1307 1392 1342 Murlienfi
1405 1307 1604 1342 Arianos-um
1623 1308 1808 1352 Episcopo,
1835 1316 1931 1351 atque
1952 1306 1997 1342 ita
2009 1305 2113 1351 lmp'e-

1223 1369 1362 1393 ratorem
1376 1358 1623 1392 vConstantium
1634 1358 1728 1393 fuiffe
1738 1358 1772 1391 in
1796 1357 1864 1401 ejus
1873 1356 2113 1392 communione

1223 1408 1384 1442 firmatum
1398 1407 1506 1442 scribit
1519 1409 1554 1442 in
1570 1408 1792 1443 Ecclesiastica
1804 1406 1939 1442 historia
1951 1407 2111 1451 Sulpitius

1220 1459 1353 1494 Severus
1379 1484 1387 1492 .
1414 1457 1600 1504 Qomodo
1625 1458 1750 1502 Cyrola
1772 1483 1783 1500 ,
1809 1458 2049 1493 Wandalorum
2073 1457 2111 1492 in

1219 1508 1330 1543 Africa
1351 1508 1412 1543 sub
1427 1508 1623 1543 Hunnerico
1642 1509 1737 1554 Rege
1748 1507 1893 1543 Arianus
1906 1508 2087 1552 Episcopus
2099 1531 2112 1549 ,

1221 1560 1330 1593 nescio
1351 1571 1449 1604 quem
1474 1570 1645 1603 pauperem
1658 1584 1668 1601 ‚
1694 1559 1794 1603 quise
1808 1570 1927 1594 caecum
1944 1558 2111 1602 &abipso

1221 1609 1474 1644 illuminandum
1512 1610 1648 1653 fingeret
1673 1634 1684 1650 ,
1722 1607 1837 1644 dolose
1868 1607 2112 1649 subornaverit,

1220 1659 1331 1694 multis
1351 1661 1446 1694 refert
1467 1660 1502 1694 in
1528 1661 1727 1694 Francorum
1740 1659 1876 1694 historia
1888 1660 2021 1693 Sanetus
2031 1657 2114 1693 Gre-

1219 1711 1330 1755 gorius
1350 1711 1532 1755 Episcopus
1541 1710 1765 1745 Turonensis.
1791 1708 1919 1745 Verum
1942 1711 2030 1746 fraus
2042 1719 2111 1747 non
2129 1719 2189 1751 Lib,
2207 1731 2236 1752 2.

1223 1759 1364 1795 successit
1378 1786 1384 1793 .
1416 1761 1548 1795 Etenim
1564 1762 1731 1796 Dominus
1741 1761 1835 1796 Deus
1845 1760 1863 1795 ἐ
1874 1759 2050 1796 mendacio
2060 1770 2109 1794 ve·
2127 1769 2190 1798 cap.
2209 1769 2241 1798 3.

1219 1812 1349 1846 ritatem
1362 1812 1441 1845 fecit
1454 1836 1465 1852 ,
1490 1823 1591 1846 caecus
1603 1811 1844 1854 illepermanfit
1863 1821 1981 1850 caecus,
2008 1810 2110 1853 usque

1219 1863 1297 1896 dum
1321 1860 1439 1895 nostris
1452 1862 1622 1902 Episcopis
1634 1861 1766 1901 supplex
1779 1862 1882 1892 visum
1899 1869 2111 1903 recuperaret.

1220 1913 1256 1945 ln
1280 1910 1352 1944 foro
1375 1910 1455 1944 item
1479 1907 1856 1950 Constantinopolitano
1868 1909 1990 1943 delirus
2012 1911 2111 1944 senex

1220 1960 1466 2000 polychronius
1489 1957 1569 1989 dum
1591 1958 1681 1988 suam
1708 1955 2001 1993 Monotheliticam
2013 1958 2111 1994 haere·

1219 2009 1274 2042 fim
1301 2018 1357 2050 per
1381 2007 1559 2040 solemnem
1580 2004 1722 2039 defuncti
1738 2005 1981 2040 suscitationem
1994 2010 2111 2045 coufir-

1221 2069 1309 2092 mare
1330 2057 1491 2096 tentavit,
1516 2054 1638 2090 derisus
1652 2054 1693 2089 ab
1709 2055 1802 2089 omni
1815 2056 1964 2098 populo,
1990 2058 2112 2101 a-sexn

1219 2108 1356 2153 Synodo
1378 2107 1442 2142 fuit
1462 2105 1624 2141 horrende
1641 2105 1768 2150 &juste
1779 2105 1970 2142 damnatus.
2000 2108 2113 2142 Etiam

1217 2159 1236 2193 a
1268 2159 1396 2203 Joanne
1420 2158 1586 2198 Calvino,
1612 2156 1864 2191 dumemortuo
1875 2158 1988 2192 vivum
2007 2159 2115 2193 facere

1219 2219 1327 2244 tentat
1350 2208 1547 2250 mendacio,
1571 2206 1591 2241 ὲ
1614 2208 1692 2241 vivo
1713 2208 1833 2241 facium
1852 2209 1915 2243 effe
1941 2219 2114 2246 mortuum

1220 2260 1377 2296 testantur
1401 2258 1576 2304 gravissimi
1597 2258 1775 2301 Scriptores
1798 2284 1806 2290 .
1834 2257 1983 2293 Eandem
1999 2284 2010 2299 ‚
2037 2254 2114 2292 iicet

1220 2323 1289 2346 non
1303 2309 1464 2345 vafritiem
1480 2335 1490 2349 ,
1514 2319 1624 2343 tamen
1637 2309 1816 2343 vanitatem
1833 2318 1927 2343 notat
1948 2310 1982 2344 in
1993 2308 2116 2344 Ianthe*-

1220 2362 1306 2396 ranis
1328 2361 1479 2395 Erasmus
1498 2382 1508 2398 ‚
1544 2359 1666 2393 addens
1686 2359 1728 2394 ab
1753 2359 1818 2394 illis
1845 2359 1942 2404 usque
1963 2359 2029 2393 huc
2053 2369 2117 2394 nee

1221 2422 1325 2447 unum
1337 2421 1451 2444 canem
1474 2409 1611 2453 potuisse
1624 2409 1768 2444 suscitati
1780 2435 1787 2441 .
1815 2409 1871 2443 Est
1881 2409 1983 2453 justus
1995 2409 2119 2449 Sarcas-

1222 2472 1310 2495 mus.
1343 2460 1446 2506 Quod
1470 2471 1580 2504 tamen
1605 2459 1801 2496 venerabilis
1827 2459 1941 2495 Guido
1965 2485 1977 2501 ,
2002 2458 2118 2494 Abbas

1222 2511 1445 2552 piscariensis,
1472 2509 1492 2543 ὲ
1507 2510 1572 2543 suis
1593 2502 1719 2544 rusticis
1741 2509 1887 2544 occisum
1908 2509 2116 2543 Trasmundi

1224 2560 1367 2596 Comitis
1379 2571 1500 2605 equum
1512 2560 1746 2595 resuscitaverit
1757 2583 1769 2599 ‚
1794 2569 1892 2602 atque
1903 2558 1960 2592 ‘ita
1971 2557 2061 2593 hunc
2073 2558 2116 2594 ab

1224 2617 1359 2650 istorum
1381 2611 1466 2647 caede
1489 2613 1710 2653 revocaverit,
1737 2612 1772 2645 in
1792 2611 1936 2655 ejusdem
1958 2605 2118 2654 Coenobii

1219 2665 1396 2700 ‘Chronico
1409 2662 1544 2697 testatur
1562 2663 1705 2706 Joannes
1717 2660 1847 2696 Berardi
1863 2686 1870 2692 .

2129 2134 2186 2168 A&
2206 2145 2253 2174 15·

1272 2715 1416 2763 Qaestio
1438 2713 1483 2747 est
1497 2737 1508 2753 ,
1540 2711 1596 2746 An
1609 2722 1813 2747 mortuorum
1836 2710 2118 2753 suscitandorum.
2134 2710 2263 2746 A·¹03⁸⁴

1221 2766 1256 2800 &
1270 2763 1453 2799 istiusmodi
1466 2774 1538 2798 vera
1559 2763 1714 2798 miracula
1727 2762 1876 2806 patrandi
1898 2762 2004 2807 gratia
2021 2760 2117 2797 detur

1223 2815 1421 2860 quandoque
1434 2813 1594 2848 haereticis
1605 2839 1615 2854 ‚
1642 2824 1698 2848 aut
1710 2813 1783 2848 aliis
1795 2811 1987 2847 Infidelibus
1999 2811 2017 2843 ?
2041 2811 2117 2847 Par-

1222 2876 1287 2901 tem
1309 2866 1538 2900 affirmativam
1552 2864 1680 2898 Donet
1697 2863 1807 2897 -noster
1818 2861 1874 2896 hic
1889 2863 1975 2906 quasi
1987 2863 2116 2906 suppo-

1225 2917 1272 2951 nit
1286 2943 1293 2949 .
1321 2916 1415 2962 Qin
1433 2915 1466 2947 ἃ
1479 2915 1519 2948 de
1531 2914 1717 2955 Apollonio
1732 2911 1930 2956 Thyanenfi
1941 2938 1953 2954 ,
1979 2911 2119 2948 homine

1224 2967 1340 3011 gentili
1361 2964 1646 3000 &sceleratiffimo
1666 2964 1796 3008 Mago,
1821 2962 1933 2997 scribit
1960 2963 1995 2996 in
2017 2962 2118 2997 Aure-

1225 3018 1315 3051 liano
1337 3015 1490 3060 Augusto
1511 3013 1643 3048 Flavius
1665 3013 1846 3056 Vopiscus:
1873 3013 1963 3056 ,Quid
1982 3013 2030 3045 illo
2050 3018 2118 3046 viro
2131 3016 2265 3057 Capagq·

1217 3066 1353 3110 sancitus
1382 3090 1393 3105 ,
1420 3064 1625 3099 venerabilius
1647 3090 1658 3105 ,

1224 3124 1301 3150 inter
1324 3116 1454 3148 homines
1468 3114 1537 3156 fuit
1559 3114 1575 3146 ἓ
1611 3116 1666 3148 Ille
1687 3119 1819 3147 mortuis
1832 3115 1971 3147 reddidit
1993 3118 2113 3149 vitam,

1224 3169 1274 3200 ille
1292 3169 1388 3199 multa
1408 3167 1489 3198 ultra
1513 3164 1646 3198 homines
1667 3164 1783 3206 &fecit
1810 3165 1961 3202 &dixin
1974 3171 2051 3203 'que
2062 3164 2113 3201 qu!

1224 3218 1295 3250 velit
1315 3216 1408 3258 nosse,
1434 3218 1551 3249 Graecos
1572 3216 1653 3258 legat
1674 3213 1766 3248 libros
1785 3238 1797 3255 ,
1821 3219 1872 3256 qui
1893 3213 2016 3250 de2eius
2040 3213 2111 3242 vlu

1219 3265 1289 3308 sunt
1308 3264 1462 3309 conscripti
1481 3290 1488 3297 .
1517 3263 1621 3313 Qod
1649 3264 1752 3298 >illum
1772 3289 1784 3305 ,
1810 3264 1860 3297 uti
1879 3264 1912 3299 ἀ
1933 3256 2112 3300 Apuleium

1223 3316 1474 3350 Madaurensem
1484 3338 1496 3354 ‚
1508 3315 1554 3348 ob
1567 3324 1689 3358 patrata
1701 3313 1855 3349 miracula
1864 3309 2003 3353 gentiles
2016 3307 2113 3342 Chri.

1223 3367 1271 3399 sto
1293 3367 1446 3399 Domino
1469 3365 1666 3408 praetulerint
1684 3388 1696 3404 ,
1722 3363 1853 3397 testatur
1874 3360 1908 3392 in
1929 3357 2044 3391 litteris
2070 3357 2112 3391 ad

1222 3417 1374 3450 Sanstum
1386 3415 1555 3458 Comi-tem
1569 3411 1801 3447 Marcellinum
1816 3409 1934 3443 -beatus
1957 3406 2113 3451 Augusti-

1224 3473 1301 3500 nus«.
1332 3466 1375 3501 Et
1398 3466 1484 3499 inter
1506 3461 1723 3497 istosfuerunt
1741 3457 1964 3503 Porphyrius,
1985 3456 2114 3540 ‹lsscHie-

1931 3517 1986 3542 τοο
2001 3517 2055 3547 es,

1692 3069 1844 3107 antiquius
1867 3087 1878 3103 ,
1916 3061 2114 3104 Diviniusque
