2346 3724
112 610 215 651 Epist.5
223 618 247 645 3·

115 2102 189 2138 Cap-
205 2108 254 2135 25·

148 2824 212 2855 Lib.
235 2834 261 2862 3.

143 2874 205 2903 cap.
218 2876 242 2894 ι.

742 128 884 173 CA
1024 140 1158 172 ,ιτ

266 214 416 251 steriores
434 210 638 254 compescere
662 207 696 242 &
708 208 748 243 ad
762 209 903 252 ipsorum
927 209 1068 254 relegare
1079 209 1153 243 Mo·

265 266 442 301 nasterium
465 260 601 295 laudatae
614 260 740 302 Synodi
765 261 840 293 sunt
853 268 994 294 conatae.
1026 260 1150 294 Verum

266 315 362 362 plene
387 323 456 346 non
479 311 712 345 obtinuerunt.
741 310 844 356 Qud
866 310 955 343 enim
981 307 1151 347 hetroclita

265 367 325 401 ista
338 362 575 406 Episcoporum
586 361 788 395 consecratio
801 359 910 394 adhuc
933 360 1060 394 duraret
1073 371 1151 395 tem-

265 425 346 461 pore
366 413 471 447 Sansti
496 412 648 445 Anselmi
678 435 690 452 ,
714 411 759 444 est
784 410 877 453 supra
898 410 1080 445 ostensum.
1110 411 1153 444 Et

265 465 356 511 quod
380 476 439 498 nec
464 462 532 507 ipse
552 462 733 496 obtinuerit
759 460 838 493 mali
859 459 1040 502 medelam,
1068 461 1153 495 lucet

264 527 306 550 ex
318 513 500 553 Richardi,
525 513 581 557 qui
595 513 714 546 Sancto
731 510 874 553 Martyri
890 510 1035 544 Thomae
1050 512 1155 555 proxi-

265 573 340 600 mus
360 563 532 598 succeffit
524 575 557 597 tn
571 561 842 596 cantuariensem
855 560 1078 602 Cathedtam,
1104 561 1156 595 lit-

266 617 345 652 teris
367 616 408 649 ad
431 615 505 648 suos
528 614 776 657 Suffraganeos:
804 614 865 644 Diu
875 611 913 651 est
937 614 1017 654 quod
1028 613 1154 656 Angelus

267 670 393 702 satanae
417 663 633 707 transfigurare
647 661 683 706 se
694 665 826 695 novitia
842 663 984 706 Angelum
1000 664 1071 696 lucis
1085 686 1094 701 ,
1122 664 1155 695 o·

267 724 301 753 in
317 716 499 757 vestimentis
513 719 613 747 ovium
624 738 635 753 ,
660 720 748 755 atque
754 710 811 755 sub
827 713 1011 746 adumbrata
1020 710 1156 754 fimplici-

269 777 334 802 rate
356 764 494 809 desaeviit
522 764 561 796 ab
571 769 694 805 antiquo
717 763 822 805 lupina
836 768 1009 803 rapacitas.
1040 764 1100 796 Sed
1124 763 1157 795 (ν

268 817 373 852 diebus
396 816 457 857 istis
479 815 605 857 quidam
624 811 892 856 Pseudo-Episcopi
921 811 1133 855 Hibernienses
1147 837 1156 852 ,

267 876 322 902 aut
335 869 453 900 Scoticae
464 867 575 909 linguae
579 863 755 906 simulantes
766 862 953 902 barbariem,
978 864 1042 896 cum
1060 864 1079 895 ἃ
1095 863 1157 894 nul-

267 921 296 952 10
308 915 514 959 impositionem
524 926 632 947 manus
645 912 810 955 acceperint
822 937 833 954 ,
860 911 1055 955 Episcopalia
1063 920 1158 954 popu-

267 970 309 1002 lis
334 966 569 1006 administrant.
595 963 674 1004 Teste
694 964 813 1007 quidem
826 962 973 1005 apostolo:
1000 963 1112 996 Nemo
1126 963 1158 995 fi·

270 1018 306 1053 bi
318 1014 589 1052 sumithonorem
604 1038 616 1054 ,
642 1014 695 1048 sed
707 1014 762 1057 qui
776 1022 910 1046 vocatur
931 1012 950 1045 ὲ
985 1012 1062 1045 Deo
1083 1021 1159 1046 tan-

269 1078 370 1112 quam
384 1067 497 1100 Aaron
511 1076 521 1106 ;
546 1065 591 1097 illi
600 1065 675 1096 vero
687 1074 746 1095 non
756 1066 812 1103 per
825 1061 924 1102 ostium
937 1086 948 1102 ,
970 1059 1028 1105 sed
1037 1064 1160 1096 aliunde

269 1121 418 1150 intrantes
430 1112 588 1156 Ecclesiam
598 1112 709 1152 Christi
721 1113 956 1152 commaculant,
983 1113 1017 1146 6·
1027 1122 1059 1146 ut
1079 1118 1158 1146 vitu—

265 1175 391 1210 peretur
416 1163 608 1203 ministerium
632 1163 781 1202 nostrum,
805 1161 1036 1205 praesumptione
1042 1161 1160 1206 sacrtle

266 1230 310 1262 ga
323 1214 536 1254 administrant
549 1215 578 1244 E
577 1212 739 1255 piscopalts
765 1218 934 1246 eminentiae
946 1215 1154 1247 Sacramenta.

267 1269 348 1301 Cum
359 1270 437 1299 enim
445 1269 582 1308 gratiam
590 1261 685 1305 sacrae
697 1262 850 1296 Unc‘lioni's
872 1274 1034 1305 numquam
1049 1272 1159 1305 accepe-

268 1323 334 1352 rint
346 1340 356 1356 ,
385 1315 530 1348 celebrant
544 1315 695 1354 Ordines,
722 1312 833 1355 Eccles
829 1325 864 1345 as
890 1314 1050 1354 dedicant,
1079 1316 1162 1347 Atta-

268 1374 318 1401 ria
328 1364 520 1409 consecrant,
547 1364 720 1397 benedicunt
733 1363 861 1396 abbates
870 1388 883 1404 ,
910 1365 944 1397 &⁵
951 1363 990 1404 fic
1000 1365 1113 1398 villum
1128 1365 1161 1398 &

267 1417 407 1457 vestitum
418 1414 520 1459 misere
534 1415 760 1454 mendicantes,
785 1416 981 1447 sacramenta
990 1408 1094 1454 nostrae
1106 1418 1164 1448 Re

266 1468 447 1509 demptionis
472 1473 649 1498 convertunt
672 1469 703 1497 in
725 1464 886 1506 quaestum.
915 1467 970 1497 Ex
988 1465 1096 1498 talium
1108 1466 1164 1498 ad-

267 1516 489 1556 ministratione
512 1521 545 1548 in
557 1513 684 1555 Ecclefia
708 1515 871 1557 Anglicana
893 1516 1047 1556 multiplex
1062 1515 1164 1557 occafio

264 1566 473 1611 scandalorum
479 1566 549 1606 jam
561 1563 672 1605 emersit
684 1589 691 1595 .
722 1564 837 1597 Exstat
854 1563 991 1607 epistola
1004 1566 1089 1608 apud
1102 1566 1162 1600 Pc-

265 1627 358 1652 trum
371 1616 556 1650 Blesensem
568 1639 575 1646 .
603 1613 741 1649 Istorum
755 1614 1011 1649 ordinationem
1023 1617 1162 1650 affirmat

954 144 977 171 1)

269 1666 395 1700 dubiam
422 1671 513 1707 atque
524 1671 690 1705 incertam,
717 1665 750 1699 δε
764 1664 927 1699 adversam
940 1665 1035 1699 sacris
1057 1667 1164 1701 Cano·

267 1717 389 1751 nibus:
416 1715 519 1763 Qod
533 1715 650 1758 nempe
661 1715 829 1756 absolute,
856 1715 968 1748 nescio
987 1716 1105 1758 quibus
1126 1717 1163 1750 ri-

267 1766 376 1806 tibus,
402 1766 468 1799 sine
480 1766 653 1800 Canonica
665 1765 827 1799 eled'tione
838 1766 1035 1806 consecrati,
1063 1768 1163 1800 essent

267 1816 338 1850 fine
351 1815 494 1848 Ecclesia
522 1817 555 1849 ὃ(
569 1816 673 1854 Sede,
699 1826 796 1858 atque
808 1817 854 1848 ita
872 1815 982 1859 vagari
1008 1817 1043 1850 &
1065 1817 1163 1860 turpi-

269 1875 319 1920 ter
344 1863 532 1899 mendicare
542 1871 757 1906 cogerentur.

274 1914 426 1962 Qod
450 1914 484 1947 in
510 1914 797 1947 Sacramentomm
821 1912 1107 1948 administratione
1130 1915 1163 1949 δε

269 1967 395 2000 ευῐιέὶίς
407 1962 543 1996 Divinis
557 1961 675 1995 officiis
686 1960 817 2003 singulae
831 1961 941 2002 paffim
955 1968 1089 2002 gentes,
1104 1964 1164 1995 im·

269 2015 329 2049 mo
349 2009 540 2054 &ejusdem
559 2008 672 2052 gentis
691 2009 837 2051 quaedam
854 2010 1003 2043 Ecclefiae
1021 2010 1164 2045 diversos

270 2063 355 2098 olim
380 2062 462 2094 ritus
484 2058 683 2097 habuerint,
710 2059 849 2092 affirmat
872 2058 1055 2094 inlibrode
1070 2061 1163 2095 Divi-

270 2114 325 2148 nis
339 2110 472 2145 Officiis
485 2107 688 2142 Walafridus
699 2108 815 2143 Strabo
829 2134 837 2142 .
863 2109 906 2143 Et
919 2109 1014 2152 poffit
1025 2110 1162 2145 demon·

270 2163 363 2197 strati
383 2159 498 2194 multis
517 2158 677 2202 exemplis
692 2182 699 2190 .
726 2157 966 2193 Cameracensis
987 2160 1129 2195 Ecclesia
1144 2161 1161 2194 ὲ

270 2213 355 2247 fasta
380 2211 576 2255 Regnorum
598 2220 653 2252 per
674 2207 884 2255 Ludovicum
908 2209 1007 2243 Pium
1026 2210 1059 2244 i‘n
1073 2211 1161 2245 filios

270 2262 430 2298 divifione
453 2261 575 2303 semper
598 2260 737 2302 respexit
751 2259 1008 2304 Lotharingiam
1032 2273 1070 2295 ac
1082 2262 1158 2296 Ger-

269 2312 439 2348 manicum
465 2310 668 2353 Imperium,
695 2320 793 2352 atque
814 2311 860 2343 ita
882 2309 951 2353 ejus
980 2311 1162 2356 Episcopus

270 2358 496 2406 Metropolitae
521 2361 580 2393 suo
594 2359 773 2394 Rhemenfi
784 2385 794 2401 ,
825 2360 977 2404 spedianti
991 2362 1031 2395 ad
1044 2361 1162 2396 Galliae

270 2413 454 2457 Regnum,
481 2421 550 2444 non
577 2410 700 2452 semper
723 2422 763 2443 ex
781 2421 874 2453 aequo
886 2411 1015 2453 paruit,
1044 2423 1105 2446 nec
1121 2411 1162 2446 ab

272 2463 332 2497 illo
345 2464 468 2505 semper
492 2461 556 2494 fuit
569 2461 774 2494 consecratus
785 2485 792 2492 .
822 2460 925 2494 Ροιιὸ
939 2461 1028 2495 illius
1044 2462 1160 2496 electus

269 2512 461 2552 Gerardus,
489 2511 594 2544 sciens
614 2509 659 2543 ob
684 2511 778 2544 sortis
800 2511 996 2544 divisionem
1021 2512 1158 2557 infringi

271 2574 341 2597 non
355 2562 443 2605 posse
453 2561 502 2604 jus
514 2561 802 2602 Metropoliticum
814 2586 823 2601 ,
847 2561 1026 2604 nequidem
1042 2562 1160 2597 Romae

271 2611 396 2655 abipso
410 2610 596 2650 pontifice,
622 2610 675 2644 sed
699 2611 717 2644 a
732 2612 788 2644 suo
802 2611 1019 2655 Metropolita
1043 2614 1160 2646 conse-

272 2662 355 2697 crari
371 2660 496 2695 voluita
520 2658 623 2693 Aliud
637 2673 704 2694 non
719 2662 825 2705 potuit
838 2662 1035 2705 persuaderi.
1067 2664 1160 2697 Hinc

273 2714 316 2746 de
329 2712 480 2745 Henrico
504 2710 602 2744 tertio
623 2711 822 2754 Imperatore
846 2712 957 2745 scribit
974 2712 1007 2744 in
1024 2712 1160 2747 laudatae

275 2761 426 2797 Ecclefiae
448 2759 622 2794 Chronico
640 2759 808 2794 Baldricu's
834 2761 1015 2804 Episcopus
1029 2761 1159 2798 Torna-

275 2813 395 2847 cenfis:
427 2815 593 2853 Imperator
615 2811 726 2844 altioris
758 2809 863 2851 confilii
882 2812 964 2844 illum
977 2812 1159 2855 advertens,

275 2862 404 2897 libenter
415 2867 589 2904 acquievit,
616 2863 749 2905 dataque
772 2862 887 2894 reditus
905 2862 1025 2895 licentia
1038 2888 1048 2903 ‚
1073 2865 1161 2907 largi-

236 2941 240 2944 .
276 2923 328 2947 tus
340 2912 377 2953 est
389 2917 416 2946 ei
428 2912 537 2945 librum
550 2936 560 2951 ,
587 2911 816 2955 consecrationes
830 2912 1007 2945 clericorum
1028 2915 1062 2946 (5
1073 2916 1160 2947 Ordi-

275 2969 429 2999 nationcm
451 2960 593 3004 Episcopi
620 2968 838 3000 continentem,
863 2971 897 2995 ut
912 2970 969 3003 per
990 2961 1066 2996 bunc
1078 2965 1162 2998 vide-

278 3015 345 3048 licet
357 3011 539 3055 consecratus
561 3011 772 3054 haudfortaffe
786 3010 1021 3054 indisciplinatis
1033 3014 1160 3047 moribus

281 3062 464 3106 carlensium
474 3062 680 3106 irregulariter
691 3064 878 3096 ordinaretur
890 3087 896 3093 .
919 3063 1071 3097 Tantum
1083 3073 1161 3099 tunc

277 3113 363 3149 inter
386 3114 589 3148 Francorum
610 3113 644 3146 ἀ
664 3112 905 3146 Germanorum
927 3111 1162 3149 Ordinationes

275 3175 344 3199 etat
367 3165 491 3199 rituum
516 3163 690 3197 discrimen
706 3186 713 3194 .
742 3162 804 3197 Per
823 3163 992 3196 Carlenses
1011 3164 1102 3198 enim
1116 3165 1161 3199 in-

277 3214 471 3259 telliguntur
492 3213 611 3247 Franci
634 3222 808 3258 regnantes
828 3214 862 3246 in
885 3212 1016 3247 Gallia.
1046 3214 1164 3260 Longe

280 3265 385 3306 magis
396 3264 560 3299 distabant
583 3263 662 3297 ritus
674 3263 850 3298 Britonum
864 3274 901 3296 ac
913 3262 1138 3298 Hibernorum
1155 3290 1162 3296 .

280 3312 388 3360 Qud
400 3315 488 3347 enim
505 3313 681 3347 Nobilium
707 3313 792 3347 filios
805 3313 837 3346 in
854 3313 949 3353 vino,
970 3313 1163 3348 rusticorum

281 3361 390 3405 proles
403 3363 436 3395 in
456 3364 535 3398 laete
548 3364 784 3406 baptizaverint
796 3388 807 3404 ,
835 3364 1046 3398 &Henricus
1057 3366 1165 3399 secun-

278 3412 346 3446 ·dus
359 3410 546 3457 anglorum
562 3415 635 3449 Rex
647 3414 724 3449 istos
734 3415 876 3450 excessus
898 3415 1018 3460 corrigi
1033 3416 1165 3450 tandem

1303 141 1335 171 ·s
1417 128 1623 174 XLII.
1925 143 2025 191 *365

1210 207 1355 252 jusserit,
1381 207 1538 242 testantur
1560 207 1740 245 authentici
1768 213 1964 257 Scriptores.
1992 214 2095 251 Re&

1213 260 1314 303 igitur
1327 258 1470 292 laudatas
1488 260 1689 293 Francorum
1705 262 1854 303 Synodos
1880 264 2026 300 imitatus
2037 267 2096 300 Rir

1212 307 1349 343 chardus
1361 310 1433 343 data
1449 321 1502 352 per
1516 309 1594 343 istos
1611 309 1790 367 Episcopos
1804 314 2009 349 Sacramenta
2020 327 2096 351 cen-

1214 360 1275 394 suit
1288 359 1386 393 dubia
1402 384 1412 400 ,
1437 359 1588 402 juffitque
1610 360 1738 393 iterari.
1767 360 1950 398 Adversum
1963 366 2095 400 eosdem

1215 410 1355 443 statuisse
1372 409 1499 444 videtur
1525 409 1823 445 Francofordienfis
1846 412 2030 454 synodus.-
2056 420 2095 451 ω
2114 408 2188 438 Can·
2197 415 2243 441 ²⁷·

1215 471 1272 494 non
1283 458 1409 503 absolute
1423 462 1624 493 ordinentur.
2116 450 2161 477 ²8*

1265 510 1441 545 Absolutas
1464 510 1670 544 Clericorum
1691 510 1950 552 Ordinationes,
1974 512 2009 546 δε
2027 515 2099 548 tali

1217 572 1262 594 ter
1273 562 1512 596 ordinatorum
1535 562 1726 618 vagationes
1747 561 1828 594 olim
1842 561 1934 595 fuisse
1953 562 2100 604 frequen-

1217 611 1350 644 tissimas
1362 611 1530 655 queritur,
1555 612 1588 645 ὅ(
1603 612 1723 656 corrigi
1737 610 1878 654 postulat
1890 612 1988 646 etiam
2001 613 2036 646 in
2048 613 2102 647 lit-

1217 662 1293 695 teris
1314 661 1355 695 ad
1379 663 1531 696 Sanstum
1555 661 1719 703 Cyrillum
1740 685 1751 700 ‚
1778 662 1871 696 suum
1895 662 2101 697 Alexandriae

1219 710 1441 746 Patriarcham
1455 735 1466 751 ,
1489 713 1623 745 Sanetus
1635 712 1784 754 Synefius
1796 711 2014 747 ptolomaidis
2025 713 2103 757 Epi.

1220 763 1355 805 scopus,
1381 761 1642 804 Pentapolitanae
1664 761 1844 796 Provinciae
1865 762 2102 805 Metropolita.

1221 810 1628 855 AlexandereCyrenenfi
1652 813 1725 846 cive
1744 812 1776 845 δε
1789 812 1963 846 Monacho
1983 813 2103 848 Basilo.-

1219 862 1432 904 nopolitanus
1458 862 1490 895 in
1506 862 1667 905 Bithynia
1691 862 1892 905 Episcopus,
1918 861 2007 906 qnod
2019 864 2107 897 San*

1219 913 1270 945 sto
1283 913 1403 955 Joanni
1417 910 1658 956 Chrysostomo
1684 924 1739 956 per
1750 912 1922 954 Synodum
1942 913 1984 946 ad
1998 913 2105 960 Qer·

1219 973 1294 995 cum
1305 962 1462 997 damnato
1474 963 1737 999 communicare
1738 963 1932 996 constanter
1946 962 2106 1007 perrexis-

1220 1012 1287 1053 set,
1313 1012 1448 1057 &quod
1470 1013 1591 1056 abipso
1612 1024 1737 1048 contra·
1752 1012 2010 1047 Nicomedienfis
2030 1013 2106 1047 Me-

1221 1060 1407 1105 tropolitae
1399 1075 1468 1107 jura
1495 1064 1606 1097 fuisset
1631 1064 1836 1097 consecratus
1856 1088 1866 1103 ,
1905 1063 2022 1107 ejectus
2041 1063 2107 1097 fuit

1222 1123 1297 1145 cum
1319 1113 1391 1147 aliis
1415 1113 1535 1147 laudati
1549 1114 1685 1156 Joannis
1697 1112 1916 1154 Fautoribus,
1943 1124 2039 1156 atque
2059 1112 2107 1147 ita

1222 1162 1318 1195 rediit
1342 1164 1376 1196 in
1399 1163 1536 1206 patriam
1560 1163 1770 1196 Provinciam
1795 1186 1806 1202 ,
1833 1163 2009 1206 sedemque
2031 1163 2108 1196 fixit

1223 1211 1455 1252 Ptolomaide,
1481 1213 1615 1247 civitate
1631 1211 1898 1254 Metropolitana
1921 1235 1929 1244 .
1957 1213 2002 1246 Et
2023 1223 2111 1255 quo·-

1224 1263 1315 1296 niam
1325 1261 1498 1297 Provincia
1514 1261 1581 1297 haec
1595 1260 1720 1297 suberat
1733 1261 1963 1296 Alexandrino
1975 1262 2112 1296 Patriar·

1223 1311 1357 1354 chatui,
1384 1323 1425 1346 ex
1448 1311 1634 1356 Theophili
1658 1337 1669 1353 ,
1697 1313 1754 1356 qui
1774 1311 1953 1346 damnandi
1974 1312 2112 1355 Ioannis

1225 1363 1330 1396 fuerat
1352 1360 1495 1402 author,
1521 1361 1716 1396 Patriarchae
1739 1371 1826 1395 metu
1851 1361 1983 1396 fuitille
2002 1362 2112 1406 negleae

1225 1415 1315 1453 uus,
1343 1425 1384 1447 ne
1407 1413 1575 1457 peregrina
1600 1412 1732 1456 quidem
1748 1412 1985 1446 communione
2006 1411 2114 1446 hono·

1227 1474 1333 1497 ratus.
1348 1461 1504 1497 Tandem
1515 1462 1592 1497 vero
1604 1464 1696 1506 super
1709 1463 1844 1506 Joannis
1854 1462 2014 1497 memoria
2027 1462 2112 1497 coiit

1226 1513 1442 1548 Ecclefiarum
1462 1512 1546 1557 pax,
1573 1512 1626 1547 &⁸
1618 1524 1682 1555 Jam
1705 1514 1723 1547 ὲ
1742 1513 1885 1547 triennio
1903 1512 2050 1555 cojetat,
2074 1512 2112 1547 δε

1227 1574 1337 1598 tamen
1351 1561 1541 1597 Alexander
1564 1564 1718 1607 permanfi
1710 1573 1737 1596 it
1751 1562 1981 1602 Ptolomaide,
2008 1573 2049 1596 ne
2061 1560 2113 1597 vel

1226 1615 1380 1659 cogitans
1393 1614 1433 1647 de
1445 1613 1501 1647 fibi
1514 1614 1685 1647 commiffa
1700 1613 1859 1648 Ecclefia.
1886 1614 1980 1647 Hinc
1991 1625 2056 1652 an,
2078 1612 2113 1646 &

1227 1665 1366 1707 qualiter
1379 1664 1549 1708 cogendus
1560 1664 1599 1698 ad
1613 1664 1777 1703 reditum,
1804 1664 1838 1698 ἀ
1849 1663 2039 1706 quomodo
2032 1672 2116 1696 intc-

1227 1716 1288 1749 rim
1302 1714 1486 1748 trastandus
1504 1715 1605 1754 effet,
1632 1712 1741 1754 haefit,
1762 1714 1851 1748 acad
1864 1714 1956 1747 suum
1968 1713 2113 1747 Patr-izr-

1227 1764 1324 1799 cham
1348 1763 1460 1798 retulit
1483 1764 1659 1806 Synefius,
1690 1774 1788 1806 atque
1799 1763 1860 1796 hac
1872 1764 2042 1797 occasione
2053 1762 2114 1796 ad·-

1223 1814 1313 1848 didit
1340 1814 1380 1846 de
1404 1813 1545 1845 Clericis
1566 1810 1747 1844 vacantivis
1769 1824 1777 1844 ε

1229 1914 1300 1945 bare
1325 1913 1509 1952 loquentem,
1535 1919 1569 1941 ut
1593 1909 1698 1950 ufita'ta
1717 1911 1806 1951 apud
1815 1912 2038 1959 Rempublicam
2048 1925 2116 1948 voce

1228 1961 1434 1993 nonnullorum
1447 1963 1610 2000 nequitiam
1630 1961 1787 2002 expreffiut
1802 1962 1968 1996 declarem.
1998 1967 2038 1996 Hi
2047 1974 2116 1997 cer-

1227 2020 1292 2043 tam
1304 2010 1424 2052 quidem
1436 2009 1550 2042 nullam
1562 2010 1666 2042 sedem
1688 2010 1797 2043 babere
1809 2013 1935 2051 volunt,
1962 2020 2115 2056 quiquam

1218 2159 1395 2201 fruuntur,
1414 2162 1451 2193 εό
1472 2169 1622 2203 vagantes
1643 2159 1690 2192 ubi
1715 2163 1819 2203 majtcs
1841 2162 1879 2202 est
1891 2166 2115 2204 compendium.

1227 2209 1303 2242 Mihi
1312 2213 1384 2244 vero
1398 2234 1408 2251 ‚
1433 2211 1682 2250 Reverendiffime
1700 2215 1813 2252 Pater,
1841 2219 1886 2245 ita
1899 2216 2022 2247 videtur
2034 2223 2118 2256 opor—

1227 2270 1289 2294 tere
1300 2266 1344 2293 eis
1361 2285 1372 2300 ,
1398 2258 1530 2303 quisuas
1544 2261 1688 2302 Ecclefias
1700 2263 1900 2304 reliquerunt,
1927 2270 2005 2297 omni
2019 2266 2119 2298 Eccle-

1218 2308 1262 2351 fia
1286 2311 1453 2351 interdici,
1478 2310 1699 2353 &priusquam
1712 2312 1780 2345 illuc
1800 2314 1955 2347 redeuntes
1962 2313 1997 2356 se
2005 2324 2118 2356 recepe·

1225 2366 1310 2402 rint,
1336 2366 1483 2394 neminem
1511 2362 1555 2393 ad
1567 2363 1667 2395 Altare
1688 2374 1734 2396 eos
1760 2364 1944 2404 admittere,
1972 2365 2117 2406 nequead

1221 2416 1340 2453 primas
1366 2411 1454 2444 Sedes
1478 2417 1635 2452 invitare,
1655 2410 1716 2455 sed
1737 2418 1816 2445 inter
1834 2419 1986 2457 gregarios
2007 2420 2038 2446 in
2047 2416 2117 2456 ple*

1223 2461 1286 2494 heis
1304 2459 1452 2504 subselliis
1476 2462 1664 2503 relinquere,
1690 2474 1756 2496 cum
1780 2465 1937 2505 Ecclesiam
1964 2464 2114 2496 adibunt.

1225 2516 1311 2543 Nam
1332 2512 1418 2544 citius
1440 2513 1486 2544 ad
1493 2510 1547 2554 sua
1570 2512 1631 2545 loca
1655 2522 1868 2553 revertentur,
1887 2514 1920 2555 fi
1929 2513 2047 2547 honoris
2067 2513 2116 2557 sui

1215 2560 1370 2601 jac‘luram
1382 2571 1519 2594 metuant
1532 2588 1542 2603 ,
1555 2574 1642 2605 quem
1654 2571 1757 2605 capere
1769 2564 1871 2596 ubivis
1881 2566 2010 2602 malunt,
2022 2567 2115 2606 qucim

1222 2612 1264 2644 ibi
1278 2635 1289 2651 ,
1315 2610 1364 2644 ubi
1375 2618 1536 2645 convenit:
1567 2614 1678 2645 Malim
1690 2622 1791 2646 autem
1803 2615 1863 2646 illic
1871 2613 1980 2655 saltem
1993 2638 2003 2653 ,
2023 2617 2115 2656 quam

1222 2660 1366 2704 nusquam
1390 2664 1507 2695 omnino
1531 2669 1701 2703 percipere.
1731 2663 1917 2697 Haelitterae
1936 2665 2047 2705 passim
2062 2676 2117 2705 pu-

1198 1975 1212 2787 !
1227 2059 1377 2093 habebant
1388 2069 1481 2093 antea
1493 2061 1698 2101 reliquerunt,
1726 2072 1783 2093 non
1796 2063 1857 2094 ulla
1871 2063 2040 2096 calamitate
2047 2066 2116 2105 pul-

1219 2109 1277 2151 fi,
1301 2103 1361 2153 sed
1375 2106 1482 2152 sponte?
1502 2111 1592 2142 locum
1616 2120 1797 2144 mutantes.
1838 2113 2006 2146 Honoribus
2026 2116 2116 2155 porro

1198 2788 1257 3502 ἱίε

1223 2721 1332 2746 tantur
1355 2711 1477 2754 scriptae
1501 2711 1541 2744 ad
1568 2710 1798 2752 Theophilum
1821 2734 1832 2750 ‚
1858 2713 1966 2745 Sancti
1989 2712 2114 2757 Cyrilli

1227 2761 1425 2795 avunculum
1441 2782 1451 2798 ,
1478 2771 1515 2793 ac
1541 2760 1575 2792 in
1592 2758 1828 2793 Alexandrino
1842 2759 1987 2795 Throno
1998 2762 2116 2806 proxi-

1223 2822 1313 2845 mum
1328 2810 1552 2844 Praecefforem
1567 2835 1574 2841 .
1603 2809 1729 2844 Verum
1749 2809 1963 2846 Ecclefi'arum
1975 2837 1986 2852 ,
2014 2823 2114 2856 quam

1223 2861 1378 2901 laudant,
1405 2861 1424 2895 ὲ
1448 2860 1591 2894 triennio
1618 2860 1700 2894 fasta
1727 2861 1820 2903 super
1841 2862 1945 2895 saneti
1975 2862 2113 2904 Joannis

1223 2912 1381 2945 memoria
1405 2921 1467 2954 pax
1490 2910 1580 2944 aliud
1600 2911 1726 2944 evincit
1747 2934 1753 2942 .
1781 2909 1996 2955 Theophilus
2019 2913 2112 2947 enim

1224 2962 1352 2996 nonnisi
1375 2962 1410 2994 in
1433 2960 1548 2995 mortis
1570 2961 1655 2994 lesto
1674 2961 1802 2995 admisit
1823 2961 1960 3005 Joannis
1981 2974 2115 2997 memo-

1224 3022 1304 3046 riam
1317 3036 1328 3052 ,
1355 3012 1522 3055 ipsamque
1533 3009 1645 3045 denuo
1659 3010 1805 3054 Cyrillus
1816 3011 1932 3055 abjecit
1945 3036 1956 3053 ‚
1969 3013 2112 3056 ideoque

1227 3062 1276 3096 hae
1289 3061 1415 3105 Synesii
1437 3062 1551 3095 litterae
1561 3059 1682 3095 debent
1705 3062 1767 3095 esse
1779 3062 1819 3096 ad
1835 3062 1942 3105 ipsum
1955 3087 1966 3104 ,
1991 3063 2114 3106 &qui-·-

1224 3114 1299 3147 dem
1309 3112 1380 3156 post
1394 3112 1510 3146 initam
1524 3122 1635 3155 pacem
1648 3135 1656 3143 .
1684 3110 1836 3146 Laudant
1849 3114 1926 3147 item
1951 3111 2013 3147 hac
2024 3113 2065 3147 de
2077 3123 2112 3147 re

1225 3162 1355 3206 scriptas
1377 3161 1417 3195 ad
1431 3163 1580 3195 Atticum
1596 3161 1795 3205 Episcopum
1820 3163 2112 3207 Constantinopd'-

1227 3214 1367 3247 litanum
1380 3213 1502 3245 litteras
1513 3237 1523 3252 ,
1550 3222 1629 3258 quas
1639 3211 1768 3246 constat
1784 3224 1852 3247 non
1866 3212 2052 3257 Theophili
2066 3214 2112 3247 es-

1304 3262 1358 3296 sed
1381 3261 1503 3304 Cyrilli
1518 3286 1525 3293 .
1552 3261 1705 3296 Laudant
1728 3273 1797 3296 non
1816 3263 2111 3307 qualemcumque,

1228 3315 1280 3347 sed
1297 3313 1426 3356 plenam
1442 3310 1658 3346 Ecclefiarum
1681 3322 1792 3355 pacem
1808 3337 1818 3352 ,
1844 3325 1914 3357 quae
1937 3323 2054 3347 omnes
2064 3313 2109 3346 ob

1227 3365 1334 3399 San-sti
1348 3363 1482 3406 Joannis
1494 3363 1763 3396 communionem
1787 3363 1919 3409 fugatos
1933 3363 2111 3407 Episcopus

1229 3413 1330 3449 redire
1353 3414 1512 3459 permisit,
1537 3414 1638 3448 etiam
1653 3410 2011 3449 dubia-Ordinationis
2026 3411 2111 3447 Alea.

1980 3474 2062 3498 xan-

1814 1814 1970 1855 Vagantur
1991 1814 2116 1855 quidam
2134 1820 2209 1860 Epist
2224 1823 2272 1851 66

1229 1864 1311 1904 apud
1322 1872 1376 1895 nos
1389 1866 1571 1894 vacantivi.
1596 1864 1729 1894 Patiens
1743 1866 1819 1893 enim
1830 1873 1875 1894 me
1880 1863 2037 1903 paululum
2049 1863 2116 1897 bar·-
2137 1864 2164 1895 Ἦ
2175 1868 2222 1898 67-
