2346 3724
613 176 845 227 CA?

915 192 1202 226 ITls

1316 176 1359 222 x
1385 176 1429 221 x
1456 178 1499 222 v
1525 178 1560 221 1.
1844 194 1943 235 229

177 268 280 319 siim*
307 262 617 316 demandarent
641 301 654 313 .
705 262 983 335 Qarnquam
1023 260 1103 312 etfi
1141 258 1338 328 quaedam
1376 261 1491 309 inter
1529 256 1788 309 domesticos
1810 297 1823 321 ,
1865 280 1915 314 ut
1941 264 2026 315 ita*

175 337 358 387 dixerim
379 373 393 397 ‚
430 332 686 389 differebant
709 371 723 397 ‚
756 351 848 384 non
894 348 1044 384 tamen
1085 348 1136 381 ea
1175 328 1293 380 fuiffe
1319 328 1583 380 credendum
1610 328 1681 379 es’cv
1702 364 1716 390 ,
1753 347 1850 396 quae
1871 335 2009 383 aliam
2020 336 2025 345 ²

175 406 406 471 Regulam
429 404 530 456 fidei
575 404 901 477 superducerent
924 440 939 467 ‚
972 401 1183 454 diversam
1221 405 1264 450 δι
1301 403 1564 450 contrariam
1605 400 1672 449 illi
1695 436 1708 460 ,
1745 417 1880 466 quam
1917 404 2025 451 (za-s

176 476 345 527 tholice
377 479 425 526 in
462 476 654 528 medium
689 475 965 546 proferebant
1003 494 1015 524 :

1064 478 1131 523 Ut
1172 473 1306 523 aliurn
1372 476 1520 522 Deum
1563 474 1611 521 in
1651 469 1843 530 Ecclefia
1891 469 2010 540 dice-v

175 562 274 598 rent
295 583 310 608 ‚
344 548 478 596 alium
520 551 567 598 in
604 547 790 616 hospitio
832 567 846 607 3
893 546 1025 596 aliam
1080 542 1241 593 Christi
1295 540 1575 593 substantiam
1613 536 1885 605 designarent
1926 537 2029 590 iri-..tl

145 642 147 644 v
176 633 332 685 aperto
366 654 380 679 ,
416 619 547 667 aliam
586 620 631 668 in
674 617 877 677 secret03
912 617 1050 666 aliam
1085 612 1203 681 spem
1242 611 1560 664 resurreecionis
1597 611 1714 680 apud
1747 629 1901 663 omnes
1935 628 2014 660 an*

178 689 430 738 nuntiarent
467 726 481 749 ,
529 690 661 738 aliam
700 687 817 757 apud
850 704 1012 756 paucos
1049 721 1063 733 .

1128 685 1249 735 Cum
1287 684 1368 753 ipsi
1421 683 1696 734 obsecrarent
1731 685 1778 733 in
1819 680 2015 750 epistolis

179 755 267 807 suis
295 795 309 820 ‚
345 775 394 808 ut
432 757 618 826 idipsum
669 764 714 810 δε
754 776 886 808 unum
926 760 1205 825 loquerentur
1226 771 1392 806 ‘omnes
1431 792 1446 816 ,
1493 759 1536 804 &
1574 771 1664 803 non
1705 751 1837 803 essent
1882 750 2015 801 schis-

179 840 300 878 mata
347 833 391 878 &
427 828 696 880 dissensiones
735 832 782 879 in
818 828 1008 881 Ecclesia
1045 863 1059 888 ,
1108 828 1219 892 quia·
1257 826 1343 876 five
1379 827 1538 875 Paulus
1567 861 1581 885 ‚
1628 824 1716 874 five
1760 824 1837 874 alii
1877 859 1892 882 ‚
1941 838 2015 871 ea-

180 896 283 947 dem
318 897 605 965 praedicarent
643 934 657 948 .

184 970 291 1032 Non
314 1003 327 1028 ,
363 987 431 1015 non
460 1004 474 1015 .

144 1053 146 1055 ·
187 1038 233 1084 in
274 1036 522 1088 diversitate
561 1042 819 1088 tradtarent.

376 1269 404 1313 S
440 1282 469 1312 c
505 1283 535 1312 rr
571 1282 603 1312 o
637 1280 662 1311 1.
698 1282 713 1310 1
751 1281 782 1312 o
818 1283 847 1312 N
869 1301 882 1312 .

323 1401 440 1450 Porro
467 1402 673 1469 coifiquens
698 1420 780 1454 erat
803 1442 817 1466 ,
842 1409 934 1452 &a
990 1403 993 1426 ⁵

288 1556 375 1594 Uod
396 1570 450 1604 per
471 1561 666 1604 Depositum
679 1560 1073 1606 Apostolusintellexerit

314 1609 493 1645 solemnem
519 1611 554 1646 δε
576 1611 788 1646 Catholicam
817 1612 991 1657 Evangelii
1017 1611 1075 1645 do-

335 1660 488 1698 ctrinam,
514 1662 619 1706 pergit
645 1662 821 1697 asseverare
866 1661 1074 1705 Septimius,

184 1708 221 1743 &
247 1707 396 1754 adjungit
422 1710 521 1744 aliam
532 1712 681 1752 causam,
707 1722 748 1745 ex
762 1723 826 1757 qua
853 1712 960 1756 ipsum
987 1711 1074 1745 idem

185 1757 368 1802 Apostolus
402 1760 558 1795 omnibus
592 1761 762 1806 Episcopis
802 1774 840 1797 ac
875 1761 1074 1796 Doctoribus

179 1807 308 1851 jusserit
333 1809 397 1844 fide
422 1810 672 1845 custodiendum
697 1836 704 1844 .
739 1811 831 1857 Qia
863 1811 980 1856 nempe
1005 1822 1072 1845 non

183 1857 251 1893 fuit
275 1859 387 1903 paffim
413 1870 469 1894 aut
503 1859 737 1894 inconiiderate
762 1860 1074 1896 administrandum.

185 1907 227 1941 ln
253 1907 320 1951 ejus
352 1908 637 1945 administratione
670 1910 860 1945 servandam
886 1911 973 1954 juffit
999 1911 1076 1944 Do-

186 1956 344 1994 minicam
377 1959 524 2004 regulam
552 1984 564 2001 ,
598 1972 670 2003 quae
703 1970 792 1994 vetat
827 1961 980 1995 Sanctum
1007 1960 1075 1995 dari

185 2008 350 2050 canibus,
374 2010 408 2043 δε
432 2010 558 2043 nostras
571 2010 763 2052 margaritas
774 2010 879 2053 spargi
902 2011 978 2044 ante
1003 2021 1073 2053 por·

188 2068 266 2091 cos·
296 2059 351 2092 Ut
364 2069 401 2092 ea
412 2057 505 2092 caute
515 2057 751 2092 abistiusrnodi
765 2059 891 2101 injuriis
913 2059 1074 2094 custodia-

188 2116 262 2140 mus
276 2132 284 2140 .
311 2107 534 2142 Dominicum
549 2118 744 2152 praeceptum
757 2109 925 2153 infigniter
936 2110 1075 2154 exponit

188 2157 224 2190 in
238 2156 345 2201 primo
356 2157 555 2192 stromatum
566 2156 649 2192 libro
668 2157 803 2193 Sanssus
827 2159 984 2194 Clemens
999 2160 1077 2194 Ale-

189 2206 386 2242 xandrinus.
415 2208 568 2242 Affirmat
579 2219 713 2242 omnem
728 2208 907 2243 Christiani
925 2211 1076 2255 Dogma-

185 2257 231 2291 tis
248 2257 445 2301 Scriptorem
468 2269 504 2291 ac
519 2256 756 2301 praedicatorem
781 2258 898 2293 debere
913 2261 974 2293 esse
994 2259 1075 2292 fimi-

186 2307 254 2341 lem
265 2308 351 2341 lsaiae
363 2306 533 2351 Prophetae
544 2331 555 2348 ‚
582 2308 672 2350 cujus
684 2307 892 2343 Praedicaturi
922 2310 1072 2353 linguam

187 2355 290 2401 igneo
301 2357 431 2391 calculo
451 2357 603 2401 purgavit
619 2358 787 2401 Angelus,
818 2359 909 2392 addit
932 2358 1073 2391 auditori

187 2418 280 2439 aures
305 2408 422 2440 eodem
449 2407 551 2439 modo
573 2406 756 2449 purgandas
778 2417 815 2439 ac
847 2407 1073 2450 prosequitur:

186 2459 256 2488 Haec
266 2455 341 2487 mibi
357 2464 445 2488 erant
456 2456 666 2497 impedimento
680 2479 690 2495 ,
717 2467 770 2498 quo
783 2457 881 2488 minus
889 2455 1049 2499 scriberem
1063 2480 1073 2496 ,

27 2488 90 2520 RI'
100 2499 166 2526 ²9⁷·
188 2508 223 2540 Θ
234 2517 311 2539 nunc
326 2506 423 2539 adbuc
435 2516 536 2538 vereor
547 2507 619 2539 ante
628 2514 730 2548 porcos
738 2507 843 2546 jacere
864 2513 1049 2550 margaritas
1061 2530 1072 2546 ‚

238 2567 289 2589 eas
302 2557 467 2589 conculcent
478 2554 608 2597 pedibus
621 2580 631 2596 ,
658 2558 691 2589 (θ’
702 2554 832 2597 conversi
838 2568 889 2589 nos
908 2556 1070 2600 frangant.

189 2606 243 2645 Est
262 2610 338 2638 enim
351 2606 464 2646 difficile
475 2606 510 2637 de
521 2616 591 2639 vero
601 2607 710 2639 lumine
721 2608 792 2640 vere*
800 2614 889 2647 puros
904 2609 938 2640 Θ·
956 2605 1071 2649 perspi-

189 2667 255 2688 cuos
271 2657 420 2688 declarare
425 2653 571 2696 sermones
580 2654 679 2698 suillis
693 2658 726 2689 (rt
738 2656 864 2689 indoctis
878 2657 1073 2690 auditoribus.

191 2710 250 2738 His
263 2711 341 2738 enim
355 2711 411 2738 vix
415 2705 532 2746 poffunt
544 2707 629 2746 apud
638 2707 746 2750 vulgus
757 2708 818 2739 ulla
828 2713 925 2751 magis
948 2708 1074 2741 ridicula

192 2756 294 2789 audiri
311 2767 318 2787 z
348 2756 466 2787 Rursus
485 2763 586 2787 autem
595 2757 680 2797 apud
690 2755 849 2799 ingeniosos
861 2762 956 2800 magIs
980 2758 1075 2789 admi-

196 2806 324 2845 rabilia,
352 2806 387 2837 (τ
411 2808 503 2836 Deum
514 2811 612 2848 magts
638 2803 836 2848 inspirantia.
864 2806 991 2840 Laudat
1006 2807 1074 2841 Do·

196 2856 279 2888 mini
296 2853 426 2889 verbum
440 2879 449 2894 ,
477 2856 567 2897 ,Quod
586 2860 618 2888 in
632 2867 736 2889 aurem
752 2859 868 2889 auditis
879 2880 890 2895 ‚
912 2859 1076 2899 pra-dicate

189 2904 280 2949 super
305 2905 406 2943 tedia,
433 2904 465 2936 ὅ(
490 2905 616 2948 pergit:
646 2909 778 2939 Arcanas
801 2908 980 2940 traditiones
994 2916 1075 2941 verae

192 2960 366 2999 cognitionis
380 2978 389 2992 ,
415 2964 482 2996 quae
505 2955 615 2987 excelse*
626 2956 659 2988 (τ
681 2957 852 2990 excellenter
862 2958 1052 2998 explicantur
1065 2982 1074 2997 ,

195 3010 343 3038 Dominus
368 3004 455 3044 jubet
478 3014 531 3036 nos
553 3009 585 3036 in
595 3015 695 3037 aurem
700 3004 863 3049 suscipere.
892 3009 935 3040 Et
950 3006 1025 3049 ficut
1044 3013 1075 3041 in

196 3066 296 3088 aurern
316 3056 474 3092 audimus,
503 3059 547 3086 ita
568 3058 660 3086 etiam
675 3058 811 3095 tradere,
833 3057 940 3100 quibus
964 3066 1076 3099 oportet

197 3116 257 3138 non
272 3114 373 3137 autem
390 3103 522 3136 omnibus
536 3109 634 3137 omnia
647 3106 747 3146 paffim
757 3108 878 3141 tradere
888 3133 898 3148 ,
925 3119 992 3150 quae
1004 3113 1076 3151 Apo-

192 3155 274 3195 stolis
297 3161 329 3188 in
346 3154 502 3196 parabolis
525 3154 607 3187 dic‘la
621 3164 731 3196 erant,
754 3162 951 3199 praecipiens.
980 3158 1023 3192 Et
1042 3160 1074 3192 in

197 3205 303 3239 Sancti
318 3202 468 3238 Matthaei
491 3206 737 3238 commentariis
755 3206 863 3240 scribit
874 3208 1007 3241 sandius
1017 3209 1076 3242 Hi-

199 3253 296 3288 larius
307 3253 529 3289 Pistavienfis:
558 3258 722 3296 Praeceptis
736 3257 770 3289 (¹5
782 3259 929 3297 Promrffis
953 3261 1009 3292 Dei
1032 3265 1076 3292 ni-

202 3303 250 3335 hii
256 3303 400 3346 pretiosus
407 3303 597 3348 sanlliusquc
609 3305 646 3344 est
659 3330 670 3345 ,
695 3316 761 3347 quae
776 3305 973 3349 sanc‘i‘ificatis
992 3309 1074 3342 nobis

202 3355 435 3387 immortalitatis
459 3353 629 3397 thesaurum
639 3356 827 3399 largiuntur.
853 3362 965 3392 Horum
985 3365 1075 3404 igitur

295 3401 399 3442 christ.
413 3407 490 3445 Lupi
499 3409 599 3447 Opera
610 3409 689 3439 Tom.
704 3409 760 3439 IX'.

708 901 923 967 Alioquin
959 898 1245 947 meminerant
1277 916 1289 945 :
1327 901 1389 944 Sit
1414 895 1542 963 firmo
1579 895 1698 959 vester
1736 931 1750 955 ,
1787 893 1862 940 Es}
1886 929 1899 954 ,
1936 892 2015 956 est,-

522 967 637 1035 Qod
677 968 839 1035 amplius
867 1005 881 1029 ‚
916 966 982 1016 hoc
1025 966 1053 1017 d
1091 966 1193 1015 ntalo
1227 966 1278 1032 est
1325 1003 1339 1015 .

1406 972 1482 1019 Ne
1521 965 1689 1016 scilicet
1727 963 2017 1028 Evangelium

1135 1216 1330 1249 sacramenta
1349 1223 1440 1257 atque
1463 1218 1594 1247 virtutes
1618 1222 1712 1255 neque
1733 1215 1766 1244 in
1778 1219 1881 1254 gentes
1891 1209 2017 1250 offerre,

1137 1276 1228 1308 neque
1247 1277 1313 1300 cum
1336 1264 1485 1299 haereticis
1507 1263 1636 1305 conferre
1655 1267 1890 1303 permittuntur.
1917 1266 2018 1294 Canes

1136 1321 1214 1348 enim
1224 1318 1262 1349 de
1273 1315 1446 1349 oblatrandi
1456 1315 1608 1348 adversus
1619 1316 1718 1346 Deum
1729 1311 1814 1344 rabie
1819 1319 1926 1354 gentes
1945 1308 2019 1352 sunt

1137 1374 1303 1406 nuncupate
1326 1389 1334 1396 .
1374 1368 1530 1398 Porcorum
1551 1365 1623 1402 vero
1651 1362 1797 1394 baereticis
1827 1359 1866 1397 est²
1898 1370 2021 1392 nomen.

1137 1416 1222 1456 ,Quia
1238 1419 1382 1457 quamvis
1404 1414 1520 1457 ungulae
1532 1411 1716 1455 bifidaefint‚
1743 1418 1894 1452 acceptam
1917 1418 2022 1441 tamen

1139 1468 1196 1497 Dei
1207 1470 1399 1508 cognitionem
1410 1475 1467 1496 non
1481 1463 1658 1496 ruminando
1670 1460 1826 1503 disponunt
1839 1485 1846 1491 .
1875 1460 2023 1492 Alexan·

1138 1513 1230 1546 drina
1243 1515 1362 1557 Magni
1376 1513 1548 1547 Athanasii
1567 1511 1778 1554 expurgatrix
1791 1509 1944 1552 Synodus
1967 1518 2022 1550 pet

1137 1573 1234 1596 canes
1257 1564 1357 1597 etiarn
1380 1562 1546 1607 gentiles,
1575 1572 1632 1604 per
1642 1570 1757 1603 porcos
1780 1557 2025 1592 autemintelli·

1137 1613 1187 1656 git
1199 1623 1267 1646 non
1282 1612 1447 1647 haereticos
1459 1637 1469 1652 ,
1496 1611 1549 1645 sed
1563 1608 1846 1645 catechumenos.
1874 1609 1913 1641 ln
1937 1608 2025 1652 vige-

1138 1662 1215 1695 sima
1227 1663 1320 1696 tertia
1333 1664 1427 1706 super
1447 1661 1703 1704 SanfflJoannis
1725 1658 1941 1704 Evangelium
1966 1657 2026 1690 ho-

1139 1711 1231 1746 milia
1263 1713 1396 1747 Sanstus
1432 1713 1573 1756 Joannes
1611 1709 1867 1753 chrysostomus
1892 1707 2026 1752 quaerit,

1139 1762 1312 1805 quomodo
1337 1761 1402 1795 haec
1423 1761 1490 1794 duo
1512 1761 1696 1795 Dominica
1714 1759 1895 1796 Mandata,
1919 1759 2026 1790 Nolite

1139 1811 1278 1844 sanctum
1306 1813 1382 1845 dare
1403 1811 1548 1851 canibus,
1574 1812 1608 1844 ὑ
1628 1821 1664 1843 ne
1688 1814 1818 1842 mittatis
1840 1812 2027 1851 margaritas

1140 1861 1254 1901 vestras
1268 1869 1339 1894 ante
1344 1870 1447 1903 porcos
1461 1885 1473 1902 ,
1499 1860 1531 1894 &
1541 1885 1552 1901 ‚
1579 1861 1672 1903 ,Quod
1679 1864 1710 1891 in
1720 1871 1792 1892 aure
1803 1859 1918 1891 auditis
1928 1882 1938 1898 ,
1946 1866 2028 1899 prae-

1139 1913 1236 1946 dicate
1245 1910 1333 1955 super
1347 1911 1445 1952 tedia,
1476 1910 1532 1944 sibi
1553 1909 1670 1944 mutuo
1681 1909 1886 1944 cohaereant?
1913 1907 1956 1941 Et
1970 1908 2027 1941 res·

1140 1961 1285 2004 pondet:
1311 1963 1372 1995 Sed
1393 1973 1429 1993 ne
1452 1959 1626 2002 hocqut'dem
1638 1960 1818 1992 Mandatum
1839 1955 2024 1999 adversatur

1135 2016 1231 2052 priori
1243 2036 1253 2051 ,
1266 2021 1317 2044 nec
1325 2009 1529 2050 indifferenter
1539 2009 1672 2042 omnibus
1680 2007 1923 2050 predicarijuffit
1934 2030 1945 2046 ,
1970 2004 2034 2048 sed*

1141 2060 1189 2093 bis
1201 2083 1211 2099 ,
1220 2072 1291 2103 quos
1304 2061 1398 2093 doceri
1410 2067 1520 2101 oportet
1531 2084 1542 2100 ‚
1564 2064 1701 2101 precepit
1722 2068 1785 2090 cum
1793 2057 1903 2099 fiducia
1910 2057 2027 2099 praedi-

1140 2115 1203 2143 cari
1222 2136 1229 2142 .
1261 2111 1372 2156 Quem
1398 2110 1526 2143 sensum
1552 2109 1665 2152 probat
1699 2119 1737 2142 ac
1759 2107 1903 2151 sequitur
1923 2106 2025 2140 etiam

1141 2161 1274 2194 Sanstus
1295 2160 1446 2193 Hilarius
1470 2183 1476 2190 .
1514 2157 1626 2203 Pergit
1650 2157 1907 2201 Chrysoflomus
1929 2169 1937 2189 x
1965 2160 2025 2188 Ca·

1140 2220 1192 2243 nes
1203 2219 1302 2242 autem
1315 2213 1459 2242 Dominus
1471 2208 1670 2253 bicfignificat
1683 2208 1814 2241 homines
1826 2214 1858 2240 in
1869 2212 2025 2250 impietate

1140 2264 1280 2293 viventes
1304 2259 1535 2299 immedicabili,
1563 2258 1689 2302 &spem
1708 2258 1902 2299 converfiom’s
1921 2263 1953 2290 in
1968 2268 2026 2291 mt-

1138 2310 1196 2342 Iius
1209 2312 1326 2341 omnino
1338 2320 1395 2342 non
1407 2309 1549 2342 habentes
1560 2334 1568 2341 .
1598 2312 1704 2343 Porcos
1717 2310 1832 2343 veroin
1850 2309 1910 2341 luto
1929 2307 2026 2348 effrae-

1139 2363 1188 2390 nis
1211 2359 1342 2391 luxuriae
1356 2360 1473 2400 jugiter
1492 2367 1701 2392 commorantes
1714 2383 1723 2398 ,
1752 2370 1824 2401 quos
1831 2356 1905 2402 san?
1925 2369 2025 2391 omnes

1137 2405 1307 2450 hujusmodi
1329 2408 1466 2440 dollrina
1479 2409 1638 2448 ‚iudicavit
1657 2409 1812 2452 indignos.
1846 2408 1907 2442 Per
1927 2419 2026 2442 canes

1137 2457 1169 2490 ὃς
1189 2462 1304 2500 porcos
1329 2459 1463 2491 Sanctus
1477 2458 1785 2502 Joannesintelligit
1806 2459 1939 2500 quosvis
1958 2470 2026 2492 car-

1137 2507 1225 2540 nales
1246 2508 1280 2542 &
1293 2508 1451 2541 animales
1465 2507 1618 2543 homines
1631 2534 1642 2549 ,
1655 2509 1696 2543 de
1706 2508 1825 2552 quibus
1843 2509 1877 2542 &
1888 2509 2025 2542 Sanetus

1137 2556 1275 2590 Paulus:
1305 2559 1454 2591 „animalis
1464 2557 1548 2592 homo
1559 2570 1618 2592 non
1626 2563 1758 2601 percipit
1779 2569 1813 2591 ca
1824 2582 1835 2598 ,
1864 2570 1931 2600 quae
1950 2556 2023 2601 sunt

1135 2610 1264 2649 spiritus
1287 2610 1363 2642 Dei.
1392 2609 1531 2641 stultitia
1550 2613 1629 2642 enim
1653 2609 1691 2649 est
1711 2609 1755 2642 illi
1777 2634 1785 2641 .
1817 2608 1859 2642 Et
1882 2608 2024 2650 Ioannes

1136 2658 1241 2701 pergit
1265 2670 1272 2690 :
1305 2657 1385 2691 Alibi
1407 2669 1519 2701 quoque
1540 2659 1689 2701 Apostolus
1709 2664 1920 2700 corruptionem
1945 2663 2022 2690 vitae

1135 2710 1215 2741 dixit
1225 2706 1345 2750 causam
1357 2730 1367 2746 ,
1394 2711 1549 2751 quominus
1562 2715 1744 2751 recipiantur
1759 2706 1938 2749 perfec‘liora
1954 2707 2022 2749 dog-

1134 2765 1217 2790 mata
1230 2783 1237 2790 .
1268 2760 1397 2800 Propter
1418 2759 1498 2799 quod
1502 2759 1591 2799 jubet
1604 2782 1614 2797 ‚
1642 2770 1677 2791 ne
1696 2756 1865 2799 hujusmodi
1888 2754 2020 2789 bomini·-

1133 2809 1186 2841 bus
1202 2807 1287 2849 fores
1303 2809 1497 2851 pandamus.
1529 2811 1626 2841 Fiunt
1649 2811 1755 2849 quippe
1785 2810 1880 2847 magis
1905 2830 1916 2845 ‚
1939 2804 2020 2846 post·-

1134 2870 1220 2901 quctm
1233 2860 1346 2890 Secreta
1361 2858 1520 2890 didicerint
1535 2881 1545 2897 ,
1565 2856 1682 2898 f'eroces
1696 2881 1703 2887 .
1728 2862 1788 2891 His
1800 2862 1879 2888 enim
1899 2861 1951 2897 qui
1969 2855 2018 2888 be-

1134 2915 1222 2952 nigno
1233 2917 1322 2950 atque
1343 2908 1489 2948 prudenti
1495 2905 1568 2950 sunt
1582 2912 1681 2940 am'mo
1691 2931 1701 2948 ,
1730 2905 1915 2945 boneftiffima
1925 2914 2020 2948 appa-

1133 2968 1223 2998 rent,
1250 2970 1315 2992 cum
1329 2956 1452 2999 fuerint
1476 2957 1634 3000 revelata;
1660 2957 1864 2998 imprudentes
1890 2960 1959 2990 vero
1984 2967 2019 2989 ac

1133 3014 1266 3050 imperiti
1288 3020 1323 3041 ea
1342 3012 1480 3051 ignorata
1502 3013 1598 3051 magis
1622 3016 1795 3041 reverentur
1809 3031 1817 3039 .
1841 3008 1925 3049 ,Quia
1944 3008 2021 3039 vero

1133 3058 1241 3102 discere
1258 3060 1310 3092 illa
1325 3059 1457 3091 naturali
1469 3065 1584 3091 ratione
1597 3069 1654 3091 non
1660 3060 1777 3101 poffunt
1787 3082 1798 3098 ,
1819 3054 1930 3099 saltem
1949 3065 2018 3098 prae

1133 3115 1308 3155 ignorantia
1322 3118 1512 3142 revereamur
1523 3135 1530 3141 .
1559 3112 1667 3150 Neque
1676 3113 1754 3142 enim
1762 3116 1868 3149 porcus
1881 3109 2021 3148 aliquan-

1134 3163 1170 3194 do
1182 3165 1267 3193 novit
1286 3160 1369 3198 cujus
1387 3164 1477 3199 pretii
1493 3157 1532 3199 fit
1543 3163 1726 3202 margarita.
1752 3161 1798 3191 Et
1821 3157 1873 3191 boc
1884 3162 1956 3199 quia
1970 3167 2019 3189 ne-

1128 3210 1210 3254 scit,
1235 3210 1299 3243 ideo
1319 3219 1369 3242 nec
1388 3209 1512 3247 videat,
1537 3219 1603 3250 quae
1624 3219 1682 3241 non
1693 3214 1794 3242 novit.
1824 3206 1918 3240 Nibil
1940 3211 2020 3240 enim

1135 3260 1204 3296 hinc
1214 3258 1343 3300 affertur
1353 3260 1481 3300 amplius
1495 3258 1543 3291 bls
1556 3257 1688 3302 quisunt
1697 3257 1880 3300 hujusmodi,
1910 3256 1965 3298 m'si
1971 3267 2019 3295 no·

1137 3323 1179 3344 xa
1199 3312 1371 3344 cumulatior
1383 3334 1390 3341 .
1411 3311 1442 3342 51·
1466 3309 1586 3351 quidem
1609 3307 1647 3341 ab
1665 3310 1726 3342 illis
1751 3310 1785 3342 (ν
1803 3307 1913 3341 sanna
1932 3314 2021 3339 tem-

1136 3369 1244 3395 rantur
1253 3383 1264 3399 ,
1290 3358 1481 3402 nescientibus
1494 3364 1595 3402 utique
1611 3360 1692 3398 cujus
1707 3357 1822 3400 illafint
1834 3360 1937 3391 meriti
1950 3379 1961 3394 ,
1987 3356 2023 3389 (ν’

1618 3408 1653 3442 V
1705 3418 1726 3457 3
1921 3402 1977 3448 ipse*
