2346 3724
41 597 71 627 L.
83 606 106 623 2.
115 604 141 624 c.
150 606 195 630 47.

38 638 86 671 ⁴8-
100 635 133 666 &
149 647 195 673 49⁴

674 146 1086 191 CAPIT

218 227 273 261 tibi
283 229 403 264 videtur
416 227 669 273 wiambigutme
676 233 825 272 pendere,
852 232 905 265 vel
922 229 1094 273 obscuritate

218 278 403 312 obumbrari.
431 278 563 322 Utique
574 280 870 316 circaintenettum
884 282 1022 325 regulae.
1056 279 1099 312 Et

218 328 328 362 denuo
348 327 498 372 adjungit
517 342 527 361 .-
552 333 600 362 Et
618 341 730 364 omnem
751 332 900 365 libidinem
925 327 1095 369 curiositatis

217 378 369 418 effundas.
398 378 551 414 Affirmat
564 380 598 413 in
613 378 664 414 his
676 382 774 415 etiam
787 379 1015 426 quaestionibus
1038 379 1098 412 ser·

217 427 353 461 vandam
367 428 569 470 paroemiam:
597 434 648 463 Ne
672 433 748 474 quid
765 436 871 463 nimis.
901 431 1007 462 Modus
1022 434 1098 470 opti-

215 489 281 510 mus
302 501 309 509 .
334 478 479 511 Omnem
502 480 662 513 excessum
685 484 747 515 esse
769 480 960 515 curiositatis
985 477 1099 513 libidi-

215 539 309 560 nem.
336 527 437 573 Qod
460 528 564 570 ipsum
591 529 697 565 scribit
719 532 850 565 sanstus
871 530 1026 563 lrenaeus.
1056 529 1097 562 Et

215 578 304 611 addit
317 578 497 612 istiusmodi
519 581 708 623 quaestiones
725 582 787 614 esse
799 579 877 614 has:
904 581 989 624 ‚Quid
1001 581 1097 611 Domi-

216 638 271 659 nus
294 631 372 660 Deus
385 634 475 671 egerit
495 640 567 662 ante
579 637 754 663 creationem
762 632 868 663 mundi
880 631 897 662 ἓ
924 632 994 674 ‚Quo
1015 631 1099 662 modo

214 680 297 710 Deus
320 680 409 711 Pater
428 685 563 722 genuerit
585 679 672 723 suum
693 682 805 714 Filium
820 681 837 712 ἓ
867 680 929 714 Eas
939 682 1002 714 esse
1017 679 1098 714 affir-

213 737 281 760 mat
301 728 427 761 aurium
449 729 628 771 pruritum,
652 741 693 764 ex
715 742 782 774 quo
806 729 846 764 de
868 729 1036 764 Gnosticis
1061 729 1096 762 δε

213 777 338 811 cunetis
350 777 501 812 haereticis
514 780 621 814 scribit
634 781 769 815 sanetus
781 781 902 814 Paulus
917 793 924 813 :
950 779 1094 821 Adfabu·

211 829 259 860 las
272 836 371 860 autem
391 837 599 863 convertemur
611 855 618 862 .
646 831 689 863 Et
711 830 752 864 de
768 830 911 864 Paulino
934 830 1096 863 Edessenae

212 878 363 911 Eccleliae
386 878 577 922 Presbytero
590 903 602 919 ,
628 891 664 913 ac
677 879 782 913 Sansti
798 880 939 923 Ephrem
960 879 1031 923 Syri
1050 878 1094 912 di·

210 927 336 970 scipulo
369 929 476 963 scribit
510 930 544 962 in
567 928 741 964 illustrium
776 931 918 964 virorum
941 931 1094 973 catalogo

211 977 406 1012 Gennadius
432 969 654 1013 Maffilienfis:
681 980 828 1013 Paulinus
851 980 1023 1019 Presbyter,
1051 982 1095 1011 di-

206 1026 337 1071 scipulus
351 1028 430 1061 beati
442 1028 574 1071 Ephrem
597 1033 718 1062 Diacont'
726 1054 736 1069 ‚
764 1029 846 1062 bomo
857 1036 933 1063 actis
945 1029 1035 1062 valde*
1049 1033 1091 1060 in-

205 1083 311 1120 genii,
338 1078 371 1109 (9
383 1084 416 1110 in
427 1080 552 1111 Divinis
573 1079 675 1111 doEus
691 1077 850 1121 firipturis
865 1103 876 1119 ,
897 1077 954 1121 sed
968 1085 1094 1112 vivente

208 1126 347 1170 Magistro
358 1129 455 1160 clarus
479 1134 512 1159 in
530 1128 696 1161 notioribus
720 1132 750 1161 E
754 1128 924 1170 eclesiasticis
935 1129 1021 1170 fuit.
1048 1132 1093 1162 Et

207 1179 341 1210 maxime
364 1189 402 1210 ex
424 1187 550 1219 tempore
571 1179 747 1211 declamator
771 1205 777 1212 .
807 1179 872 1219 Post
894 1181 972 1213 illius
995 1189 1094 1212 autem

207 1227 317 1259 obitum
337 1239 435 1260 amore
461 1231 615 1261 Primatus
639 1231 672 1262 (3‘
699 1230 825 1263 nomim’s
841 1228 992 1273 separans
1012 1228 1093 1272 seab

207 1276 333 1317 Ecclesia
339 1276 450 1320 scripsit
461 1284 612 1311 contraria
629 1281 718 1313 Fidei
732 1281 827 1312 multa
840 1304 847 1311 .
877 1287 951 1313 i—:uic
962 1280 1092 1312 obiturus

208 1328 323 1359 Beatus
345 1328 479 1369 Ephrem
507 1329 640 1367 adstanti
663 1328 718 1368 fibi
739 1330 843 1372 dixiffl·
857 1329 960 1370 fertur
985 1341 992 1360 :
1019 1331 1095 1362 Vide

208 1378 336 1409 Pauline
364 1401 374 1418 ,
415 1389 449 1410 ne
471 1387 500 1410 te
516 1376 675 1420 submittas
699 1379 921 1422 cogitationibus
944 1385 1002 1412 tuis
1026 1403 1036 1419 ,
1062 1380 1096 1412 (θ’

205 1427 348 1458 eleveris.
376 1428 435 1458 sed
454 1438 517 1458 cum
537 1437 566 1459 te
576 1429 733 1468 aa'purum
758 1428 1096 1470 cotnprebendiffeputa-

206 1481 291 1508 veris
305 1477 414 1512 Deum,
429 1477 511 1507 crede
523 1487 574 1508 nec
587 1476 760 1518 intellexiffe
770 1501 778 1509 .
808 1476 1006 1519 Praesenserat
1017 1485 1097 1511 enim

202 1525 288 1557 illum
297 1536 334 1557 ex
339 1524 450 1562 studiis
465 1526 518 1558 vel
529 1524 713 1567 sermonibus
743 1527 1011 1570 novainvestigare
1024 1552 1034 1568 ,
1062 1529 1096 1561 (5

205 1579 238 1606 in
259 1573 431 1616 immensum
453 1576 629 1608 intellet‘lum
653 1574 798 1618 baereseon
829 1579 950 1611 tendere
975 1601 983 1609 .
1011 1579 1096 1611 Unde

204 1635 271 1658 eum
302 1624 477 1666 frequenter
530 1624 734 1668 Bardesanem
766 1628 912 1660 novellum
947 1628 1094 1661 vocabat.

204 1673 330 1708 Eadem
342 1675 447 1707 forma
457 1673 637 1709 adstantem
649 1676 846 1719 discipulum
859 1678 1094 1721 Berengarium

204 1724 380 1758 admonuit
402 1724 550 1759 moriens
567 1726 700 1760 sanetus
723 1726 894 1762 Fulbertus
917 1728 1096 1772 Episcopus

205 1774 432 1808 Carnutensis.
462 1773 513 1808 Ex
540 1776 634 1810 simili
655 1776 801 1818 aurium,
833 1777 1095 1815 imointelled'tus

204 1824 387 1858 libidinoso
410 1826 533 1868 pruritu
557 1826 591 1859 in
613 1826 738 1860 fabulas
759 1828 852 1861 fuisse
866 1829 970 1870 lapsos
989 1829 1094 1863 Sabel-

204 1874 287 1908 lium
314 1899 324 1914 ,
362 1876 545 1919 origenem
570 1899 580 1915 ,
620 1876 739 1910 Arium
766 1901 778 1917 ,
822 1877 1093 1921 Apollinarium,

204 1923 364 1964 AEtium,
394 1923 597 1959 Eunomium
611 1949 620 1964 ,
647 1926 820 1971 Pelagium
834 1953 844 1968 ,
873 1928 1066 1964 Nestorium
1083 1955 1093 1971 ‚

203 1975 349 2017 aliosque
371 1973 550 2017 plurimos,
576 1975 620 2009 est
645 1976 702 2010 suo
712 1976 790 2011 loco
813 1978 1091 2014 demonstratum.

203 2023 328 2058 Nescio
339 2035 436 2063 quem
447 2026 638 2065 Simonem,
665 2025 847 2061 Parisiensis
870 2027 996 2062 Scholae
1019 2030 1093 2064 Ma·

203 2074 338 2117 gistrum
353 2095 363 2111 ‚
390 2073 435 2106 ob
447 2074 676 2108 nimiamcirca
699 2076 880 2112 istiusmodi
904 2080 1092 2122 quaestiones

202 2122 377 2158 libidinem
397 2134 435 2156 ac
457 2123 609 2158 fiduciam
635 2126 727 2160 fuisse
739 2126 843 2162 subita
856 2128 1029 2170 fatuitate,
1055 2142 1092 2165 ac

203 2172 369 2206 dementia
382 2174 588 2216 percussuma
601 2174 723 2211 Divina
737 2177 862 2221 Justitia
874 2204 884 2220 ‚
897 2181 992 2214 refert
1003 2180 1091 2215 Mat-

204 2219 304 2256 thaeus
322 2222 520 2260 parisiensis.

306 2373 378 2438 Est
398 2362 534 2441 aliquis
548 2374 677 2440 frater
689 2374 831 2423 Doflor
842 2412 855 2437 ,
891 2382 983 2424 (²9⁴st

251 2523 429 2567 Septimius
450 2522 624 2570 distinguit
646 2523 813 2569 duplicem
839 2526 1059 2561 D0&0ratum
1082 2551 1092 2567 ,

203 2573 347 2617 duplices
362 2574 507 2608 Ecclesiae
517 2575 698 2610 Doctores.
727 2576 842 2610 Alium
867 2579 970 2622 gratia
994 2578 1093 2612 scien-

189 2624 255 2658 tia
267 2624 426 2656 donatum
441 2648 450 2663 ‚
462 2624 514 2657 seu
530 2637 673 2659 creatum
689 2638 730 2660 ex
746 2626 972 2671 Charismate3
987 2629 1089 2662 alium

31 3215 166 3252 Pol-679.

31 3259 98 3286 680.

48 3336 118 3374 Cap.
132 3346 174 3372 ¹4·

203 2674 322 2707 salium
346 2684 386 2706 ex
410 2675 661 2709 conversatione
685 2677 768 2710 inter
790 2679 985 2712 exercitatos
1012 2703 1022 2719 ,
1049 2689 1090 2711 ex

203 2722 350 2756 humano
375 2723 504 2762 labore,
530 2737 566 2758 ac
588 2725 695 2758 studio
719 2752 726 2758 .
766 2728 867 2774 Qod
893 2730 1091 2762 Doctoratus

203 2773 301 2807 fuerit
326 2775 413 2806 inter
435 2774 605 2817 primitivae
627 2775 772 2811 Ecclefiae
786 2777 1019 2818 Charismata,·
1036 2778 1090 2812 di-

203 2822 431 2857 serteaffirmat
446 2825 576 2859 Sanctus
590 2826 710 2860 Paulus
723 2827 755 2860 in
785 2829 918 2871 epistola
929 2829 967 2862 ad
983 2827 1090 2871 Ephe-

203 2874 263 2907 fios
275 2899 283 2906 .
313 2874 399 2906 Inter
413 2874 527 2907 eadem
541 2876 574 2909 in
589 2877 691 2918 prima
711 2878 750 2911 ad
766 2877 964 2912 Corinthios
975 2879 1089 2922 episso-

204 2924 236 2957 la
262 2933 411 2957 numerat
424 2924 549 2958 donum
573 2926 727 2959 scientiae.
758 2927 800 2962 Et
813 2927 960 2962 Christus
972 2929 1089 2962 Domi-

203 2985 265 3007 nus
279 2974 343 3007 suis
355 2974 521 3017 discipulis
543 2978 667 3017 aperuit
688 2977 835 3018 sensum,
862 2989 897 3012 ut
912 2979 1089 3022 Scripturas

205 3024 450 3068 intelligerent.
479 3024 607 3067 Nempe
636 3025 850 3069 Apostolatus
872 3030 1030 3074 requirit,
1050 3040 1088 3063 ac

205 3073 345 3108 includit
368 3074 597 3116 pastoratum,
625 3074 849 3118 prophetiam,
880 3079 1086 3113 curationum

206 3124 368 3167 gratiam,
396 3122 522 3159 donum
548 3125 732 3169 linguarum
755 3151 765 3167 ‚
793 3128 995 3163 Charismata
1018 3140 1086 3163 orn—

206 3175 284 3214 nia,
310 3174 453 3217 ideoque
474 3176 507 3208 δε
530 3176 768 3210 Dot‘toratum.
797 3177 844 3211 lta
867 3180 1029 3213 affirmant
1053 3181 1085 3213 in

208 3223 325 3265 quinto
352 3225 483 3259 suorum
511 3237 646 3268 operum
669 3234 764 3260 tomo
790 3228 922 3262 Sandlus
945 3230 1088 3272 Joannes

207 3270 459 3315 Chrysostomus
473 3300 482 3316 ,
511 3277 544 3309 in
559 3275 644 3310 libro
661 3274 702 3309 de
713 3276 838 3322 Pelagii
849 3279 935 3322 apud
948 3279 1087 3324 Diospo-

209 3321 343 3356 litanam
358 3326 529 3367 Synodum
541 3325 651 3360 Gestis
663 3327 797 3363 Sanctus
810 3328 1014 3373 Augustinus
1024 3354 1036 3373 ,
1049 3342 1085 3367 ac

309 3372 411 3414 Cbrtst.
427 3379 504 3418 Lupi
515 3380 611 3419 Opera
624 3379 655 3410 T.
668 3378 724 3411 IX.

1365 142 1557 188 XIV.

1155 158 1170 189 1
1241 160 1260 189 s
1871 160 1961 206 153

1160 227 1193 260 in
1205 226 1450 261 commentariis
1461 227 1550 270 super
1562 221 1698 269 primam
1712 224 1752 259 ad
1763 226 1956 266 Corinthios
1967 230 2031 274 epi·

1160 277 1274 311 stolam
1292 277 1428 310 Hilarus
1446 275 1606 310 Romana
1618 275 1762 309 Ecclefiae
1773 277 1943 314 Diaconus
1953 306 1960 313 .
1989 283 2029 316 In

1160 326 1216 360 ista
1239 326 1372 370 epistola
1395 326 1505 360 scribit
1525 328 1658 361 Sanetus
1669 325 1810 359 Paulus:
1836 328 1962 360 scientia
1983 333 2030 363 de·
2053 349 2125 385 Cap,
2139 355 2184 382 14·

1152 376 1301 417 structur.
1329 377 1480 410 Affirmat
1502 377 1602 410 etiam
1626 376 1786 415 scientiae,
1811 377 1862 410 seu
1875 377 2032 412 Dostora·

1158 437 1209 460 tus
1231 426 1400 460 Charisma
1424 438 1493 460 non
1518 426 1587 460 fore
1608 427 1643 460 in
1658 425 1801 459 Ecclesia
1820 436 2033 469 perpetuum,

1158 476 1296 521 ideoque
1310 477 1408 520 ipsam
1424 477 1490 510 sola
1503 477 1566 510 fide
1576 502 1586 518 ‚
1605 478 1667 519 Spe
1677 476 1709 509 &
1721 474 1890 510 Charitate
1900 485 2034 509 conten·

1157 537 1223 559 tam
1245 527 1313 560 fore
1338 528 1396 560 suo
1416 536 1561 569 tempore
1586 525 1795 570 redigendam
1818 526 1858 560 ad
1890 526 1976 560 solos
1992 538 2034 560 ex

1157 577 1295 611 studiosa
1317 578 1399 611 inter
1421 577 1614 610 exercitatos
1637 577 1886 611 conversatione
1908 578 2034 611 Docto-

1158 637 1205 659 res
1219 626 1260 660 Et
1273 627 1365 660 istam
1379 626 1515 661 formam
1530 626 1668 660 Ecclesia
1678 627 1788 670 passim
1801 627 1939 662 habebat
1949 628 2034 661 Ter-

1158 677 1288 710 tulliani
1305 687 1448 721 tempore
1468 701 1475 709 .
1516 676 1633 709 Paffim
1647 701 1657 716 ‚
1686 689 1753 710 non
1773 676 1892 723 ubique
1914 705 1921 712 .
1959 678 2034 711 Ere-

1159 729 1227 759 nim
1240 727 1466 761 Tertullianus
1489 725 1598 760 lucide
1610 726 1664 760 hic
1677 727 1812 762 affirmat
1825 741 1904 762 tunc
1925 727 2034 763 adhuc

1158 776 1342 819 superfuisse
1355 777 1515 811 Doctores
1527 778 1648 809 donatos
1655 783 1760 819 gratia
1767 778 1900 821 scientiae
1911 805 1917 811 .
1930 779 2036 827 Qod

1157 828 1260 869 ipsum
1284 829 1323 860 de
1346 829 1402 861 suo
1421 838 1567 870 tempore
1588 828 1722 860 testatur
1734 830 1868 864 sanstus
1883 830 2036 864 Irenaeus.

1157 878 1290 910 Sanetus
1304 877 1423 912 Paulus
1443 877 1573 911 scribit.-
1598 881 1784 919 sapientiam
1795 880 1938 921 loquimur
1959 887 2037 914 inter·

1153 926 1298 968 perfec'los
1320 953 1326 959 .

1160 976 1308 1018 Perfedlos
1329 978 1402 1011 dicit
1424 990 1492 1018 eos,
1520 985 1776 1020 quiperceperunt
1788 982 1932 1021 spiritum
1955 985 2038 1020 Dei,

1157 1028 1190 1060 6·
1202 1027 1335 1060 omnibus
1347 1029 1457 1072 linguis
1468 1031 1626 1070 loquuntur
1632 1037 1687 1069 per
1699 1032 1843 1070 Spiritum
1855 1034 1930 1072 Dei,
1942 1043 2039 1074 quem·

1157 1078 1316 1109 admodum
1341 1079 1372 1111 (τ
1396 1077 1458 1120 ipse
1482 1078 1655 1120 loquebatur
1678 1103 1684 1111 .
1722 1081 1982 1122 Quemadmodum
2005 1083 2041 1115 Θ

1156 1127 1263 1158 multos
1276 1127 1453 1160 audivimus
1476 1134 1506 1160 in
1520 1127 1645 1168 Ecclesia
1655 1127 1778 1168 fratres
1795 1130 1968 1170 prophetica
1985 1131 2041 1163 ha·

1156 1176 1256 1209 bentes
1268 1175 1465 1218 Charismata
1479 1202 1489 1217 ,
1511 1181 1544 1212 (θ’
1553 1187 1609 1219 per
1621 1180 1640 1209 5
1637 1183 1765 1218 piritum
1775 1179 1917 1220 universis
1929 1183 2040 1224 linguis·

1156 1228 1325 1268 loquentes,
1354 1229 1388 1261 (θ’
1399 1226 1536 1270 absconsa
1551 1227 1702 1261 hominum
1725 1233 1758 1260 in
1769 1229 1953 1270 manifestum
1969 1238 2042 1271 pro·

1157 1279 1295 1310 ducentes
1308 1279 1350 1309 ad
1358 1279 1522 1311 utilitatem
1533 1303 1543 1318 ‚
1570 1280 1604 1312 Θ·
1619 1278 1748 1318 mysteria
1763 1282 1819 1312 Dei
1840 1290 2016 1313 enarrantes
2025 1305 2037 1320 ,

1156 1338 1225 1369 quot
1238 1328 1269 1360 (θ’
1277 1326 1426 1369 spiritales
1437 1328 1583 1370 Apostolus
1595 1337 1697 1362 vocat.
1728 1328 1853 1363 Laudat
1867 1330 2040 1364 Charisma

1128 1381 1132 1391 “
1159 1379 1367 1421 linguarum,
1395 1375 1590 1420 prophetiae,
1617 1390 1655 1412 ac
1667 1377 1957 1414 discernendorum
1981 1381 2042 1424 spi-

1158 1426 1299 1460 rituum.
1325 1428 1429 1475 Qod
1453 1430 1552 1461 etiam
1574 1439 1724 1470 precum,
1752 1430 1978 1471 curationum,
2003 1431 2040 1465 δε

1159 1477 1415 1511 suscitandorum
1444 1488 1650 1512 mortuorum
1679 1478 1884 1514 Charismata
1907 1482 1967 1515 suo
1984 1480 2061 1514 ado-

1159 1525 1223 1559 huc
1236 1537 1380 1569 tempore
1397 1527 1593 1571 persisterent
1608 1552 1618 1568 ‚
1645 1528 1779 1561 testatur
1800 1530 1833 1562 in
1848 1530 1915 1563 alio
1939 1531 2035 1564 loco.

1159 1575 1260 1610 Haud
1280 1575 1380 1610 dubie
1394 1576 1596 1620 persistebant
1618 1579 1715 1611 etiam
1737 1577 1868 1613 scientia
1881 1603 1892 1619 ,
1917 1579 1952 1613 ἀ
1971 1580 2041 1615 Do·
2061 1578 2124 1609 Lib·
2142 1591 2166 1608 2-
2190 1591 2218 1612 c.

1157 1627 1312 1661 dictatus.
1340 1626 1487 1662 Proinde
1507 1627 1564 1662 ista
1579 1626 1783 1663 charismata
1807 1641 1875 1664 non
1898 1630 1998 1665 unico
2018 1634 2041 1664 i-
2067 1623 2111 1655 5⁶·
2135 1628 2182 1657 59·

1995 1681 2041 1715 Et

1160 1725 1236 1761 hinc
1258 1726 1488 1762 Tertullianus
1511 1729 1544 1762 in
1570 1730 1714 1773 praesenti
1737 1730 1816 1764 loco
1836 1731 1969 1765 mandat
1983 1732 2045 1765 du-

1159 1777 1228 1811 bias
1252 1778 1399 1813 fidelium
1422 1780 1506 1813 circa
1519 1781 1664 1824 regulam
1675 1805 1686 1821 ‚
1715 1790 1771 1814 aut
1792 1781 1883 1816 aliud
1901 1780 2042 1824 quodvis

1158 1827 1292 1872 Dogma
1312 1829 1505 1872 quaestiones
1520 1829 1552 1862 &
1563 1830 1762 1864 curiositates
1776 1842 1842 1864 non
1855 1831 1895 1865 ad
1908 1832 2044 1865 Gnosti-

1157 1889 1213 1911 cos
1224 1902 1234 1917 ‚
1260 1889 1315 1912 aut
1328 1879 1411 1913 alios
1424 1880 1554 1923 quosvis
1568 1879 1736 1915 haereticos
1748 1905 1758 1920 ‚
1785 1881 1837 1915 sed
1861 1882 1902 1916 ad
1930 1882 2043 1916 Eccle-

1157 1928 1205 1961 fiae
1218 1927 1426 1964 orthodoxos
1439 1930 1601 1964 Doctores
1613 1932 1675 1965 esse
1688 1930 1888 1967 referendas.
1913 1931 2044 1966 Praeser·

1156 1979 1215 2011 tim
1228 1979 1268 2012 ad
1281 1981 1441 2014 Dofiores
1455 1983 1580 2014 donatos
1586 1988 1693 2025 gratia
1698 1980 1833 2024 scientlae
1846 2007 1852 2013 .

1208 2029 1388 2064 Rationem
1408 2032 1462 2065 dat
1476 2032 1509 2065 in
1524 2031 1622 2073 priori
1645 2032 1684 2065 ad
1698 2031 1894 2065 Corinthios
1903 2031 2041 2074 epistola

1159 1678 1235 1716 stu,
1262 1678 1314 1711 sed
1341 1677 1497 1720 paulatim
1518 1678 1724 1714 deseruerunt
1748 1679 1922 1714 Ecclesiam
1949 1706 1956 1713 .

1157 2078 1288 2112 Sanstus
1321 2080 1457 2114 Paulus:
1487 2084 1623 2114 Tentatio
1646 2092 1700 2113 vos
1726 2091 1783 2112 non
1810 2081 2043 2123 apprehendat,
2063 2085 2138 2124 Cap.
2152 2096 2200 2116 10.

1156 2127 1364 2169 nisihumana.
1387 2132 1429 2164 Et
1450 2131 1536 2163 inter
1549 2129 1708 2163 humanas
1719 2132 1919 2165 tentationes
1931 2133 1964 2165 in
1977 2134 2043 2175 epi-

1156 2180 1235 2212 stola
1248 2179 1287 2212 ad
1302 2180 1530 2222 Philippenses
1550 2190 1699 2214 numerat
1721 2181 1817 2214 etiam
1830 2179 1914 2215 hanc
1927 2196 1937 2215 .-
1965 2185 2044 2225 ,Qui-

1154 2239 1275 2269 cumque
1285 2228 1523 2271 perfec‘lisumus
1539 2254 1548 2269 ,
1576 2228 1627 2262 boc
1646 2229 1816 2272 sentiamus
1831 2257 1837 2263 .
1866 2236 1911 2264 Et
1922 2232 1953 2273 fi
1967 2234 2044 2275 quid

1155 2277 1240 2310 aliter
1247 2276 1359 2319 sapitis
1370 2304 1379 2318 ‚
1409 2282 1442 2313 Θ·
1455 2279 1507 2312 hoc
1519 2280 1603 2313 vobis
1617 2282 1700 2314 Deus
1716 2281 1860 2314 revelabit
1871 2307 1878 2314 .
1909 2281 2042 2326 Utique

1156 2338 1209 2368 per
1221 2326 1392 2360 charisma
1406 2330 1589 2362 intellec'ius
1602 2354 1612 2368 ,
1640 2333 1741 2373 aperti
1757 2333 1864 2365 sensus
1874 2355 1884 2371 ‚
1896 2333 1927 2365 &
1941 2334 2042 2366 scien-

1153 2376 1223 2408 tiae.
1254 2377 1293 2409 Et
1312 2379 1390 2419 quia
1415 2377 1499 2411 istud
1524 2378 1692 2413 Charisma
1716 2381 1756 2414 ad
1778 2382 1938 2424 quosdam
1962 2383 2041 2417 hinc

1153 2424 1230 2459 inde
1244 2427 1403 2461 Dostores
1413 2438 1481 2462 erat
1495 2431 1699 2462 contrastum
1713 2454 1723 2469 ,
1750 2434 1882 2465 cumstas
1893 2433 2043 2475 quaestio-

1153 2487 1207 2509 nes
1223 2477 1255 2510 δε
1267 2477 1466 2511 curiositates
1477 2477 1516 2511 ad
1529 2479 1615 2521 ipsos
1633 2481 1801 2522 praesertim
1828 2483 1936 2516 referri
1951 2494 2041 2517 man-

1151 2527 1206 2561 dat
1225 2528 1421 2570 Septimius.
1454 2529 1497 2561 Et
1508 2530 1681 2563 confirmat
1706 2531 1843 2565 inlibris
1862 2532 1902 2565 de
1916 2532 2041 2576 Baptis-

1152 2589 1207 2610 mo
1219 2587 1333 2611 contra
1347 2577 1542 2612 Donatistas
1555 2580 1688 2614 San&us
1702 2581 1910 2626 Augustinus
1924 2597 1934 2616 .-
1962 2586 2040 2627 ‚Qui-
2062 2588 2091 2617 L.
2103 2598 2130 2616 π..
2151 2597 2175 2618 c.
2189 2598 2215 2624 ς.

1150 2628 1203 2659 bus
1228 2637 1327 2661 autem
1341 2631 1420 2661 Deus
1436 2630 1554 2662 revelat
1570 2654 1578 2668 ,
1607 2629 1665 2671 nisi
1679 2631 1905 2665 ambulantibus
1930 2639 1962 2666 in
1984 2639 2039 2667 via

1145 2683 1232 2719 pacis
1245 2702 1256 2717 ,
1285 2681 1360 2712 &in
1373 2680 1486 2712 nullam
1506 2679 1704 2721 praecisionem
1724 2684 1921 2715 deviantibus
1935 2684 1952 2714 ‚2
1979 2685 2038 2716 Di-

1151 2727 1229 2762 serte
1245 2729 1383 2762 affirmat
1394 2740 1512 2763 omnes
1524 2730 1671 2763 fidelium
1685 2731 1917 2775 ambiguitates
1928 2757 1937 2770 ,
1957 2743 2039 2773 quae·

1150 2779 1292 2818 stiones,
1320 2778 1354 2811 &
1378 2780 1580 2812 curiositates
1601 2803 1612 2818 ,
1638 2791 1718 2821 quas
1741 2781 1773 2812 δε
1796 2781 1863 2822 ipse
1887 2790 2036 2815 numerat

1151 2830 1234 2862 inter
1262 2828 1423 2861 humanas
1445 2830 1667 2868 tentationes,
1696 2839 1763 2862 non
1778 2830 1818 2862 ad
1848 2828 2035 2870 haereticos‚

1149 2890 1203 2913 aut
1215 2878 1438 2912 schismaticos
1451 2902 1461 2917 ‚
1488 2877 1541 2911 sed
1556 2876 1737 2912 referendas
1749 2881 1811 2914 esse
1823 2880 1863 2914 ad
1877 2881 2035 2924 pacificos

1147 2929 1180 2962 ὅ(
1193 2929 1347 2974 probatos
1361 2929 1395 2961 in
1413 2928 1555 2962 Ecclesia
1569 2929 1728 2964 Dos-'tores
1746 2954 1753 2960 .

1207 3076 1445 3145 Novz'ſjimb
1455 3084 1622 3146 ignorare
1637 3077 1764 3126 melius
1778 3080 1832 3127 est
1845 3117 1858 3141 ,
1884 3086 1975 3128 &c-

1195 3230 1323 3264 Douor
1336 3229 1440 3274 pergit
1453 3231 1583 3263 asserere
1593 3254 1603 3269 ‚
1630 3240 1668 3263 ac
1680 3229 1902 3267 demonstrare
1911 3254 1922 3271 ,
1937 3234 2030 3278 quod

1145 3281 1280 3322 praefatae
1292 3305 1302 3320 ‚
1329 3280 1404 3314 licet
1416 3281 1498 3314 salva
1515 3279 1626 3324 regula
1639 3281 1721 3315 fiant
1734 3305 1745 3322 ‚
1759 3282 1951 3325 quaestiones
1963 3284 2028 3330 sint

1145 3330 1346 3375 quandoque.
1361 3330 1556 3365 curiositatis
1576 3329 1735 3414 ghidines
1752 3356 1771 3373 ,ν
1791 3331 2031 3415 paffimlinuti2

1923 3395 1980 3425 es,

1366 928 1407 961 Et
1435 929 1568 962 Sanctus
1599 928 1736 961 lrenaeus
1772 941 2038 965 commentatur:
2058 931 2090 960 L·
2102 940 2127 967 5·
2141 940 2168 962 c·
2185 933 2216 959 ⁶·
