2346 3724
95 1585 236 1625 Epistu-

118 1821 240 1858 c011.3.

118 1871 183 1901 cap.
194 1874 220 1898 7.

98 1978 179 2010 c011.
195 1989 206 2008 ι
216 1988 239 2009 i.

101 2029 163 2058 cap.
177 2031 217 2050 ιο.

118 2210 199 2243 eoll.
210 2214 237 2242 8.

119 2261 183 2291 cap.
192 2261 236 2288 ²5·

119 2443 188 2478 Cap·
208 2452 236 2472 2.

80 2825 238 2861 lamp-¹3·

24 2877 34 2882 *
80 2874 106 2896 c.
121 2875 219 2895 11-12.

760 125 1101 170 Caius

1249 129 1310 167 1³⁷
1335 136 1354 166 s

1459 121 1538 165 Ι<Ἰ
1573 122 1609 166 Ι.
1956 129 2031 183 ³²17

253 187 489 248 ‚istisoperibiis
506 205 608 250 usque
629 202 672 240 ad
687 203 788 239 finem
812 204 1004 249 perseverat.
1032 202 1146 248 Pergit
1203 202 1410 246 salvandum.
1438 201 1482 235 Et
1495 203 1742 236 Sacramentum
1769 201 2097 240 &sacrementioem

255 250 416 290 de'fista:
443 255 566 289 Fic‘laem
588 267 639 299 ego
663 257 793 290 arbitror
815 255 899 288 illam
922 253 1123 298 vocarufidem
1136 278 1147 294 ‚

254 316 324 348 quae
336 303 477 348 suftepta
498 307 618 349 quidem
641 317 677 339 ex
692 306 858 347 charitate,
886 309 952 337 vita
974 311 1089 337 moveri
1103 311 1147 337 in-

254 354 401 402 choatlad
410 357 594 397 opoeandum
605 382 616 398 ‚
638 355 696 400 sed
706 367 760 390 non
778 353 975 398 perseverans
988 354 1086 396 deficit
1103 356 1146 389 -Θ

256 411 384 441 moritur
393 428 404 445 ‚
430 416 585 449 tamquam
595 407 737 441 abortiva
749 432 755 438 .
783 408 828 437 Eo
839 403 1036 449 utiquesensu
1042 404 1149 447 fiblam

255 456 596 491 dixmm.n0msnatam
612 482 622 496 ,
649 468 704 500 quo
723 455 800 499 vasa
819 455 903 499 figuli
919 466 1058 489 vocamus
1070 455 1148 498 fic‘i'i-

254 507 323 546 lia,
351 518 409 540 non
419 514 492 549 quia
502 509 588 540 utilia
603 520 661 541 non
667 506 725 548 fine
741 531 751 546 ‚
778 507 921 548 quamdiu
934 506 1049 538 durant
1063 530 1071 543 ,
1092 503 1151 548 sed

253 562 330 599 quia
334 555 468 601 fragilia
476 559 541 591 crim
547 557 605 599 lint
625 583 635 598 ,
660 558 712 590 diu
723 558 846 592 minime*
866 557 996 589 durant.
1026 559 1072 589 De
1095 554 1150 587 bac

253 606 328 649 fidel
349 606 465 648 fiellone
481 617 556 649 puto
577 609 639 641 illos
664 615 763 640 notar!
784 632 793 647 ,
820 611 872 650 qui
896 607 940 639 ad
957 614 1072 648 tempus
1093 616 1149 638 cre·

256 657 357 697 dunt,
385 660 420 692 Θ
440 664 473 691 in
494 667 621 700 tempore
645 663 822 691 tentationis
839 658 999 690 recedunt.
1029 657 1070 690 Et
1085 654 1148 689 hoc

255 707 350 742 sensu
373 707 521 751 loquitur
544 709 596 742 hic
616 707 728 744 noster
751 708 982 742 Tertullianus
1003 719 1011 738 :
1050 710 1149 742 Nemo

254 755 445 796 Christianus
476 783 487 798 ‚
514 759 627 804 utique
654 758 810 802 probatus
834 760 866 792 δε
894 757 1069 800 perfectus,
1095 755 1152 797 mfi

253 809 359 849 quand
366 807 459 851 finem
469 808 560 853 usque
568 807 814 851 perseveraverit
827 831 835 839 .
863 808 1041 854 Qiotquot
1064 807 1150 840 exci-

253 855 361 898 dunt,
388 859 463 892 sunt
484 859 549 893 fieri
573 880 587 899 ‚‹
611 859 665 892 seu
692 858 844 901 fragiles.
872 856 1037 903 Joviniani
1056 866 1148 893 erro-

254 918 326 941 rem
347 908 575 942 resorbeat-sunt
587 931 601 947 ,
623 918 661 941 ac
680 907 718 940 in
743 907 891 941 infelices
904 908 1037 952 Europa·
1050 917 1149 954 popu-

255 955 307 990 los
318 957 437 992 nostris
448 958 649 1001 temporibus
669 968 885 993 evomuerunt
905 957 1072 993 Martinus
1082 957 1148 993 Lu—

256 1005 368 1042 therus
395 1018 432 1041 ac
444 1008 585 1052 Joannes
597 1008 774 1043 Calvinus.
803 1007 904 1044 Primi
918 1007 974 1050 qui
986 1007 1147 1042 pradesti-

257 1058 429 1092 ri'atiannm
450 1057 586 1092 haeresim
601 1082 611 1098 ,
638 1060 758 1093 Sansto
781 1057 974 1102 Augustino
1000 1057 1033 1091 ἀ
1054 1056 1146 1091 disci-

255 1106 342 1150 pulis
368 1107 436 1150 ejus
457 1109 496 1142 ad
521 1109 619 1143 instar
641 1108 798 1143 faediffimi
825 1108 934 1152 probri
956 1107 1145 1150 objestama,

255 1156 563 1202 Semi-pelagianis,
586 1158 908 1203 constantissimeque
919 1158 1038 1195 abillis
1061 1167 1144 1195 retu-

255 1207 324 1242 sam
337 1232 348 1247 ,
374 1207 408 1242 in
420 1208 543 1252 dogma
557 1211 712 1246 assumere
733 1220 802 1243 non
823 1208 1024 1245 erubuerunt
1035 1232 1043 1240 .

309 1257 357 1292 At
377 1258 506 1303 inquies
530 1271 597 1294 non
609 1260 671 1293 else
695 1270 836 1294 errorem
860 1285 867 1295 ,
896 1259 1030 1294 Etenim
1058 1257 1147 1291 inco-

257 1307 372 1353 gnitus
397 1309 454 1344 ille
474 1309 559 1352 apud
571 1310 723 1347 Sansturn
739 1309 965 1353 Augustinum
988 1307 1121 1343 Author
1135 1332 1146 1347 ‚

230 1396 232 1398 ,
258 1356 411 1401 istudque
430 1358 498 1403 ejus
521 1360 643 1393 dissurn
661 1360 746 1395 adeo
770 1370 838 1393 non
865 1359 1022 1399 deviant,
1048 1370 1085 1392 ut
1106 1359 1147 1391 de

258 1405 326 1442 hoc
348 1408 389 1440 ad
403 1409 514 1442 nescio
538 1419 636 1451 quam
656 1410 775 1442 sacram
797 1408 972 1452 Virginem
991 1409 1147 1451 scripserit

257 1455 372 1490 beatus
385 1456 548 1490 Alcuinus
561 1457 698 1491 Flaccus
711 1469 717 1488 :
747 1457 937 1492 Promotou
943 1456 1096 1499 sententia
1109 1458 1148 1490 ab

256 1511 390 1548 antiquis
403 1506 514 1539 dtfflam
529 1507 579 1550 effe
585 1505 646 1549 scio
656 1531 666 1547 ‚
691 1506 839 1540 Charitas
852 1517 920 1549 quae
934 1505 1025 1548 deseri
1036 1507 1127 1548 potest
1137 1531 1148 1546 ,

256 1567 420 1599 numquam
443 1568 519 1591 vera
535 1557 618 1598 suit.
647 1557 690 1591 Et
706 1557 739 1590 in
766 1557 882 1590 litteris
902 1556 942 1590 ad
955 1555 1148 1591 Edilredum

255 1606 448 1651 Anglorum
472 1607 602 1652 Regem
626 1620 634 1641 :
675 1609 813 1642 Amicitia
832 1617 899 1650 quae
926 1604 1019 1649 defieri
1036 1606 1146 1648 potest,

258 1668 420 1699 numquam
429 1668 504 1691 vera
506 1657 592 1700 fult.
622 1657 664 1691 Et
679 1657 765 1701 apud
780 1657 943 1701 Ioannem
956 1657 1145 1693 Cassianum

257 1706 371 1741 Abbas
382 1707 586 1751 Paphnutius
597 1708 722 1742 cunetis
735 1708 768 1741 in
784 1710 886 1750 prima
897 1707 938 1743 ad
953 1705 1149 1743 Corinthios

258 1756 408 1800 Epistola
421 1758 566 1792 adductis
581 1759 753 1793 Encomiis
774 1768 912 1792 exornat
922 1757 1117 1791 charitatem
1134 1782 1143 1796 ‚

257 1807 473 1842 &concludit
487 1822 497 1842 :
526 1808 669 1848 Postrema
684 1806 858 1851 sedatorem
875 1806 964 1851 ficum
986 1819 1149 1850 numquam

257 1858 364 1891 eadere
380 1857 453 1900 finit
469 1856 717 1903 supplantatione
734 1864 867 1900 peccati.
896 1858 1010 1893 Abbas
1022 1858 1147 1892 Chaere-

257 1918 339 1941 mon
352 1907 464 1942 laudat
486 1908 598 1942 locum
623 1908 758 1954 Joannis
771 1908 924 1953 Apostoli
938 1933 948 1949 ‚
972 1911 1037 1952 ,Qui
1059 1917 1148 1941 natus

258 1955 347 1997 estex
362 1961 424 1992 Deo
438 1982 447 1998 ‚
466 1969 525 1991 non
531 1967 636 2001 peccat
648 1984 658 2000 ,
685 1959 719 1993 δε
731 1958 881 2003 adjungit
895 1972 904 1992 ε
933 1961 1028 2003 ‚Quod
1037 1960 1149 1992 intelli·

252 2008 388 2052 gendum
407 2007 445 2049 est
460 2020 516 2042 non
539 2010 574 2042 de
586 2014 666 2042 omni
683 2020 787 2053 genere
805 2018 1012 2051 peccatorum,
1034 2007 1094 2054 sed
1113 2010 1150 2043 de

257 2058 441 2100 capitalibus
464 2060 586 2094 tamum
597 2060 772 2094 criminibus
783 2060 843 2092 dict
855 2084 862 2091 .
893 2059 1099 2093 Charitatem
1109 2071 1147 2093 ac

256 2106 325 2143 Dei
337 2108 490 2143 timorem
514 2108 664 2153 praedicat
684 2111 782 2144 etiam
793 2110 931 2154 Serenus
953 2108 1085 2151 Abbas,
1112 2109 1146 2146 ἆ

258 2156 450 2205 subjungit:
480 2163 536 2194 His
547 2159 710 2200 custodibus
733 2159 897 2202 impofflbile
917 2160 955 2201 est
968 2170 1147 2203 quemquam

254 2209 376 2251 laqueos
398 2210 503 2243 mortis
526 2216 690 2244 incurrere.
719 2210 763 2243 Et
785 2210 871 2254 apud
883 2211 1036 2244 Sanctum
1049 2210 1146 2250 Ioan-

253 2269 331 2293 nem
363 2258 639 2302 Chrysostornum
675 2260 854 2301 imperfecti
881 2260 915 2292 in
947 2257 1144 2291 Matthaeum

253 2308 360 2350 operis
381 2310 490 2341 Autor
504 2321 515 2340 :
543 2310 607 2351 ‚Qui
620 2306 719 2341 relldo
733 2306 848 2344 Christo
868 2307 1046 2342 vadunt-d
1054 2309 1147 2335 Hero·

194 2361 201 2368 '
253 2359 355 2396 doru,
374 2356 552 2397 frequenter
581 2361 795 2386 convertuntur
819 2353 864 2385 ad
882 2351 1060 2393 christum;
1092 2357 1145 2394 qui

252 2414 352 2438 ararem
363 2402 461 2437 remo
475 2403 589 2436 Herode
601 2408 728 2437 veniunt
737 2404 781 2435 ad
792 2401 943 2443 Christum
964 2411 1024 2437 toto
1036 2404 1121 2436 cordo
1132 2426 1143 2443 ,

252 2463 617 2497 numquamrevertunrur
631 2454 676 2486 ad
692 2454 837 2488 Herodem
850 2477 858 2484 .
886 2453 949 2486 Seu
976 2464 1044 2486 non
1065 2453 1145 2487 reci·

252 2504 338 2539 dunt
349 2505 382 2538 in
397 2515 565 2548 peccatum
576 2528 583 2536 .
618 2502 766 2538 Eandem
781 2528 791 2543 ‚
818 2503 859 2539 de
869 2504 1005 2546 pei-festa
1025 2505 1144 2546 praeser·

252 2556 313 2589 tim
327 2553 483 2589 charitate
494 2577 505 2593 ‚
532 2555 730 2588 sententiam
742 2549 1006 2599 quibusdam'suo
1018 2564 1148 2596 tempo·

253 2604 453 2649 oetplncuiffe
466 2604 665 2640 Doctoribus
676 2629 687 2646 ,
714 2606 748 2638 in
762 2615 860 2649 opere
870 2604 913 2638 de
924 2603 1145 2640 Sacramentis

255 2656 389 2690 testatur
403 2655 508 2699 Hugo
522 2655 715 2690 Vistorinus
726 2679 735 2687 .
800 2680 805 2695 „

304 2705 506 2749 Respondeo
529 2705 725 2741 sententiam
739 2705 830 2740 illam
849 2703 867 2739 a
881 2701 1014 2739 laudato
1025 2704 1143 2750 Hugo·

255 2766 298 2790 ne
321 2755 506 2800 gravissime
530 2755 661 2796 notari,
687 2756 802 2799 utpote
821 2767 891 2800 quae
900 2753 1053 2789 authores
1069 2756 1143 2790 suos

256 2806 391 2840 tandem
405 2806 566 2840 seduxerit
588 2806 623 2839 in
636 2805 720 2840 hane
731 2805 905 2841 stultitiam
918 2817 926 2837 :
953 2808 1056 2839 Tanta
1067 2817 1142 2839 em-

255 2862 299 2890 ris
310 2857 433 2899 caligine
443 2858 643 2890 involvuntur
655 2879 666 2896 ,
690 2864 722 2889 ut
734 2857 807 2890 dum
821 2860 1017 2899 pertinaciter
1027 2865 1140 2890 conten-

257 2908 335 2940 dunt
345 2902 521 2940 charitatem
528 2906 620 2950 semel
630 2905 768 2940 habitam
793 2918 852 2941 non
861 2906 937 2949 poffe
947 2910 1050 2939 amim
1060 2930 1071 2946 ,
1097 2905 1142 2950 as·

253 2956 349 3002 serere
362 2960 508 2997 incipiant
518 2968 582 2990 eam
594 2959 614 2989 ἃ
626 2955 802 3000 quibusdam
815 2981 826 2997 ,
852 2968 910 2990 non
919 2955 1013 3000 solum
1026 2963 1142 2990 minora

251 3014 378 3051 >peccam
390 3030 400 3046 ,
421 3002 478 3049 sed
488 3008 657 3040 cruminam
666 3019 780 3051 quoque
802 3009 838 3042 Θ
846 3007 1032 3040 damnabilia
1038 3015 1140 3049 perpe-

258 3055 414 3093 nantibus
427 3078 439 3095 ‚
463 3060 606 3089 retiner-*4
630 3059 758 3098 Md,
786 3059 955 3092 adulterum
971 3061 1006 3093 ό·
1026 3056 1140 3091 homm-

258 3110 333 3143 dam
346 3128 358 3146 ,
384 3105 563 3139 thamarem
575 3109 636 3139 Det
650 3107 778 3152 bobum?
795 3110 897 3142 duum
906 3133 916 3149 ‚
943 3109 1062 3151 quando
1072 3108 1140 3142 llbe-

258 3160 326 3194 dinl
340 3153 479 3198 serviens
501 3177 512 3194 ,
536 3157 579 3189 ad
602 3163 723 3191 navem
737 3164 869 3200 proximi
886 3156 936 3202 sui
960 3159 1140 3192 violandam

257 3207 442 3251 turpitudini
448 3204 514 3249 suae
529 3205 636 3248 fraena
645 3208 783 3242 laxavit.
795 3208 1038 3254 Hugovidetur
1050 3219 1134 3244 nota·

257 3271 293 3294 re
303 3256 493 3293 Gilbertum
516 3256 732 3291 Porretanum
746 3256 945 3301 Episcopum
961 3259 1138 3293 pictavien·

257 3311 326 3344 sem
340 3333 351 3349 ,
376 3306 461 3340 inter
470 3306 562 3350 cujus
574 3307 688 3342 devios
699 3308 851 3341 articulos
861 3310 948 3344 Otto
959 3310 1136 3355 Frisingen-

258 3359 299 3394 {is
323 3357 505 3402 Episcopus
529 3358 623 3400 ponit
648 3357 783 3393 &hunc
794 3371 805 3391 .·
838 3359 994 3393 thbertut
1003 3359 1136 3402 Ecclefiae

261 3413 459 3445 sacramenta
472 3409 646 3443 evacuando
666 3409 740 3443 dicu
759 3409 868 3443 malum
889 3409 1060 3452 baptizare,
1086 3409 1141 3454 nist*

1207 254 1225 287 a
1250 254 1325 287 solis
1351 251 1512 290 salvandis,
1535 276 1546 290 ,
1582 251 1600 283 ὲ
1624 250 1758 296 reliquis
1784 252 1945 296 garriebat
1973 253 2098 297 percipi

1210 304 1337 338 nudum
1359 313 1396 336 ac
1418 304 1561 340 informe
1583 303 1830 339 Sacramentum
1856 327 1863 333 .
1890 303 2017 339 Docuit
2040 303 2099 340 foe-

1210 354 1289 388 dum
1311 363 1450 387 errorem
1482 377 1494 393 ‚
1518 363 1616 394 quem
1638 351 1758 385 Sanno
1783 353 1972 394 Augustino
1996 356 2098 388 Semi-

1214 404 1389 448 pelagiana
1408 429 1418 445 ‚
1449 402 1623 437 miserabili
1646 401 1822 438 Monacho
1843 403 1980 446 impegit
2000 405 2097 439 fafflo

1213 454 1468 488 Hincmariana.
1499 454 1542 487 Et
1561 463 1603 486 ex
1626 451 1689 485 hoc
1712 453 1806 486 fonte
1831 454 1963 486 tandem
1975 455 2098 498 prodiit

1213 504 1373 538 Amalrici
1386 516 1423 538 ac
1438 503 1687 550 Beggardorum
1698 501 1834 537 stultitia
1846 527 1857 543 ‚
1882 505 2099 546 garrientium

1214 557 1356 598 perfessae
1366 553 1533 591 charitatis
1556 552 1727 588 hominem
1747 554 1810 587 else
1830 552 2098 597 impeccabilem,

1214 618 1250 639 ac
1273 606 1407 649 plenum
1434 603 1581 638 libidinis
1605 603 1778 637 dominum
1802 628 1812 643 ,
1841 604 1982 645 ideoque
2008 605 2099 637 carni

1215 659 1273 690 iuae
1286 657 1373 702 posse
1385 655 1504 699 quaevis
1515 654 1582 689 fine
1601 654 1724 698 peccati
1738 653 1924 690 incurrendi
1939 664 1993 691 aut
2006 654 2101 698 ipfius

1212 706 1375 740 charitatis
1396 705 1582 740 amittendae
1603 704 1747 747 periculo
1772 703 1962 748 indulgere,
1990 705 2043 739 De
2056 706 2103 737 so-

1214 757 1244 791 la
1268 757 1403 803 perfecta
1428 753 1584 789 charitate
1612 754 1759 801 loquitur
1778 756 1878 789 eriam
1890 753 2004 789 Abbas
2017 754 2103 788 Sere-

1216 819 1297 847 nus,
1324 818 1362 840 ac
1385 806 1522 849 seipsum
1544 805 1700 847 exponit:
1727 809 1811 840 Inter
1835 803 1979 850 pesfto‘los
1994 816 2030 838 ac
2048 811 2104 837 im-

1210 856 1355 900 ‘perseam
1377 856 1429 895 ista
1454 855 1595 896 distantia
1607 855 1644 895 est
1657 880 1666 894 ‚
1691 857 1773 897 quod
1792 856 1895 890 millis
1906 857 2027 897 quidem
2039 853 2103 896 fixa

1214 911 1247 945 (ν
1257 913 1400 941 maturior
1409 905 1542 939 charitas
1555 907 1683 938 tenacius
1696 904 1896 948 perseverans
1918 905 2039 948 firmius
2054 917 2102 939 eos

1211 958 1331 998 custodit
1347 982 1357 997 ‚
1384 968 1419 990 ac
1430 956 1557 998 faciltfes
1571 955 1652 997 facit
1671 962 1705 991 tn
1722 956 1884 1002 jam‘lr'tate
1906 957 2016 988 durare
2029 968 2043 997 ;
2070 962 2104 988 in

1212 1008 1257 1041 hir
1273 1011 1345 1042 vero
1369 1009 1453 1041 velut
1473 1006 1619 1048 infirmius
1641 1006 1752 1042 collata
1764 1030 1774 1046 ‚
1802 1009 1835 1040 (9
1838 1006 1962 1048 facilius
1979 1005 2107 1050 refrige-

1207 1057 1289 1102 scens
1302 1083 1312 1100 ,
1338 1058 1424 1093 citiu:
1433 1057 1579 1099 compellit
1599 1067 1646 1092 eos
1654 1056 1840 1101 peccatorum
1863 1056 1981 1098 laqueis
2008 1055 2107 1099 acsae-

1209 1110 1279 1151 pius
1307 1109 1454 1149 implicari
1478 1132 1486 1143 .
1516 1107 1644 1144 Eodem
1672 1107 1775 1140 modo
1798 1108 1829 1140 se
1853 1107 1992 1149 exponit
2015 1107 2106 1140 istius

1212 1159 1391 1202 imperfecti
1417 1158 1524 1201 operis
1536 1158 1679 1192 Auctor:
1706 1157 1771 1200 ,Qui
1798 1156 1896 1190 relmo
1909 1156 2034 1189 Diabolo
2056 1167 2108 1188 ve-

1213 1216 1260 1244 nit
1273 1234 1283 1249 ,
1311 1210 1426 1251 utique
1446 1219 1487 1240 ex
1507 1218 1582 1241 toto
1607 1208 1705 1241 corde
1718 1231 1728 1246 ‚
1756 1207 1801 1238 ad
1811 1206 1956 1246 Christum
1971 1230 1981 1246 ‚
2008 1206 2109 1247 diffict-

1211 1262 1239 1296 le
1258 1266 1422 1294 revertitur
1443 1256 1666 1291 adDi'abqum.
1693 1256 1835 1292 Perfecta
1858 1258 1947 1291 enim
1960 1257 2000 1289 ch
2013 1256 2110 1290 aritas

1210 1310 1254 1345 est
1268 1311 1358 1344 firma
1376 1320 1461 1352 petra
1474 1333 1484 1348 ,
1510 1318 1609 1352 quam
1623 1318 1729 1351 neque
1751 1318 1839 1341 mors
1853 1332 1863 1347 ‚
1896 1318 2004 1348 neque
2014 1308 2080 1341 vita
2099 1331 2110 1347 ,

1213 1362 1266 1396 seu
1293 1360 1402 1393 nullus
1424 1370 1573 1395 creaturae
1593 1368 1706 1399 amor,
1733 1369 1790 1392 aut
1817 1358 1920 1391 timor
1945 1358 2073 1405 valeant
2092 1357 2110 1390 ὲ

1213 1410 1347 1445 Christo
1372 1410 1526 1447 Domino
1548 1410 1690 1452 separare
1714 1432 1721 1439 .
1748 1405 1975 1449 Paphnutium
2000 1406 2110 1441 Abba·

1214 1471 1282 1494 tem
1302 1460 1443 1502 exponit
1464 1457 1660 1493 Chaeremon
1675 1471 1686 1491 .-
1714 1457 1832 1491 Solum
1856 1457 1948 1488 enim
1971 1458 2110 1490 mortale

1213 1519 1381 1553 peccatum
1406 1508 1590 1550 supplantat
1613 1505 1809 1545 hominem,
1835 1506 2010 1540 &estante
2030 1506 2110 1542 facit

1214 1560 1338 1602 lapsum
1352 1582 1359 1589 .
1388 1557 1534 1591 Adducti
1552 1553 1631 1600 ergo
1656 1555 1818 1589 Aunores
1839 1567 1908 1589 non
1934 1559 2111 1599 quamvis5

1214 1609 1265 1643 sed
1299 1608 1402 1643 solam
1426 1607 1597 1652 perfectam
1622 1603 1816 1641 charitatem
1852 1606 1971 1639 volunt
2005 1607 2112 1650 effe-a

1214 1659 1329 1703 quavis
1363 1658 1549 1694 tentatione
1583 1655 1813 1692 invincibilem
1835 1680 1843 1688 .
1887 1656 2016 1691 Eodem
2046 1659 2114 1691 sena

1214 1712 1248 1744 su
1281 1710 1415 1744 Sanfius
1463 1706 1670 1753 Augustinus
1701 1706 1955 1741 efficaciffimam
1991 1731 2004 1749 ,
2044 1719 2114 1751 quas

1213 1758 1303 1794 aliud
1333 1769 1402 1793 non
1437 1758 1484 1793 est
1518 1758 1617 1801 quam
1655 1759 1792 1802 perfecta
1829 1757 1896 1792 Dei
1943 1758 1977 1792 &
2005 1758 2114 1801 proxi-

1214 1810 1259 1844 mi
1279 1810 1420 1845 charitas
1449 1834 1461 1851 ,
1497 1809 1638 1854 gratiam
1675 1809 1798 1853 scripsit
1835 1808 1897 1841 effe
1921 1808 2116 1851 inseparabi-

1212 1861 1276 1894 lem
1307 1870 1406 1904 atque
1433 1857 1704 1894 indeclinabilem
1731 1884 1739 1892 .
1787 1859 1856 1906 Qi
1889 1858 2115 1903 Augustinum

1211 1912 1252 1945 de
1274 1912 1387 1955 quavis
1409 1911 1539 1945 vidirice
1563 1908 1688 1944 Christi
1711 1910 1816 1955 gratia
1839 1910 1973 1945 censent
1997 1909 2113 1953 loqui,

1212 1962 1379 2006 insigniter
1406 1959 1651 1998 hallucinantur
1676 1983 1685 1992 .
1712 1960 1842 1995 Laudat
1870 1959 1961 1994 illam
1985 1959 2109 2000 solam,

1210 2022 1309 2056 quam
1332 2012 1417 2046 &ad
1442 2012 1613 2047 Romanos
1637 2009 1747 2046 laudat
1776 2011 1976 2052 Apostolus.
2005 2010 2047 2042 Et
2066 2019 2114 2043 ta-

1210 2073 1284 2096 men
1312 2064 1410 2099 etiam
1434 2061 1500 2096 haec
1516 2086 1526 2102 ,
1553 2060 1629 2095 licet
1655 2058 1882 2101 insuperabilis
1907 2058 2111 2100 atqueinde·

1210 2112 1396 2151 cunabilis,
1425 2111 1529 2155 potest
1542 2110 1630 2153 perdi
1645 2132 1653 2141 .
1680 2107 1770 2141 Falsa
1783 2107 1829 2140 est
1841 2108 1941 2141 etiam
1952 2108 2022 2141 haec
2037 2120 2109 2152 pro·

1210 2162 1349 2207 positio:
1378 2160 1550 2199 Charitas,
1581 2168 1651 2205 quae
1668 2157 1763 2204 perdi
1789 2157 1922 2201 potest,
1947 2168 2017 2192 non
2043 2159 2107 2194 fuit

1214 2212 1367 2253 perfecia.
2101 2221 2110 2236 τ-

1260 2258 1356 2293 Perdi
1372 2257 1473 2300 potest
1486 2257 1616 2292 duobus
1627 2258 1756 2292 modis.
1785 2258 1901 2292 Primo
1915 2270 1972 2302 per
1986 2259 2107 2303 ingres-

1212 2309 1282 2339 sum
1307 2306 1484 2348 superbiae.
1512 2308 1648 2340 Etenim
1674 2308 1812 2350 perfesta
1833 2310 1934 2343 etiam
1961 2307 2105 2343 charitas

1212 2354 1383 2389 libidinem
1410 2367 1478 2389 non
1501 2366 1639 2389 evacuat
1666 2366 1721 2389 aut
1745 2358 1834 2390 sanat
1858 2382 1869 2397 ‚
1897 2357 1951 2392 sed
1979 2359 2105 2393 nostras

1211 2406 1338 2440 animas
1350 2405 1519 2441 adversum
1529 2405 1598 2449 ejus
1610 2406 1750 2440 insultus
1772 2406 1982 2442 solummodo
1998 2418 2105 2444 armat

1209 2467 1246 2489 ac
1269 2456 1375 2490 firmat
1398 2481 1405 2488 .
1435 2456 1508 2491 Nec
1534 2456 1642 2490 firmat
1667 2466 1784 2490 omnes
1810 2457 1924 2491 animae
1943 2459 2100 2498 recessus,

1209 2506 1293 2540 sinus
1306 2531 1316 2547 ,
1343 2507 1527 2546 anfractus,
1553 2515 1610 2540 aut
1626 2516 1753 2551 partes3
1781 2508 1890 2549 aperta
1902 2508 2025 2549 semper
2039 2519 2104 2542 ma-

1209 2567 1264 2590 net
1279 2567 1370 2600 porta
1383 2580 1394 2596 ‚
1420 2566 1484 2599 qua
1503 2555 1803 2592 Proto-plastorum
1827 2556 2022 2592 devastatrix
2047 2558 2102 2592 su·-

1210 2607 1317 2650 perbia
1340 2607 1500 2650 irrepere,
1526 2605 1631 2640 imme
1651 2607 1686 2642 &
1715 2607 1835 2641 intrare
1859 2608 1975 2651 possit,
2004 2618 2105 2651 atque

1208 2658 1253 2692 ita
1269 2657 1413 2701 perfeebae
1422 2657 1524 2690 etiam
1536 2655 1665 2699 justitiae
1689 2656 1864 2692 aedificium
1879 2658 2038 2697 arietare,
2064 2667 2103 2692 ac

1208 2706 1406 2751 pedetentim
1430 2704 1577 2741 diruere.
1603 2706 1665 2742 Ista
1682 2705 1826 2742 charitas
1850 2707 1994 2745 secundo
2009 2707 2103 2751 perdi

1206 2757 1310 2801 potest
1335 2769 1391 2802 per
1412 2757 1779 2792 violentiam'fortioris
1803 2757 2008 2801 cupiditatis.
2043 2756 2103 2791 Vi·

1204 2808 1309 2842 ‹stricis
1334 2807 1447 2852 gratiae
1456 2807 1633 2842 efficaciam
1654 2808 1793 2850 exponit
1810 2808 1943 2842 Sanstus
1954 2806 2098 2849 Joannes

1206 2858 1384 2901 Apostolus
1397 2872 1408 2891 .-
1429 2862 1536 2891 omnis
1545 2864 1598 2903 qua
1611 2865 1703 2891 natus
1721 2856 1759 2896 est
1784 2868 1822 2890 ex
1835 2860 1898 2890 Deo
1909 2881 1920 2897 ,
1941 2865 2100 2898 peccatum
2114 2855 2188 2894 Cap-
2200 2864 2228 2893 3·

1203 2907 1350 2950 nonfam
1363 2931 1374 2946 ‚
1399 2914 1538 2950 quoniam
1558 2906 1656 2951 semen
1681 2907 1767 2950 ipsius
1789 2912 1822 2939 in
1842 2917 1873 2939 eo
1894 2915 2011 2940 manet.
2051 2910 2100 2941 Et

1201 2970 1258 2992 non
1266 2957 1356 3001 potest
1366 2966 1485 2999 peccare
1501 2979 1516 2998 ‚
1539 2964 1677 3001 quoniam
1691 2968 1731 2990 ex
1742 2959 1803 2988 Deo
1826 2965 1917 2990 natus
1928 2956 1967 2997 est
1982 2982 1988 2989 .
2017 2957 2098 2992 Hoc

1202 3009 1268 3043 Dei
1286 3010 1391 3043 semen
1405 3032 1416 3048 ,
1441 3010 1609 3051 quousque
1630 3017 1706 3040 cum
1717 3004 1857 3041 Diaboli
1880 3007 2026 3048 semine,
2052 3007 2094 3042 ad

1200 3059 1289 3103 quod
1311 3057 1509 3093 viucendum
1532 3058 1650 3096 datur,
1676 3064 1787 3091 manet
1808 3055 1842 3091 in
1858 3057 1991 3091 fortiori
2005 3060 2096 3091 rnen-

1200 3111 1270 3143 sura
1283 3133 1294 3150 ,
1317 3109 1421 3143 vincit
1433 3107 1551 3143 assidue
1565 3131 1575 3147 ‚
1600 3105 1636 3142 δε
1651 3116 1717 3141 non
1731 3107 1835 3151 potest
1854 3118 1922 3142 nou
1936 3107 2068 3143 vincere
2081 3119 2094 3140 .’

1198 3159 1290 3194 Hinc
1315 3160 1349 3193 δε
1361 3158 1468 3193 homo
1489 3158 1592 3192 inista
1620 3158 1683 3191 suae
1694 3158 1810 3193 animae
1831 3168 1920 3201 parte
1935 3167 2003 3193 non
2018 3167 2091 3200 pec·

1197 3220 1249 3244 cat
1262 3234 1274 3250 ,
1300 3210 1335 3246 ὅ(
1355 3215 1485 3253 peccare
1509 3218 1576 3243 non·
1597 3207 1699 3252 potest
1715 3232 1724 3242 .
1751 3207 1801 3243 At
1826 3218 1880 3252 per
1901 3206 2092 3244 Diabolum>

1199 3258 1294 3294 nobis
1311 3260 1511 3294 inseminatae
1520 3257 1711 3302 cupiditatis
1734 3259 1873 3301 impetus
1896 3256 1999 3300 potest
2014 3257 2087 3292 fieri

1197 3310 1360 3345 robustior
1375 3334 1386 3350 ,
1411 3320 1509 3352 atque
1521 3308 1727 3343 indiffusam
1744 3308 1778 3341 in
1793 3308 1856 3342 isto
1868 3307 1968 3342 etiam
1984 3307 2093 3342 nostri.

1197 3361 1305 3395 cordis
1315 3359 1384 3394 finu
1408 3358 1602 3397 charitatem
1619 3359 1842 3403 supprimere,
1866 3358 2017 3396 vincere,
2043 3365 2096 3390 ao»

1197 3411 1297 3447 etiam
1308 3410 1485 3456 experiere.
1514 3409 1564 3445 lta
1587 3409 1632 3453 du
1650 3409 1743 3454 lapse
1767 3407 1805 3446 in
1823 3405 2013 3454 negationis
2023 3405 2093 3441 cri·v

1932 3465 2009 3491 meu
2021 3477 2037 3499 ‚
