2346 3724
349 160 445 206 282
865 163 1093 208 S'CH

545 303 587 376 ¹cie
611 309 716 375 Filio
730 362 742 386 ,
778 343 892 392 quam
907 326 948 374 de
974 332 1090 374 Patre

345 334 387 379 F
387 327 518 379 acilias

330 415 331 418 ’
370 415 372 418 ’
581 396 822 463 haefitabatur
832 413 849 445 .·

325 554 442 589 Simon
453 547 813 596 Magus‚Menander,
840 546 1075 592 Carpocrates,
1095 543 1161 579 0:-

273 602 404 638 rinthus
421 627 432 643 ,
459 601 589 640 Ebion,
618 600 653 633 &
673 607 840 642 quotquot
860 598 943 632 olim
971 595 1158 631 Dominum

272 653 429 698 JESUM
473 652 650 686 arriverunt
670 649 735 683 effe
753 658 869 693 purum
885 648 1056 682 hominem
1070 668 1082 686 ‚
1106 654 1159 679 ne-

272 714 431 748 gaverunt
443 664 638 736 {ganstiffimae
650 698 827 734 Trinitatis
842 698 1032 742 mysterium
1041 721 1052 737 ,
1064 693 1160 730 adeo·

272 765 338 797 que
364 755 449 789 circa
477 752 598 787 Filium
630 750 800 794 praesertim
828 757 1037 783 erraverunt.
1065 745 1158 780 Hinc

271 805 405 838 sanstus
428 805 571 846 Optatus
590 800 811 834 Milevitanus
830 799 1010 844 Episcopus
1019 797 1157 831 affirmat

270 853 439 889 Ebionem
462 853 557 887 fuiffe
576 849 883 886 Patri-Paffianum.
913 847 1016 895 Qod
1043 846 1158 891 nempe

268 905 347 939 talis
367 906 430 938 efle
452 901 627 943 debuerat,
654 901 675 934 fi
698 910 806 936 veram
827 898 1096 935 lucarnationem
1107 896 1158 931 ad-

266 953 416 989 misiffet.
446 954 540 987 Hinc
551 954 652 987 etiam
671 950 793 985 Paulus
814 948 1043 985 Samosatenfis
1062 957 1158 992 nega·
1188 960 1191 965 ’

267 1004 319 1038 vit
331 1004 442 1038 sanaae
454 1002 637 1037 Trinitatis
647 1000 854 1044 mysterium.
882 1000 960 1034 Fuit
971 999 1085 1043 plenus
1105 997 1157 1032 Sa-

265 1053 456 1089 bellianus:
489 1054 533 1088 Et
565 1051 814 1089 sabellianismo
843 1049 972 1085 addidit
999 1048 1157 1085 Ebionis-

265 1114 358 1138 mum
382 1129 393 1146 ,
416 1103 584 1149 abnegans
608 1102 769 1136 Divinam
791 1100 1054 1135 lnearnationem
1077 1123 1086 1132 .
1113 1098 1156 1132 Et

265 1156 345 1199 quia
366 1153 525 1190 Sabellius
550 1151 635 1186 hanc
655 1152 753 1186 duxit
783 1147 1023 1186 admittendam
1047 1173 1059 1190 ‚
1086 1159 1154 1182 non

265 1206 376 1250 potuit
398 1216 467 1239 non
490 1204 554 1239 effe
576 1201 850 1237 Patri-Paffianus
874 1226 881 1233 .
908 1199 1014 1236 Porro
1041 1208 1156 1234 omnes

247 1254 538 1300 ·Apostolicorum
559 1262 745 1297 temporum
766 1248 990 1286 Haerefiarchae
1022 1249 1154 1294 fuerunt

263 1317 320 1340 aut
331 1306 497 1340 Samaritae
515 1312 572 1338 aut
586 1303 686 1346 Judaei
699 1325 710 1341 ‚
734 1301 853 1345 quibus
865 1312 933 1336 non
946 1299 1069 1344 placuit
1089 1299 1154 1332 san·

263 1356 412 1394 ἂίίίὶιτηε4
427 1353 607 1387 Trinitatis
627 1351 841 1394 mysterium.
870 1350 966 1384 Licet
988 1350 1094 1392 ipsum
1119 1347 1154 1382 ἀ

262 1407 318 1440 lex
337 1405 371 1439 &
397 1400 567 1446 Prophetae
583 1400 776 1435 ‘constanter
796 1398 1061 1443 praedicaverint,
1086 1397 1153 1431 ani-

261 1455 358 1491 malis
371 1463 480 1488 tamen
494 1447 586 1496 plebs
597 1450 709 1495 passim
732 1461 801 1484 non
815 1448 978 1484 intellexit
992 1473 999 1480 .
1027 1446 1152 1482 Praeser-

260 1507 322 1540 tim
336 1536 338 1538 .
353 1504 566 1548 posteriorum
589 1500 771 1545 ludaeorum
784 1500 910 1534 caecitas
921 1525 928 1532 .
957 1498 1049 1532 Hinc
1062 1497 1151 1532 enim

259 1551 328 1592 Dei
349 1555 471 1590 Filium
483 1551 702 1596 blasphemare
719 1548 879 1591 credidit,
905 1560 943 1583 ac
954 1549 1024 1593 egit
1036 1548 1069 1581 in
1082 1558 1148 1581 cru·

259 1613 351 1641 cern.
378 1604 472 1638 Hinc
492 1605 571 1637 item
589 1602 724 1637 sanans
747 1598 987 1635 Athanafiusin
1000 1596 1157 1639 oratione

259 1656 302 1691 de
324 1655 453 1690 salutari
474 1652 619 1688 Domini
639 1651 782 1686 adventu
805 1649 917 1697 scribit
942 1647 1150 1685 Sabelliuma

259 1705 405 1750 ludaicis
426 1703 595 1749 principiis
618 1702 711 1737 fuisse
736 1699 1018 1742 circumscriptum
1052 1707 1151 1740 atque

258 1755 426 1790 sedustum
440 1753 450 1786 .’
475 1754 543 1787 Hic
553 1755 642 1787 errorv
658 1760 725 1785 erat
746 1748 1005 1794 Judaeisavirus:
1034 1747 1081 1783 At
1098 1758 1149 1781 ve-

260 1804 300 1841 ϊὸ
311 1807 398 1839 eirca
418 1803 551 1838 Divinae
567 1800 707 1835 effentiae
719 1802 882 1833 unitatem
893 1810 991 1833 nemo
1004 1808 1147 1841 unquam

259 1855 391 1901 Judaeus
402 1853 542 1892 erravit,
568 1850 627 1885 nisi
637 1848 722 1884 forte
733 1850 834 1894 lapsus
845 1847 879 1882 in
893 1847 1053 1893 gentilem
1077 1845 1148 1880 1d0-

259 1906 427 1941 lolatriam
440 1929 448 1937 .
474 1903 569 1937 Hinc
588 1899 768 1943 Septimius
790 1895 969 1934 reetedixit
982 1894 1147 1940 Apostoli-

258 1965 375 1991 corum
396 1960 583 1996 temporum
605 1947 737 1984 haereses
765 1946 909 1984 facilius·
922 1946 1035 1985 enarr·
1062 1946 1150 1986 circa

258 2007 372 2042 Deum
385 2002 509 2038 Filium
520 2026 529 2034 .

280 2126 476 2207 'Apelles
510 2147 709 2183 creatorem
744 2126 930 2198 Angelum
964 2121 1079 2193 nescio

291 2216 295 2219 ’
575 2220 707 2270 quem,
742 2204 834 2249 &a

278 2374 282 2379 ·
308 2359 436 2395 Dostor
445 2356 574 2393 videtur
584 2354 714 2391 afferere
727 2377 739 2395 ‚
766 2350 855 2398 quod
877 2348 1000 2395 primus
1013 2344 1146 2390 Apelles

259 2411 392 2455 coeperit
411 2408 528 2444 mundi
546 2405 758 2441 Creationem
785 2401 922 2447 Angelis
944 2396 1124 2433 adscribere
1137 2419 1146 2427 .

297 2460 364 2496 uod
384 2460 444 2495 iste
465 2468 552 2494 error
565 2466 633 2491 non
645 2454 746 2489 fuerit
765 2450 970 2495 temporibus
981 2444 1148 2491 Apostoli·

258 2511 323 2545 cis.
350 2510 386 2544 Si
397 2508 482 2543 istud
492 2509 626 2548 afferat,
652 2504 698 2540 est
716 2502 874 2539 memoria
895 2499 1018 2544 lapsus.
1042 2494 1147 2542 Qod

258 2560 349 2595 enim
372 2558 487 2595 Simon
498 2556 621 2600 Magus
631 2555 715 2589 istud
727 2551 914 2592 asseruerit,
938 2549 1005 2593 jam
1022 2546 1144 2584 audivi·

259 2620 334 2644 mus
353 2608 372 2642 a
392 2607 473 2642 teste
496 2604 730 2649 irrefragabili,
756 2605 875 2637 Sancto
899 2602 1021 2635 lrenaeo
1041 2623 1048 2631 .
1076 2595 1154 2645 Q
1172 2594 1174 2640 J

258 2659 351 2701 addit
361 2656 446 2692 istud
458 2656 562 2699 ipsum
575 2655 669 2688 fuisse
679 2654 815 2697 Dogma
837 2648 1011 2685 Corinthi.
1039 2649 1084 2682 Et
1097 2647 1150 2682 ad-

260 2705 369 2743 ver-sus
394 2705 489 2742 istud
517 2705 621 2748 ipsum
644 2703 794 2746 scripfiffe
823 2702 854 2735 S.
879 2700 1040 2744 Ioannem
1061 2698 1150 2741 Apo·

259 2759 404 2802 stolum.-
430 2760 541 2790 omma
556 2751 724 2797 peripsum
737 2749 929 2794 fadasum.
956 2752 1001 2782 Et
1015 2746 1152 2792 finerpfh

256 2805 376 2851 faHuin
395 2805 433 2846 est
448 2804 546 2846 nibil,
572 2800 841 2847 quodfaefi'umest.
868 2801 948 2837 Hoc
968 2799 1014 2835 est
1028 2823 1039 2840 ‚
1065 2796 1151 2833 nihil

260 2869 376 2894 eorum
401 2867 471 2901 qua:
490 2856 566 2889 sunt
586 2854 687 2888 fasta.
716 2851 820 2899 Qod
831 2851 921 2886 enim
934 2850 994 2885 iste
1006 2850 1150 2894 Evange-

261 2910 299 2943 lii
322 2910 415 2943 locus
433 2904 546 2939 debeat
568 2905 610 2939 iic
631 2902 700 2948 legi
720 2913 758 2937 ac
769 2901 982 2946 interpungi,
1007 2901 1043 2935 ὅ(
1062 2897 1151 2945 quod

262 2960 327 2993 alia
347 2956 565 3000 interpunctio
574 2955 614 2988 fit
625 2952 826 2988 Asianorum
840 2960 1089 2991 commentum,
1115 2950 1149 2983 in

264 3007 420 3054 singulari
441 3005 578 3039 homilia
598 3003 750 3048 insignite
782 3002 988 3036 demonstrat
1016 3001 1151 3034 Saucius

266 3054 689 3103 Ioannestrysostomus.
719 3054 749 3088 Δ
796 3052 883 3087 ersus
895 3050 1036 3085 eundem
1057 3049 1150 3085 haere-

264 3109 368 3143 ticum
388 3106 523 3141 sanctus
544 3104 684 3147 Ioannes
704 3102 806 3138 dicit:
831 3104 877 3134 Er
897 3101 1026 3135 mundus
1033 3109 1089 3143 per
1105 3102 1149 3142 ip-

262 3157 437 3201 sumfacqus
455 3154 510 3196 est.
537 3154 684 3188 inculcat
708 3165 776 3188 non
788 3152 875 3187 solos
894 3147 1068 3195 Angelos,
1095 3148 1149 3183 sed

265 3210 364 3242 otiam
384 3206 474 3241 hunc
496 3205 727 3239 inferiorem&
739 3202 896 3237 visibilem
916 3200 1077 3235 mundum
1087 3200 1149 3233 effe

266 3256 494 3291 immediatum
519 3253 638 3288 Divini
659 3253 873 3295 Verbiopus.
899 3250 1005 3297 Qod
1018 3250 1149 3283 Sandius

267 3307 408 3349 Ioannes
429 3308 521 3339 suum
541 3303 759 3348 Evangelium
782 3300 932 3336 adversus
953 3294 1148 3334 Corinthum

259 3360 304 3391 >ac
317 3354 479 3389 Ebiouem
490 3353 645 3398 scripserit
660 3377 672 3395 ,
698 3352 869 3397 aliquoties
890 3352 952 3393 jam
964 3349 1149 3384 audivimus

1155 170 1579 210 ‘OLION

1221 246 1240 280 a
1261 248 1377 284 Sancto
1397 247 1612 291 Hieronymo
1622 272 1630 280 ·
1659 249 1704 291 Et
1721 251 1875 298 antiquus
1894 252 2079 297 synodicus
2092 279 2103 295 ,

1221 298 1262 333 ab
1272 300 1423 334 Henrico
1434 298 1571 342 Justello
1587 299 1716 340 editus,
1742 300 1870 339 libellus
1890 304 2008 340 habet:
2037 305 2102 347 Post

1222 349 1414 392 Apostolorum
1424 350 1566 389 synodum
1577 352 1597 381 5
1599 357 1679 382 imon
1691 353 1796 394 Magus
1810 352 1978 397 exsurrexit
1998 357 2033 389 (9⁹
2045 359 2104 390 Ce‘

1221 399 1342 433 'rimbus
1364 425 1375 442 ,
1402 413 1474 444 quos
1498 397 1691 442 Apostolorum
1720 400 1891 442 refutarunt
1921 407 2076 448 Princlpes
2085 431 2096 439 .

1220 450 1362 485 Simonem
1382 454 1491 485 Petrus
1502 474 1513 491 ,
1540 449 1716 484 cerinthum
1728 452 1758 493 J
1760 462 1869 487 oannes
1880 478 1890 487 .
1917 454 2026 491 Etiam
2045 456 2101 490 Sa·

1220 500 1370 535 turninus
1381 502 1462 534 dixit
1471 512 1563 534 unum
1574 501 1626 544 effe
1638 503 1759 534 Patrem
1765 504 1889 543 prorsuis
1900 495 2097 550 incognitum,

1219 551 1253 584 eb·
1274 549 1352 584 bunc
1362 553 1485 595 Angelos
1506 552 1628 594 creaffe,
1656 552 1778 585 &altas
1788 551 1960 594 potestates,
1981 555 2095 599 septem

1219 610 1320 634 autem
1331 612 1369 634 ex
1379 600 1481 634 borum
1491 613 1610 636 numero
1620 603 1764 635 mundum
1773 603 1929 646 condidiffe
1940 629 1947 637 .
1965 609 1998 651 J
1999 608 2096 640 udaeo-

1219 662 1286 684 rum
1296 655 1392 684 Deum
1410 652 1492 685 dixit
1511 662 1602 689 unum
1621 663 1659 685 ex
1672 653 1791 696 Angelis
1793 652 1883 695 fuisse
1893 678 1901 686 .
1927 654 1977 688 Ita
1989 657 2020 689 in
2033 657 2095 700 pri-

1219 713 1277 736 mo
1294 699 1513 735 haereticarum
1526 701 1708 736 fabularum
1718 702 1805 738 libro
1817 701 1926 737 scribit
1938 703 2099 741 Theodo-

1219 762 1307 786 retus
1315 777 1322 783 .
1349 750 1495 786 Proinde
1505 752 1589 786 circa
1599 751 1689 787 hunc
1701 753 1873 788 articulum
1885 752 2014 797 Apelles
2026 756 2099 791 Ma-

1219 802 1354 847 gistrum
1364 802 1458 836 suum
1469 801 1827 842 Marcionemdeseruit
1836 827 1848 844 ,
1871 802 1907 838 ἀ
1917 803 2040 846 transsit
2060 804 2104 840 ad

1219 854 1389 887 Simonem
1405 875 1417 892 ,
1445 852 1658 890 Saturninum
1678 876 1692 893 ,
1715 853 1751 888 &
1772 851 1972 889 Corinthum
1985 878 1992 886 .
2018 853 2103 890 Non

1219 905 1280 937 fuit
1291 903 1413 946 primus
1424 901 1557 938 Author
1568 903 1659 938 istius
1669 904 1785 939 erroris
1793 928 1801 935 .
1829 903 1910 947 Ejus
1919 903 2041 949 dogma
2052 905 2101 940 est

1220 954 1310 997 supra
1330 954 1512 998 expositum
1523 976 1531 986 .
1558 952 1670 988 Etiam
1689 950 1810 1000 dogma
1830 954 1864 988 &
1883 953 2016 990 AEones
2026 954 2099 990 Va·-

1220 1003 1354 1039 lentini.

2119 686 2195 724 Cap·
2209 692 2237 722 3·

1287 1136 1365 1181 His
1378 1129 1474 1200 solis
1496 1136 1556 1180 (9‘
1567 1129 1623 1181 his
1642 1136 1775 1202 primis
1793 1133 1966 1184 revelata
1979 1119 2034 1184 eff

1507 1207 1653 1252 veritas
1674 1239 1687 1264 ,
1721 1209 1813 1250 (wc.

1267 1348 1325 1385 Est
1349 1350 1532 1386 Sarcasmus
1552 1349 1587 1386 in
1601 1349 1737 1390 istorum
1757 1351 1969 1388 Fabulonum
1987 1351 2107 1389 intole-

1217 1400 1352 1436 rabilem
1364 1400 1648 1445 superbiam-*Est
1661 1403 1754 1446 supra
1766 1402 1967 1437 elucidatus.
1996 1402 2106 1438 Notat
2124 1438 2126 1440 ,

1214 1449 1249 1484 &
1260 1451 1358 1486 aliam
1370 1451 1513 1495 ipsorum
1525 1451 1706 1495 superbiam
1719 1476 1731 1492 ,
1757 1464 1821 1497 qua
1831 1453 1966 1497 quisque
1974 1453 2106 1488 volebat

1214 1501 1276 1535 effe
1287 1502 1438 1536 faffionis
1449 1501 1604 1546 Princeps
1615 1526 1626 1543 ,
1651 1503 1686 1536 ἀ
1697 1503 1788 1546 supra
1801 1503 1998 1548 Magistrum
2018 1505 2106 1548 sape-

1215 1561 1262 1585 re.
1293 1551 1443 1586 Eandem
1465 1561 1559 1586 notat
1579 1551 1614 1585 iu
1639 1554 1694 1586 sua
1717 1552 1856 1597 epistola
1866 1555 1998 1588 Sanctus
2013 1553 2106 1597 Jaco-

1214 1600 1273 1636 bus
1294 1599 1492 1646 Apostolus:
1521 1603 1626 1635 Nolite
1647 1604 1749 1644 plures
1772 1602 1906 1647 Magistri
1919 1603 2013 1646 fieri,
2031 1602 2105 1645 fra·
2114 1597 2230 1635 C²P·3·

1212 1662 1274 1688 rres
1284 1657 1344 1685 mei
1354 1676 1362 1684 .
1390 1651 1539 1686 Eandem
1560 1652 1743 1695 superbiam
1754 1652 1789 1686 in
1801 1651 1956 1687 omuibus
1965 1652 2105 1693 Gnosti-

1213 1702 1259 1736 cis
1270 1701 1455 1745 frequenter
1468 1709 1563 1735 notat
1575 1702 1710 1736 sanctus
1726 1702 1862 1736 lrenaeus
1873 1727 1881 1735 .
1907 1694 2013 1738 Porro
2033 1695 2110 1739 Dc>->

1212 1752 1322 1786 minus
1332 1751 1416 1786 dixit
1429 1752 1463 1786 in
1478 1750 1686 1796 Evangelio:
1713 1756 1786 1786 Non
1795 1750 1832 1793 est
1844 1750 2103 1796 diftwulmsieper

1213 1801 1401 1845 Magistrum.
1427 1801 1628 1836 Hincissam
1646 1802 1928 1845 superioritatem,
1955 1801 2032 1838 licet
2042 1801 2105 1836 ali·

1211 1852 1267 1895 qui
1279 1851 1487 1894 quandoque
1504 1860 1547 1884 ex
1567 1850 1634 1884 Dei
1644 1849 1739 1885 dono
1756 1852 2017 1895 consequantur,
2043 1861 2103 1887 ue·

1210 1912 1268 1941 mo
1289 1910 1401 1935 tamen
1425 1898 1520 1944 poffir
1530 1897 1668 1933 ambire.
1697 1899 1762 1935 Sed
1777 1900 1836 1935 ista
1845 1899 2016 1937 humilitas
2026 1912 2103 1938 non

1210 1950 1334 1994 placuit
1355 1949 1539 1984 Gnosticis.
1567 1949 1663 1984 Hinc
1684 1949 1841 1993 majorem
1868 1949 2100 1996 dignationem

1209 2000 1244 2034 oc
1265 1998 1450 2042 pleniorem
1470 1997 1631 2041 gratiam,
1656 2008 1755 2039 quam
1772 1998 1955 2043 aDomino
1975 2001 2099 2036 Deo&

1210 2045 1387 2084 Catholica
1410 2047 1545 2082 veritate
1567 2056 1636 2081 non
1661 2055 1810 2089 poterant
1829 2038 1984 2092 con'sequi
2000 2043 2020 2090 ',
2044 2060 2102 2094 pet

1210 2108 1414 2134 venenorum
1434 2095 1602 2132 dominas
1623 2094 1641 2129 a
1663 2095 1812 2131 Diabolo
1823 2097 2027 2133 ambierunt.
2055 2097 2103 2134 Et

1210 2147 1394 2187 Diabolus,
1418 2156 1456 2181 ut
1475 2146 1576 2181 etiam
1599 2143 1664 2181 hoc
1685 2146 1722 2180 in
1745 2146 1886 2182 articulo
1907 2147 2102 2184 Dominum

1210 2200 1322 2234 Deum
1341 2196 1547 2233 aemularetur
1559 2221 1571 2237 ‚
1597 2195 1651 2230 seu
1674 2195 1731 2240 ipfi
1744 2206 1801 2241 per
1819 2196 2033 2233 rebellionem
2043 2199 2103 2234 ad-

1210 2250 1381 2289 versaretur
1390 2272 1402 2289 ,
1427 2246 1524 2282 istum
1536 2246 1687 2282 altiorem
1699 2257 1761 2290 prae
1773 2245 1943 2293 Magisttis
1958 2248 2099 2294 gradum

1209 2300 1282 2344 ipfis
1303 2298 1448 2343 promisit
1470 2322 1478 2330 .
1507 2296 1551 2332 Et
1573 2297 1723 2340 persuafit
1749 2321 1762 2338 ,
1788 2297 1879 2341 quod
1902 2296 1976 2342 ipfis
1994 2298 2096 2334 etiam

1208 2349 1379 2393 Apostolis
1390 2372 1401 2390 ‚
1426 2348 1508 2394 quin
1519 2347 1553 2382 ἀ
1564 2346 1574 2380 i
1578 2347 1634 2391 pso
1645 2346 1802 2383 Creatore
1813 2348 1890 2384 Deo
1900 2370 1912 2388 ‚
1937 2348 2039 2385 essent
2050 2350 2095 2385 sa·

1209 2398 1400 2445 pientiores.

1419 2545 1623 2618 Aliquantb
1633 2546 1860 2618 expolitiores
1868 2585 1882 2597 .

1259 2701 1296 2735 ln
1320 2698 1459 2735 exordio
1481 2699 1544 2735 effe
1553 2699 1667 2737 rudem
1677 2710 1715 2734 ac
1733 2698 1918 2743 patentibus
1932 2699 2094 2737 erroribus

1210 2752 1340 2796 plenam
1349 2750 1395 2786 est
1408 2751 1501 2785 omni
1514 2751 1623 2795 paffim
1635 2749 1738 2784 haerefi
1751 2750 1911 2785 familiare
1921 2775 1942 2796 .—
1956 2751 2046 2786 Nam
2057 2752 2094 2787 δε

1209 2803 1336 2837 1)οᾶοτ
1355 2800 1465 2836 noster
1490 2800 1600 2835 scribit
1621 2800 1663 2835 de
1692 2798 1799 2834 haerefi
1831 2799 2092 2837 Valentiniana.-

1210 2856 1339 2886 Tantum
1356 2849 1388 2895 fe
1408 2849 1474 2883 huic
1482 2849 1588 2893 baeresi
1589 2849 1716 2894 suadere
1721 2850 1893 2894 permiffum
1903 2850 1941 2892 est
1953 2875 1966 2892 ,
1991 2861 2103 2895 quam·¹

1210 2910 1273 2936 tum
1284 2904 1364 2945 Iupae
1379 2900 1519 2943 foemlnae
1533 2900 1669 2943 formam
1689 2901 1821 2943 quotidie
1836 2899 2006 2944 sicpparare
2017 2900 2091 2946 sole·

1212 2965 1277 2990 mne
1296 2951 1353 2993 est.
1380 2952 1464 2986 Eam
1485 2961 1541 2996 per
1571 2949 1790 2985 Colobarsum
1808 2974 1820 2991 ,
1846 2950 2089 2994 Ptolomaeum,

1212 3002 1475 3042 Heracleonem‚
1500 3000 1712 3041 Secundum,
1737 3000 1910 3044 Marcum,
1931 2998 2092 3035 &Thew'

1211 3054 1331 3088 timum
1341 3051 1434 3087 fuiss'e
1444 3051 1531 3085 varie
1546 3052 1744 3092 correstam,
1770 3050 1974 3096 mitigatam,
1998 3058 2091 3084 com-

1211 3115 1298 3148 ptam
1320 3104 1356 3138 &
1375 3103 1518 3136 fucatam
1537 3102 1675 3136 affirmat
1687 3125 1700 3141 ‚
1724 3098 1809 3135 adeo
1825 3110 1862 3134 ut
1871 3098 1979 3133 nullus
1990 3107 2092 3142 purus

1213 3165 1307 3198 putus
1330 3151 1589 3187 Valentinianus
1615 3175 1627 3192 ,
1663 3150 1722 3186 nili
1758 3149 1873 3184 unicus
1904 3147 2093 3192 Axionicus

1210 3204 1297 3248 apud
1319 3200 1538 3237 Antiochiam
1559 3224 1570 3241 ‚
1594 3211 1675 3235 tunc
1706 3197 1874 3244 supereffet
1896 3222 1904 3230 .
1923 3198 2092 3243 'Arianam

1211 3253 1353 3289 haerefim
1374 3251 1460 3287 adeo
1483 3252 1631 3287 correxit
1641 3246 1949 3288 Eusebianafiaio,
1976 3258 2013 3281 ut
2027 3246 2093 3281 ΛΕ-

1213 3305 1297 3338 tium
1318 3302 1512 3337 Diaconum
1526 3326 1538 3342 ,
1564 3300 1654 3344 quod
1673 3309 1787 3343 purum
1806 3305 1922 3339 putum
1938 3296 2092 3332 Arianis-

1212 3363 1303 3388 mum
1313 3352 1547 3392 resuscitaffet,
1571 3349 1671 3384 etiam
1692 3345 1936 3391 degradaverit.
1963 3345 2020 3381 Ab
2031 3347 2091 3383 ista

1977 3406 2045 3431 cor·
