2346 3724
93 209 166 238 Can.
180 216 224 245 ²3-

107 1352 186 1391 09.
201 1359 247 1384 ιο.

729 124 1141 168 Cap-11

246 216 338 243 omnis
351 211 480 243 Clericus
505 209 547 240 ad
567 219 630 240 eum
656 208 794 247 riudam,
822 208 866 239 ad
885 217 969 248 quem
989 211 1122 245 primum

246 261 403 294 ordinatur
414 258 473 298 est,
495 259 613 301 semper
635 259 805 290 ordinetur.
835 256 877 290 Et
900 255 1052 289 adscribit
1067 256 1126 297 Sy-

249 310 343 344 nodo
365 308 648 342 Claromontanae.
679 306 804 341 Verum
828 306 944 349 prioris
963 304 1060 347 partis
1075 315 1128 336 ne-

249 370 309 393 mo
322 358 404 392 alius
420 358 589 392 meminit.
623 358 664 390 Et
678 356 857 401 Gregorius
879 354 1050 397 septimus,
1075 365 1128 387 cu-

250 410 301 453 jus
312 408 492 451 Synodalia
504 408 638 452 vestigia
651 407 737 450 sequi
751 406 872 439 studuit
888 405 1046 438 secundus
1060 403 1128 437 Ur-

251 459 354 493 banus
368 483 377 497 ‚
390 459 515 493 nullum
529 458 706 492 istiusmodi
720 456 823 490 edidit
836 455 1009 489 Canonem
1020 478 1031 494 ,
1045 453 1132 487 ideo·

252 521 319 553 que
330 509 457 542 videtur
477 509 576 543 etiam
590 508 752 543 Urbanus
763 517 828 539 non
843 505 990 538 edidisse.
1021 502 1130 537 Etiam

254 559 290 593 in
305 558 474 593 novissima
496 570 533 592 ac
545 557 734 601 ampliffima
745 556 954 598 Synodorum
968 554 1131 588 collestio-

253 621 298 642 ne
311 607 481 652 Philippus
493 608 651 643 Labbaeus
671 608 702 640 ὃ(
717 604 850 640 Gabriel
865 604 1042 639 Cossartius
1064 603 1131 636 nul-

254 660 320 693 lam
335 658 424 692 istius
435 659 585 693 Canonis
597 657 777 690 habuerunt
790 657 967 689 rationem.
997 654 1132 687 Interim

253 709 315 743 ilie
328 709 421 752 possit
438 709 501 742 effe
514 709 553 742 ab
566 707 711 742 Urbano
722 731 733 747 ‚
759 707 790 740 &
801 707 869 749 ejus
893 704 1011 747 stylum
1031 714 1068 737 ac
1080 714 1134 736 ze·-

255 759 327 793 lum
349 757 517 792 manifeste
537 758 661 792 redolet
686 781 692 788 .
721 756 893 804 Qidquid
918 756 956 788 sit
977 779 987 795 ,
1012 763 1134 788 certum

255 809 303 843 est
316 808 389 842 istas
412 809 649 843 Ordinationes
669 807 702 841 &
714 807 854 850 septimo
866 804 1032 850 Gregorio
1051 802 1083 836 &
1096 803 1138 835 se-

253 859 369 893 cundo
384 859 527 893 Urbano
539 858 752 900 displicuisse.
765 857 1048 891 Videnturtamen
1059 863 1138 886 tunc

254 920 327 943 non
355 909 446 942 fuiss'e
470 909 629 952 grassatae.
661 906 791 940 Etenim
814 904 1036 939 Alexandrum
1050 902 1138 935 Leo-

256 959 402 993 diensem
417 957 614 1001 Episcopum
627 982 638 998 ‚
666 958 720 998 qui
739 955 797 990 sub
810 955 1008 989 Innocentio
1029 955 1140 986 secun-

259 1009 403 1042 devixit
417 1032 429 1048 ,
455 1009 542 1051 quod
566 1008 634 1041 fine
645 1007 799 1040 Canonia
821 1006 874 1038 seu
886 1002 1080 1042 Praebenda‚
1107 1000 1139 1034 id

259 1059 307 1092 est
329 1081 341 1098 ,
368 1059 435 1090 fine
458 1057 683 1090 Ecclesiastico
708 1054 806 1088 titulo
831 1053 1006 1087 ordinasset
1033 1051 1141 1085 nescio

261 1117 359 1150 quern
387 1105 640 1139 Theodericum
669 1127 679 1143 ‚
716 1104 824 1147 arguit
847 1102 1010 1147 Magnum
1034 1102 1141 1146 Belgii

261 1155 459 1190 Chronicon
481 1177 492 1193 ‚
517 1166 615 1198 atque
646 1152 795 1196 adjungit
820 1165 830 1185 .·
870 1152 960 1196 ‚Quod
984 1163 1143 1194 numquam

258 1207 348 1249 prius
360 1211 391 1237 in
405 1214 484 1237 more
497 1204 643 1237 habuerat
656 1228 665 1243 ,
691 1204 743 1236 vel
751 1210 783 1235 in
801 1203 853 1235 illa
862 1227 872 1242 ,
900 1203 951 1235 vel
959 1208 990 1234 in
1000 1203 1061 1234 alia
1073 1207 1142 1235 civi-

265 1265 332 1289 tate
345 1252 488 1294 Ecclesia.
518 1253 644 1289 Eodem
668 1263 814 1296 tempore
837 1251 948 1286 floruit
967 1253 1064 1285 etiarn
1082 1252 1144 1284 Ro-

265 1305 376 1340 benus
396 1304 579 1339 Cardinalis
591 1303 724 1343 Pullus,
750 1303 783 1335 in
809 1302 941 1345 septima
963 1299 1145 1335 suaeTheo-

265 1356 363 1401 logiae
378 1365 466 1398 parte
477 1354 635 1388 scribens:
665 1356 755 1385 Patet
768 1354 848 1395 quod
857 1351 964 1395 absque
974 1353 1059 1385 titulo
1070 1352 1146 1383 ordi·

266 1411 337 1440 nari
347 1405 479 1438 nonlicet
492 1429 499 1436 .
528 1404 630 1452 Qod
642 1403 775 1446 quidam
794 1402 852 1436 sub
865 1404 939 1436 ficio
955 1402 1058 1435 titulo
1073 1401 1146 1434 irre-

264 1466 403 1501 perent,
430 1454 573 1497 queritur
595 1452 793 1492 &damnat,
819 1462 918 1495 atque
944 1452 989 1485 ita
1011 1451 1147 1485 affirmat

265 1505 433 1541 absolutas
443 1505 680 1540 Ordinationes
702 1513 781 1536 tunc
805 1502 941 1536 necdum
961 1502 1067 1535 fuiffe.
1095 1500 1148 1533 In-

263 1557 362 1590 terim
376 1555 459 1598 ipsas
468 1566 510 1589 ex
523 1554 652 1599 integro
664 1552 825 1587 eradicare
846 1561 1026 1595 numquam
1039 1551 1146 1594 potuit

263 1605 411 1640 Ecclesia
425 1629 432 1637 .

317 1655 362 1689 Et
383 1655 462 1689 hinc
480 1655 582 1689 oritur
609 1654 744 1699 quaestio
766 1677 777 1693 ‚
803 1652 889 1701 Qis
920 1651 1148 1686 Romanorum

264 1704 472 1739 Pontificum
496 1705 616 1748 primus
643 1706 723 1747 ipsas
745 1703 951 1748 probaverit,
979 1713 1033 1735 aut
1044 1700 1150 1745 potius

264 1755 448 1798 permiserit
463 1756 479 1787 ?
505 1753 702 1798 Respondeo
725 1756 865 1798 primum
887 1751 1072 1795 hujusmodi
1087 1751 1150 1784 De·

265 1815 392 1839 cretum
404 1806 467 1838 effe
484 1806 502 1838 a
518 1805 719 1839 Londinenfi
740 1805 878 1846 synodo
890 1827 900 1842 ‚
926 1801 1084 1836 celebrata
1097 1811 1152 1843 per

267 1855 429 1897 Ioannem
444 1854 654 1887 Cardinalem
667 1854 707 1886 de
719 1854 838 1886 Crema
851 1875 861 1891 ,
887 1851 1032 1884 Honorii
1045 1851 1152 1883 secun-

266 1905 303 1938 di
328 1903 502 1937 Pontificis
524 1912 580 1946 per
602 1899 761 1945 Angliam
789 1900 918 1945 Legato
945 1912 952 1932 z
989 1899 1102 1932 Nullus
1121 1904 1153 1931 in

270 1954 480 1992 Presbyterum
493 1977 504 1992 ‚
531 1951 632 1984 nullus
654 1958 686 1981 in
699 1954 862 1981 Diaconum
875 1972 885 1987 ‚
913 1947 969 1987 nisi
985 1950 1028 1981 ad
1043 1958 1153 1981 certum

266 2005 388 2039 titulum
398 2003 570 2033 ordinetur.
598 1999 692 2032 Solos
700 1997 911 2039 presbyteros
931 2007 970 2029 ac
983 1996 1153 2030 Diaconos

268 2061 359 2085 vetat
373 2075 383 2089 ,
411 2049 630 2084 subdiaconos
653 2060 690 2080 ac
711 2046 795 2082 alios
817 2045 984 2080 inferiores
1006 2045 1153 2079 Clericos

265 2100 430 2146 permittit
442 2097 588 2133 absolute
598 2097 742 2132 ordinari
756 2122 763 2128 .
792 2096 922 2139 Nempe
939 2095 1062 2129 malum
1074 2106 1154 2129 tunc

270 2149 352 2184 adeo
365 2150 543 2183 invaluerat
555 2173 565 2188 ,
587 2158 623 2181 ut
634 2146 692 2181 ista
704 2146 856 2190 Synodus
867 2146 1046 2188 desperaret
1057 2145 1088 2179 se
1103 2156 1153 2178 va-

269 2202 337 2235 lere
359 2201 391 2232 in
407 2200 536 2242 plenam
547 2198 614 2240 ejus
625 2197 858 2231 correctionem
871 2221 878 2228 .
906 2196 1030 2229 Verum
1051 2196 1084 2228 in
1099 2197 1154 2228 so·-

270 2251 302 2284 la
317 2250 441 2294 Anglia
455 2274 461 2280 .
476 2249 528 2281 De
542 2247 651 2280 Gallia
665 2248 752 2280 enim
767 2256 864 2289 atque
877 2246 1051 2280 Germania
1064 2244 1153 2279 aliud

271 2301 337 2342 jam
357 2299 542 2332 audivimus
568 2297 584 2329 ὲ
610 2298 738 2341 Magno
762 2296 936 2341 Belgarum
959 2292 1149 2334 Chronico,

273 2349 526 2386 &aCardinale
550 2347 665 2381 Pullo.
693 2347 805 2393 Qiare
827 2357 895 2379 non
917 2345 974 2378 nifi
989 2346 1047 2378 sub
1063 2345 1154 2379 istius

273 2399 462 2434 Innocentii
499 2397 621 2440 Papatu
649 2396 748 2440 coepit
779 2395 904 2428 malum
942 2395 1151 2429 invalescere.

269 2449 376 2485 ‘Haud
387 2447 486 2482 dubie
509 2458 564 2491 per
584 2447 787 2480 occasionem
810 2444 1009 2484 schismatis,
1037 2444 1072 2479 in
1085 2456 1154 2488 quo

272 2498 462 2535 cardinalis
474 2496 586 2531 Petrus
600 2497 721 2530 Leonis
733 2521 743 2536 ,
772 2495 923 2529 Anacleti
943 2494 1076 2529 secundi
1097 2505 1155 2528 no·

271 2561 350 2584 men
373 2549 406 2582 &
430 2548 553 2581 larvam
577 2547 711 2581 indutus
734 2570 745 2586 ,
776 2545 936 2579 libertinis
958 2544 1095 2579 Clericis
1117 2555 1154 2578 ac

272 2599 386 2634 Laicis
404 2598 546 2641 permisit
556 2596 687 2638 omnia,
712 2606 809 2639 atque
832 2594 877 2630 ita
891 2594 1030 2628 multum
1044 2593 1154 2628 Eccle-

271 2649 406 2683 iiassicae
424 2647 599 2688 disciplinae
611 2657 725 2680 aurum
748 2646 792 2679 est
808 2646 931 2679 versum
950 2645 983 2678 in
995 2643 1131 2679 scoriam
1143 2668 1154 2684 ,

273 2699 390 2732 vinum
405 2698 438 2731 in
451 2706 583 2739 aquam.
614 2696 680 2729 Hic
692 2696 780 2729 enim
793 2695 837 2728 est
851 2696 1026 2728 consuetus
1037 2695 1155 2728 frustus

274 2749 483 2783 schismatum
496 2771 503 2779 .
534 2747 575 2779 Et
594 2745 672 2779 hinc
685 2744 839 2778 Albertus
864 2757 900 2777 ac
912 2743 1134 2778 The-odoinus
1145 2769 1155 2784 ,

275 2798 460 2833 Alexandri
472 2796 557 2830 tertii
571 2808 625 2840 per
636 2794 877 2829 Normandiam
888 2793 1078 2829 cardinales
1089 2794 1156 2828 Le-

275 2851 369 2896 gati,
395 2847 579 2882 debuerunt
605 2846 700 2879 edere
720 2844 808 2878 hunc
831 2843 931 2888 longe
941 2844 1106 2878 mitiorem
1117 2855 1154 2879 ac

273 2900 466 2935 solutiorem
480 2896 654 2929 Canonem
665 2896 698 2928 in
712 2894 903 2929 Abrincenfi
917 2893 1076 2937 Synodo:
1104 2896 1153 2927 Sa-

213 2985 218 2989 *
247 2954 251 2957 '
276 2952 405 2985 cerdotes
418 2958 474 2981 non
485 2948 659 2979 ordinentur
672 2944 734 2986 sine
745 2954 822 2978 certo
832 2944 936 2977 titulo.
965 2944 1034 2978 Soli
1049 2944 1154 2978 Sacer-

274 3003 369 3036 dotes
390 3023 398 3030 .
427 2997 609 3031 Arffiorem
637 2995 841 3038 disciplinam
868 3004 1023 3038 reponere
1042 3018 1053 3035 ‚
1079 2994 1153 3039 quia

276 3052 414 3086 fructum
435 3048 468 3081 &
479 3046 708 3079 executionem
735 3056 801 3078 non
826 3044 979 3086 speravit,
1006 3055 1072 3078 non
1086 3054 1154 3078 ten-

275 3101 358 3137 tavit
372 3099 436 3142 ipsa
447 3107 566 3140 magna
580 3095 802 3130 Lateranensis
813 3093 963 3136 Synodus
974 3093 1152 3129 Alexandri

277 3152 366 3186 tertii
381 3164 390 3183 :
418 3146 581 3189 Episcopus
592 3170 602 3185 ,
609 3145 638 3186 fi
645 3147 773 3188 aliquem
779 3144 839 3185 fine
849 3153 924 3176 certo
933 3144 1018 3176 titulo
1031 3167 1040 3182 ‚
1053 3145 1090 3177 de
1100 3155 1154 3186 quo

281 3200 435 3244 necessaria
446 3204 520 3230 virae
528 3199 674 3237 percipiat
684 3219 694 3235 ,
719 3200 752 3227 in
764 3198 924 3226 Diaconum
946 3196 996 3226 vel
1007 3194 1150 3234 Presbyte-

281 3261 348 3285 rum
356 3249 542 3282 ordinaverit
558 3271 568 3286 ‚
593 3247 710 3278 tamdiu
734 3250 762 3277 ei
772 3245 927 3286 necessaria
933 3241 1132 3285 subministret
1144 3269 1154 3285 ,

282 3303 373 3334 donec
393 3305 424 3330 in
437 3299 537 3338 aliqua
552 3300 580 3327 Ε
584 3295 676 3336 cclcfia
688 3301 714 3327 ei
730 3298 933 3327 convenientia
944 3292 1093 3334 stipend1a
1103 3301 1154 3326 mi-

283 3353 362 3385 liriae
375 3348 528 3380 ctericaiis
542 3347 657 3388 assignet
669 3369 678 3384 ‚
705 3343 759 3385 nisi
774 3345 846 3375 talis
863 3344 1033 3375 Ordinatur
1053 3342 1156 3386 desua

282 3400 334 3434 vel
341 3404 473 3441 paterna
489 3395 679 3428 baeraeditate
685 3391 843 3437 subfidium
853 3397 930 3427 vitae
935 3394 1016 3436 poffit
1026 3391 1135 3428 babere
1149 3418 1156 3426 .

383 3443 488 3484 Christ.
505 3448 582 3485 Lupi
597 3450 684 3487 Oper.
697 3447 773 3477 Tom.
787 3445 845 3476 IX.

1214 134 1228 163 1
1299 135 1316 162 S
1399 122 1574 165 XLII.
1897 137 1984 182 361·

1237 203 1344 236 Etiam
1359 202 1622 246 presbyterorum
1648 206 1809 243 absolutas
1826 209 2062 246 Ordinationes

1187 253 1362 296 permittit.
1394 254 1592 297 Episcopum
1618 256 1825 293 solummodo
1837 260 2007 306 adstringit
2019 261 2061 294 ad

1187 314 1272 336 onus
1283 302 1496 338 alimentandi
1509 328 1520 345 ‚
1546 302 1624 338 dum
1637 303 1814 341 Ordinatus
1826 310 1996 352 nequidem
2008 309 2062 344 ha-

1191 353 1293 386 buerit
1312 353 1545 395 patrimonium
1570 380 1577 387 .
1604 355 1719 402 Qare
1741 358 1896 398 permittit
1918 359 2062 394 ordinari

1191 403 1231 436 ad
1243 403 1374 436 titulum
1385 405 1592 447 patrimonii.
1605 405 1646 438 Et
1657 404 1745 448 quod
1756 405 1921 440 Gallicani
1936 409 2064 451 Episco-

1193 452 1224 496 pi
1235 463 1314 487 tunc
1327 454 1437 496 paffim
1459 455 1503 488 ita
1513 454 1700 489 ordinarent
1713 480 1723 496 ,
1753 455 1861 489 lucide
1881 457 2064 493 affirmatin

1193 503 1307 537 litteris
1330 504 1369 537 ad
1385 503 1563 539 Urbanum
1588 506 1720 539 tertium
1742 505 1925 549 Stephanus
1936 505 2066 548 Episco-
2079 490 2130 527 Ep‘
2148 495 2191 515 ¹²⁶

1195 564 1252 596 pus
1263 553 1498 588 Tornacenfis.
1528 555 1638 602 Quare
1659 557 1760 590 moris
1783 553 1879 598 hujus
1897 554 2068 591 exordium

1195 603 1294 647 aliqui
1310 604 1471 646 perperam
1490 604 1676 639 adscribunt
1689 607 1887 640 innocentio
1899 607 1998 640 tertio
2010 630 2018 638 .

1244 653 1411 687 Laudatus
1433 654 1542 699 itaque
1568 655 1791 690 Lateranensis
1817 656 1936 690 Canon
1959 655 2071 690 statuit

1198 705 1302 737 varia.
1333 703 1445 737 Primo
1457 714 1492 738 ut
1503 705 1655 748 deinceps
1674 705 1782 740 nullus
1795 706 1827 739 in
1841 705 2072 748 Presbyterum

1199 764 1254 787 aut
1285 754 1475 788 Diaconum
1495 755 1665 789 ordinetur
1685 755 1751 790 sine
1773 755 1996 790 Ecclesiastico
2017 764 2074 790 aut

1200 803 1421 847 patrimoniali
1443 805 1544 839 titulo
1559 830 1565 837 .
1592 805 1743 840 Secundo
1754 805 1912 850 permittit
1927 806 2074 840 ordinari

1200 854 1264 887 fine
1274 854 1389 897 quovis
1400 855 1498 890 titulo
1512 880 1522 895 ,
1549 856 1583 889 &
1600 866 1679 889 tunc
1691 856 1904 890 alimentandi
1923 867 2007 889 onus
2023 854 2077 889 de-

1202 903 1303 937 volvit
1326 904 1360 937 in
1382 905 1632 939 Ordinatorem.
1664 907 1705 939 Et
1732 906 1815 940 istud
1834 916 1918 939 onus
1934 931 1945 947 ‚
1969 905 2076 939 donec

1202 954 1382 988 Ordinatus
1393 956 1442 988 vel
1456 955 1649 989 beneficium
1670 955 1720 989 vel
1733 956 1968 1000 patrimonium
1981 955 2077 989 fuerit

1202 1004 1338 1047 adeptus
1350 1029 1360 1045 ,
1382 1006 1482 1038 sancit
1496 1016 1541 1039 tra
1548 1006 1624 1039 nfire
1636 1007 1674 1039 ad
1688 1007 1888 1042 Succeffores
1900 1031 1907 1038 .
1934 1006 2056 1039 Tertio
2068 1029 2078 1044 ‚

1203 1064 1268 1087 non
1284 1054 1494 1089 solummodo
1515 1055 1728 1096 ordinandis,
1755 1056 1808 1089 sed
1828 1058 1926 1089 etiam
1953 1055 2016 1098 jam
2029 1066 2081 1088 or-

1203 1104 1324 1138 dinatis
1334 1103 1533 1147 presbyteris
1545 1115 1642 1148 atque
1655 1107 1814 1139 Diaconis
1834 1107 1912 1140 facit
1931 1106 2025 1138 istum
2037 1106 2082 1138 fa·

1207 1164 1334 1187 vorem.
1358 1155 1473 1187 ‚Etiam
1495 1155 1665 1189 Ordinatis
1688 1166 1740 1198 per
1763 1155 1932 1189 defunstos
1952 1155 2084 1198 praesen-

1204 1204 1286 1237 tium
1302 1213 1381 1237 tunc
1395 1204 1629 1247 Episcoporum
1643 1203 1888 1238 Antecessores.
1912 1204 1960 1238 lta
1973 1206 2006 1237 in
2020 1205 2085 1236 lau-

1204 1252 1276 1287 data
1289 1254 1424 1296 epistola
1447 1253 1582 1287 affirmat
1601 1253 1750 1287 laudatus
1768 1253 1951 1296 Stephanus
1964 1278 1974 1292 ‚
2000 1264 2085 1287 unus

1205 1315 1246 1337 ex
1259 1303 1349 1337 istius
1360 1304 1509 1337 Canonis
1531 1304 1759 1338 conditoribus
1771 1329 1778 1335 .
1805 1304 1937 1350 Quarto
1948 1304 2087 1347 permit·-

1208 1354 1246 1387 tit
1259 1354 1425 1387 inferiores
1436 1353 1583 1387 Clericos
1604 1353 1670 1387 sine
1682 1354 1798 1397 quovis
1812 1354 1910 1387 titulo
1922 1353 2085 1387 ordinarie.

1208 1404 1318 1450 Qare
1331 1414 1469 1437 errorem
1492 1404 1641 1437 continet
1652 1401 1719 1437 haec
1733 1403 1854 1448 glossa:
1885 1405 1965 1436 Idem
1979 1404 2088 1437 intelli-

1205 1465 1242 1498 ge
1253 1454 1289 1486 αἰ»
1300 1454 1482 1486 subdiacono
1497 1477 1504 1485 .
1531 1453 1664 1487 Rectius
1677 1478 1686 1492 ,
1712 1454 1766 1496 qui
1783 1455 1841 1487 sub
1866 1454 1996 1488 laudato
2011 1453 2090 1487 Ale-

1211 1501 1336 1537 xandro
1350 1502 1515 1536 Pontifice
1536 1503 1618 1536 vixit
1630 1527 1641 1543 ,
1670 1503 1704 1536 in
1715 1514 1810 1546 opere
1823 1504 1863 1537 de
1874 1503 2091 1538 Sacramentis

1212 1553 1452 1597 scripsitHugo
1474 1553 1514 1586 de
1526 1552 1643 1587 Sansto
1654 1553 1809 1588 Victore:
1839 1554 1931 1596 ,Quod
1943 1552 2005 1595 fine
2016 1562 2093 1586 certo
2108 1567 2188 1595 parte
2197 1573 2226 1592 2,

1213 1603 1298 1636 titulo
1320 1603 1473 1642 Presbyter
1497 1611 1548 1635 aut
1575 1605 1721 1637 Diaconus
1742 1605 1877 1636 ordinari
1896 1613 1954 1637 non
1963 1603 2090 1644 debeat,
2108 1604 2171 1636 Lib.
2199 1612 2227 1638 3·

1213 1654 1304 1686 dicere
1316 1646 1391 1695 qiud
1410 1652 1526 1693 refert?
1551 1656 1628 1686 Cum
1649 1660 1760 1692 etiam,
1780 1652 2022 1696 fiperfeeffionem
2033 1656 2090 1685 Εο-
2107 1653 2230 1683 C³P·²²··

1214 1702 1372 1744 clefiasticae
1393 1701 1558 1746 disciplina
1576 1701 1784 1746 sequeremur,
1811 1705 1898 1737 aliter
1918 1710 1950 1737 in
1971 1705 2093 1736 clerum

1213 1751 1415 1796 adsumendus
1437 1764 1494 1785 non
1504 1753 1588 1795 esset.
1616 1753 1778 1794 Implicite
1798 1756 1944 1795 queritur
1956 1752 2096 1786 Chalce-

1214 1802 1394 1836 donensem
1407 1802 1582 1834 Canonem
1604 1800 1646 1833 ab
1658 1800 1847 1835 Alexandro
1869 1813 1938 1836 non
1951 1801 2043 1835 fuisse
2053 1813 2099 1836 re-

1215 1852 1363 1885 stitutum
1377 1875 1384 1882 .
1411 1848 1581 1884 Hubertus
1594 1860 1704 1884 tamen
1721 1851 1960 1886 Cantuariensis
1981 1850 2098 1885 Archi-

1217 1900 1396 1944 Episcopus
1417 1899 1668 1933 Lateranensem
1693 1901 1865 1933 Canonem
1890 1902 1923 1934 in
1943 1902 1997 1935 sua
2008 1902 2099 1936 Lon-

1215 1950 1340 1983 dinenfi
1353 1948 1490 1992 Synodo
1502 1972 1512 1988 ,
1540 1948 1685 1982 exstante
1696 1949 1781 1993 apud
1802 1950 1972 1994 Rogerum
1985 1950 2100 1986 Hove-

1214 1997 1344 2033 densem
1361 2023 1373 2040 ‚
1400 1997 1550 2033 extendit
1577 1998 1617 2032 ad
1644 1999 1870 2035 Subdiaconos
1891 2026 1901 2042 ‚
1927 2011 2026 2044 atque
2048 2001 2096 2037 ita.

1215 2050 1373 2083 servatum
1398 2048 1502 2082 voluit
1528 2060 1583 2091 per
1604 2061 1738 2085 omnem
1754 2049 2096 2096 EcclefiamAnglica·

1215 2109 1290 2133 nam
1309 2124 1316 2131 .
1347 2098 1571 2133 Ecclesiasticae
1582 2099 1759 2144 disciplinae
1778 2102 2008 2145 perfestionem
2030 2112 2096 2136 am-

1193 2159 1197 2197 5
1214 2150 1314 2193 pliare
1336 2148 1457 2182 studuit
1470 2148 1629 2184 Urbanus
1650 2152 1778 2185 tertius.
1808 2151 1910 2185 mum
1928 2153 2016 2186 enim
2030 2152 2095 2186 Ca-

1193 2206 1198 2237 l
1214 2209 1337 2233 nonem
1349 2197 1496 2233 extendit
1507 2199 1546 2233 ad
1556 2210 1689 2235 omnem
1704 2200 1869 2235 Clericum
1884 2226 1895 2242 ,
1922 2204 2021 2236 etiarn
2034 2203 2095 2246 pri·

1193 2251 1274 2319 'mae
1291 2249 1462 2283 dumtaxat
1475 2251 1629 2284 tonsutae.
1658 2250 1893 2296 Imodeinceps
1918 2253 2044 2287 nullum
2056 2254 2093 2286 si-

1195 2323 1197 2325 .
1216 2310 1256 2332 ne
1275 2299 1450 2334 Canonico
1472 2300 1573 2335 titulo
1595 2301 1700 2335 voluit
1720 2302 1769 2336 vel
1786 2301 1968 2337 tonsurari.
1996 2304 2091 2337 Hinc

1214 2348 1369 2391 adipsum
1394 2349 1512 2392 scripsit
1533 2350 1682 2386 laudatus
1694 2350 1894 2396 Stephanus:
1922 2353 2091 2395 Impossibile

1215 2398 1296 2431 nobi!
1322 2398 1360 2437 est
1382 2405 1502 2432 nomina
1522 2402 1573 2434 vel
1592 2413 1744 2435 numerum
1766 2413 1882 2443 eorum,
1908 2415 1980 2446 quos
2006 2402 2090 2444 infra

1215 2452 1413 2481 Diaconaium
1429 2450 1635 2484 ordinavimus
1650 2477 1660 2493 ,
1686 2458 1852 2486 memoriter
1872 2462 1991 2487 tenere.
2022 2458 2091 2487 Nec

1214 2498 1312 2531 minus
1331 2500 1494 2540 impossibile
1515 2500 1553 2542 est
1573 2501 1703 2536 omnibus
1716 2507 1759 2535 eis
1782 2502 1832 2535 vel
1845 2503 1974 2544 conferre
1987 2503 2091 2545 benefi-

1214 2555 1281 2588 cia,
1307 2549 1360 2582 vel
1368 2550 1519 2592 neceffaria
1524 2553 1695 2592 providere.
1726 2553 1827 2585 sarius
1839 2559 1895 2585 erit
1918 2553 2001 2586 nobis
2012 2565 2090 2586 ωηο·

1214 2600 1251 2631 db
1273 2610 1332 2631 non
1350 2599 1493 2633 celebrare
1514 2602 1644 2634 Ordines
1657 2627 1668 2642 ‚
1693 2604 1784 2644 quam
1807 2602 1870 2635 haec
1891 2604 2092 2645 importabilia

1192 2656 1196 2671 ‘
1210 2647 1353 2692 suscipere
1376 2660 1462 2681 onera
1475 2674 1482 2680 .
1510 2652 1604 2694 ,Quod
1611 2649 1723 2692 fiforte*
1733 2652 1834 2693 ceffare
1846 2664 1899 2684 nor
1915 2659 2067 2694 contigerit
2077 2677 2089 2693 ‚

1213 2705 1356 2740 quantum
1372 2700 1536 2740 periculum
1549 2700 1668 2741 suturis
1692 2700 1870 2740 temporibus
1890 2703 1943 2733 vel
1952 2700 2088 2743 perfhnis

1213 2754 1386 2788 immineat,
1415 2758 1496 2780 nemo
1505 2749 1625 2781 dubitat
1649 2751 1699 2781 vel
1707 2753 1836 2792 ignorat.
1864 2752 1901 2781 In
1923 2752 2089 2785 Gallicanis

1213 2803 1292 2831 enim
1300 2795 1439 2839 partibus
1461 2798 1503 2829 ad
1515 2797 1565 2829 boc
1579 2799 1699 2830 tantum
1718 2799 1855 2840 plerique
1874 2799 1992 2833 litteras
1999 2802 2087 2835 addi-

1209 2845 1297 2890 scunt
1311 2870 1321 2886 ,
1340 2845 1402 2887 five
1419 2848 1565 2887 parvuli,
1585 2847 1649 2889 five
1664 2849 1779 2886 adulti,
1805 2857 1837 2881 ut
1849 2854 1882 2881 in
1897 2849 2020 2891 Ecclesia
2031 2854 2087 2885 Dei

1209 2897 1365 2940 gradatim
1383 2905 1439 2938 per
1452 2899 1581 2930 Ordines
1601 2904 1728 2939 promoti
1742 2900 1803 2931 Deo
1818 2896 1959 2941 serviant
1980 2902 2086 2934 &mi-

1215 2946 1353 2986 nistrent.
1381 2948 1476 2989 ‚Quod
1488 2945 1517 2989 fi
1524 2948 1718 2981 ordinatores
1742 2947 1921 2990 defecerint,
1949 2950 2087 2992 deficient

1214 2997 1406 3030 Ordinandi:
1433 2999 1476 3028 Et
1487 2997 1631 3039 cessabunt
1655 2997 1803 3038 mysteria,
1827 2997 2022 3039 fiministeria
2032 2999 2088 3043 ces-

1208 3046 1277 3090 sare
1298 3051 1466 3090 contigerit.
1497 3047 1538 3079 Et
1552 3048 1583 3082 se
1604 3047 1790 3092 &collegas
1809 3049 1882 3082 suos
1901 3053 1940 3083 ad
1961 3051 2087 3085 servan-

1210 3098 1289 3130 dum
1314 3097 1563 3131 Lateraneusem
1585 3097 1759 3131 Canonem
1781 3100 1947 3141 profitetur
1959 3099 2087 3144 paratos

1211 3148 1243 3181 &
1255 3147 1415 3180 studiosos
1431 3159 1440 3188 ς
1466 3146 1576 3181 verum
1589 3158 1625 3180 ut
1641 3147 1795 3191 deinceps
1806 3159 1905 3182 nemo
1927 3151 1967 3184 ad
1980 3151 2088 3185 mino-

1211 3208 1257 3230 res
1267 3196 1364 3230 etiarn
1376 3196 1519 3232 Ordines
1542 3197 1608 3231 sine
1628 3197 1727 3231 titulo
1745 3207 1799 3232 aut
1811 3199 1976 3234 alimentis
1995 3201 2088 3235 ads-a-

1212 3257 1336 3285 matur,
1361 3246 1499 3280 affirmat
1522 3248 1584 3281 esse
1605 3247 1799 3289 impossibile
1821 3273 1828 3280 .
1856 3247 2087 3286 Nihilominus

1210 3297 1337 3330 videtur
1347 3296 1503 3330 Pontifex
1517 3297 1550 3329 in
1563 3297 1621 3330 suo
1633 3298 1776 3331 Decreto
1787 3297 1955 3340 perstitisse
1966 3324 1973 3332 .
1994 3300 2088 3335 Hinc

1212 3348 1300 3380 enim
1322 3356 1359 3380 ut
1387 3346 1533 3380 absolute
1553 3346 1708 3380 ordinato
1728 3347 1940 3382 Subdiacono
1960 3360 2088 3392 compe-

1213 3407 1283 3431 tens
1307 3396 1503 3433 beneficium
1523 3397 1710 3431 conferatur
1730 3421 1740 3436 ,
1770 3398 1934 3443 Episcopo
1955 3400 2090 3433 Zamot-

1603 3446 1639 3479 H
1666 3445 1688 3479 h
1742 3457 1760 3494 3
1961 3448 2040 3483 renfi
