2346 3724
753 220 1168 266 CAPIT

276 308 372 343 storia
386 305 542 342 Socratis.
569 306 645 342 Scio
657 305 730 340 illos
740 305 832 347 loqui
844 302 886 337 de
897 302 963 337 sola
975 301 1150 335 Caesareen-

273 360 295 392 si
309 357 447 392 Ecclesia
459 381 470 397 ‚
497 356 678 400 Metropoli
694 356 839 390 Ponticae
862 351 1040 387 Dioecesios
1052 376 1059 383 .
1088 349 1149 384 Ve-

271 408 344 442 rum
359 409 430 451 quis
441 407 547 441 credat
560 407 649 441 illam
666 401 764 441 solam
776 404 868 439 fuiffe
881 401 1019 447 rigidam
1036 401 1051 433 ἕ
1066 399 1151 446 Qis

273 458 384 491 eredat
398 457 502 491 nullas
514 458 595 490 filias
607 458 699 492 fuisse
718 457 817 499 ipsam
842 453 982 487 imitatas
994 452 1009 483 ?
1038 450 1089 483 Ex
1102 450 1151 484 his

274 509 364 540 vides
374 518 433 541 cau
440 509 503 541 sam
516 533 525 549 ,
537 506 581 542 ob
590 519 688 551 quam
702 517 761 541 nec
771 503 863 538 Pater
876 502 1052 546 Episcopus
1067 525 1077 540 ,
1091 511 1151 533 nec

272 559 426 593 Romana
442 559 583 592 Ecclesia
606 556 745 591 voluerit
766 552 930 589 moechum
945 551 1150 585 Marcionem

272 608 411 651 recipere
432 609 471 641 ad
493 608 610 643 Pacem
632 604 880 641 sacramentalis
893 601 1152 637 Reconciliatio-

273 659 324 692 nis
337 683 345 690 .
375 659 415 691 Et
428 659 471 692 ita
495 668 650 693 corruunt
661 657 772 691 omnia
784 680 794 696 ‚
821 666 890 699 quae
901 649 1150 687 adversusDivi-

273 720 348 743 nam
364 708 521 743 Romanae
543 706 714 743 Cathedrae
742 706 776 740 in
788 705 922 739 aliarum
934 702 1150 737 Ecclefiarum

273 758 473 794 Poenitentes
485 758 672 803 potestatem
685 755 803 800 scripsit
815 755 955 799 Joannes
970 750 1151 795 Launojus.

274 810 373 845 Plura
384 809 453 842 dixi
466 809 498 843 in
512 807 649 843 Scholiis
659 807 698 842 ad
717 806 884 842 Dictaturn
904 803 1008 838 Sancti
1021 801 1151 845 Grego-

274 860 313 895 rii
336 858 464 902 septimi
482 884 490 891 .
516 859 559 892 Et
580 857 714 902 quidem
726 856 810 890 circa
821 853 1028 889 Marcionem
1039 850 1153 886 conso<

274 922 330 945 nat
355 910 472 944 sancto
490 907 678 952 Epiphanio
692 904 853 950 praesentis
877 903 949 938 libri
971 900 1150 946 appendix:

277 960 341 1001 Post
365 960 529 992 Cerdonem
551 956 711 1000 discipulus
722 955 810 998 ipfius
830 951 938 993 emerfit
950 956 1080 985 Marcion
1089 955 1151 992 qui-

273 1013 346 1044 dam
357 1014 470 1041 nomine
483 1033 493 1047 ,
520 1010 655 1042 Ponticus
663 1017 768 1050 genere
780 1028 790 1044 ,
815 1002 953 1047 Episcopi
960 1001 1041 1043 filius
1051 1025 1062 1041 ,
1083 1009 1150 1041 pro-

268 1068 337 1103 pter
344 1059 479 1099 stuprum
489 1056 639 1099 cujusdam
652 1060 780 1099 virginis
793 1053 832 1086 ab
847 1051 978 1095 Ecclefiae
998 1056 1151 1084 communi—

273 1114 385 1142 catione
404 1107 512 1147 ejec‘i'us
525 1130 533 1138 .
561 1105 603 1139 Et
614 1106 710 1148 plane
726 1102 879 1138 existimo
892 1113 958 1137 rem
981 1102 1027 1135 ita
1041 1102 1073 1134 se
1099 1098 1150 1134 ha·

273 1158 358 1193 bere.

325 1207 435 1241 Etiam
448 1217 518 1249 quae
531 1204 572 1239 de
583 1203 709 1239 illatisa
722 1202 895 1238 Marcione
919 1201 953 1236 in
965 1201 1152 1236 Romanam

274 1257 453 1292 Ecclesiam
467 1254 614 1290 sestertiis
626 1263 731 1288 narrat
744 1252 919 1297 Septimius
931 1277 942 1292 ‚
969 1251 1065 1285 video
1085 1262 1152 1284 non

274 1306 453 1347 subsistere,
487 1306 618 1339 Etenim
630 1304 718 1349 quod
729 1304 812 1337 olim
825 1302 936 1336 fideles
948 1325 959 1341 ,
984 1301 1063 1337 dum
1081 1298 1154 1333 Cle-

275 1356 572 1391 roinscriberentur
588 1378 598 1394 ‚
623 1365 738 1387 omnes
759 1353 828 1387 suas
848 1351 1017 1387 facultates
1043 1349 1155 1393 autip-

273 1408 380 1441 sarum
394 1415 514 1449 partem
528 1405 680 1438 inferrent
690 1404 749 1439 suae
757 1402 880 1437 titulari
893 1401 1039 1436 Ecclesiae
1050 1424 1060 1439 ,
1088 1401 1155 1444 pos-

272 1456 314 1489 fit
324 1454 509 1489 authentice
518 1452 749 1487 demonstrari.
778 1452 856 1485 Erat
876 1448 1079 1486 consuetudo
1100 1461 1157 1494 po-

273 1503 340 1538 tius
351 1528 362 1545 ‚
390 1504 486 1547 quam
499 1502 553 1536 lex
565 1527 572 1536 .
600 1501 725 1536 Verum
737 1498 826 1546 quod
837 1500 909 1542 quis
933 1500 967 1533 in
984 1499 1155 1541 Baptisma-

273 1562 308 1589 te
319 1553 401 1587 istud
414 1552 523 1587 fecerit
534 1576 544 1592 ‚
575 1551 667 1586 nullo
680 1548 933 1595 possitexemplo
947 1549 1082 1582 firmari.
1110 1547 1155 1581 At

273 1602 351 1638 vero
361 1603 535 1647 Septimius
545 1603 682 1636 affirmat
696 1600 902 1635 Marcionem
919 1610 988 1634 non
1001 1597 1101 1633 Clero
1113 1597 1156 1631 in-

271 1654 429 1695 scriptum
454 1677 464 1692 ‚
493 1652 545 1686 sed
567 1652 738 1686 dumtaxat
764 1649 933 1683 credidisse
952 1671 963 1687 ,
990 1649 1042 1682 seu
1065 1648 1158 1682 fuisse

274 1702 476 1746 baptizatum
500 1700 583 1745 apud
609 1700 849 1749 Romanensem
871 1697 1046 1743 Ecclesiam
1058 1711 1070 1731 .·
1098 1697 1155 1732 At-

273 1762 338 1796 que
366 1753 410 1786 ita
433 1762 513 1786 tunc
541 1751 595 1785 ille
616 1751 704 1786 nulla
721 1750 859 1785 sestertia
874 1749 966 1792 poffit
993 1747 1156 1783 intulisse.

272 1802 408 1836 Interim
422 1802 498 1845 quia
511 1800 576 1835 hoc
587 1802 771 1835 constanter
785 1823 796 1839 ‚
821 1799 855 1834 &c
866 1797 999 1842 quidem
1020 1799 1055 1831 in
1077 1797 1156 1831 duo-

271 1849 332 1886 bus
344 1851 425 1885 locis
438 1875 450 1892 ,
474 1851 611 1885 affirmat
622 1850 819 1893 Septimius,
845 1847 949 1883 haereo
974 1847 1157 1890 &cespito,

271 1902 307 1936 ἃ
319 1901 407 1945 quod
421 1910 527 1935 certus
538 1900 645 1934 dicam
657 1910 726 1933 non
739 1898 845 1933 habeo
859 1922 866 1931 .
892 1896 1027 1932 Interim
1045 1896 1086 1931 de
1107 1906 1155 1931 to-

270 1952 331 1985 ties
355 1951 474 1986 iterato
493 1950 678 1985 Marcionis
702 1949 789 1992 lapsu
817 1959 854 1982 ac
876 1947 1001 1991 relapsu
1023 1947 1156 1980 Sanstus

269 2000 409 2036 Irenaeus
428 2000 553 2034 nullam
576 2000 655 2033 facit
678 1997 882 2031 mentionem
895 2021 904 2030 .
936 1998 983 2030 At
1000 1996 1075 2030 vero
1087 1997 1154 2030 scri-

247 2081 254 2089 ,
270 2050 320 2084 bit
332 2050 374 2084 de
384 2050 451 2092 ejus
463 2048 627 2092 Magistro
645 2047 818 2081 Cerdone:
845 2046 964 2078 cerdon
975 2069 986 2085 ,
1011 2051 1062 2087 qui
1086 2055 1156 2078 anre

245 2122 250 2128 ·
270 2102 450 2132 Marcionem
463 2123 474 2138 ,
501 2100 535 2131 <st
557 2097 603 2130 hic
617 2095 675 2140 sub
694 2099 801 2139 Hygino
815 2119 826 2135 ,
847 2093 931 2139 sarpa3
950 2100 982 2128 in
1002 2093 1156 2135 Ecclefiam

270 2154 396 2184 veniens
408 2172 419 2189 ,
445 2150 480 2182 &¹
491 2145 702 2191 exomologesim
707 2145 826 2187 faciens
838 2169 850 2185 ‚
868 2144 910 2187 fic
918 2143 1132 2188 consummavit
1144 2170 1154 2185 ‚

269 2200 356 2232 modo
369 2199 489 2241 quidem
499 2198 630 2231 latenter
644 2197 747 2230 docens
760 2220 770 2236 ‚
796 2196 879 2231 moda
892 2198 965 2230 vero
984 2197 1154 2240 exomologe-

265 2247 320 2291 fim
327 2248 449 2291 faciens
462 2271 472 2287 ‚
492 2249 577 2280 modii
589 2248 658 2280 vero
669 2247 707 2279 ab
719 2245 865 2288 aliquibus
877 2246 1033 2278 tradur‘lus
1055 2251 1088 2278 in
1109 2245 1154 2277 his

269 2310 343 2342 quae
353 2297 478 2332 docebat
488 2299 566 2331 male
577 2320 588 2337 ,
614 2299 649 2330 er
662 2295 810 2336 abstentus
821 2293 860 2334 est
872 2297 893 2328 ἃ
903 2293 1096 2339 religiosorum
1107 2294 1153 2328 ho-

270 2353 386 2382 minum
406 2357 552 2381 conventu
576 2371 584 2379 .
614 2346 721 2380 Etiam
743 2345 784 2379 de
806 2345 979 2379 Valentini
1005 2345 1091 2388 lapsu
1117 2357 1154 2378 ac

269 2397 395 2440 relapsu
423 2408 483 2431 nec
504 2395 635 2430 verbum
654 2394 751 2433 facit.
781 2393 877 2441 Qid
900 2396 921 2426 fi
935 2394 1038 2438 igitur
1055 2394 1153 2436 Septi-

270 2447 358 2481 mius
371 2446 469 2480 solius
481 2445 642 2479 Cerdonis
652 2454 748 2487 opera
760 2442 951 2477 transcribat
964 2443 997 2475 in
1013 2443 1151 2476 Marcio-

270 2507 350 2531 nem
362 2506 398 2529 ac
409 2495 650 2529 Valentinum?
677 2493 827 2537 Iudicent
841 2491 1020 2529 peritiores.
1049 2493 1152 2540 Quid·

271 2545 351 2590 quid
361 2545 397 2578 sit
413 2570 424 2586 ‚
435 2543 580 2579 notanda
591 2545 666 2579 sunt
677 2544 745 2587 ejus
755 2542 849 2577 verba
861 2555 868 2575 :
896 2547 1027 2576 Marcion
1037 2545 1154 2585 quidem

271 2606 336 2630 cum
347 2596 479 2628 ducentis
486 2593 626 2636 sestertiis
640 2619 651 2635 ,
670 2596 727 2628 (σε.
754 2593 900 2627 Edicunt
912 2593 1083 2636 antiquam
1096 2594 1153 2628 Ec·

270 2644 368 2679 clefiae
379 2645 649 2678 consuetudinem
663 2668 674 2684 ‚
699 2655 769 2689 quae
781 2643 883 2686 ejecto
893 2641 938 2677 ob
948 2642 1070 2678 crimen
1080 2643 1153 2681 Cle-

270 2695 343 2728 rico
363 2694 517 2728 reddebat
542 2693 668 2728 illatum
692 2693 942 2736 patrimonium.
973 2694 1056 2727 Eam
1070 2694 1152 2736 post·

269 2741 376 2780 modo
394 2743 570 2787 Imperator
594 2743 793 2786 justinianus
817 2743 978 2783 mutavit,
1006 2743 1153 2778 sanciens

269 2794 446 2838 ejectorum
473 2803 529 2827 aut
541 2791 772 2837 Apostatarum
786 2792 991 2827 Clericorum
1010 2802 1065 2826 aut
1077 2793 1151 2827 Mo·

268 2842 454 2879 nachorum
476 2843 564 2878 bona
584 2854 714 2878 manere
739 2843 893 2878 Ecclesiis
917 2853 955 2877 ac
979 2841 1152 2878 Monaste·

268 2895 326 2929 riis
336 2919 344 2927 .

321 2941 377 2979 Ad
399 2942 458 2977 ista
481 2942 621 2977 sestertia
632 2952 874 2978 commentatur
885 2942 1024 2987 Jacobus
1036 2942 1148 2979 Parne-

269 2993 334 3028 lius
359 3005 368 3025 :
396 2995 444 3025 Aa
462 2999 598 3035 antiqum
620 2993 852 3033 christianorum
873 3005 982 3027 morem
996 3000 1148 3037 pertinet,

269 3048 324 3087 qui
338 3053 397 3076 non
408 3041 443 3086 se
452 3044 569 3076 tantum
579 3066 591 3083 ‚
611 3041 727 3085 sedsua
733 3042 820 3084 fimul
827 3042 988 3083 offerebant
1000 3043 1131 3085 Ecclefiae
1139 3068 1149 3083 ,

271 3099 305 3128 in
314 3098 458 3126 communi
461 3093 598 3134 fratrum
607 3091 748 3136 sodalitio
759 3098 899 3127 viventes
914 3118 920 3125 .
950 3093 1021 3127 Res
1016 3095 1147 3136 pondeo

269 3153 397 3178 morem
408 3143 505 3177 istum
516 3167 528 3184 ,
553 3143 608 3186 qui
634 3144 666 3176 in
689 3141 755 3176 sola
780 3142 1085 3186 Hierosolymitana
1109 3156 1146 3179 ac

272 3191 498 3228 Alexandrina
527 3192 665 3227 Ecclesia
690 3192 798 3237 viguit
823 3193 863 3227 ad
877 3204 995 3236 paucos
1020 3205 1124 3228 annos
1135 3219 1146 3236 ,

271 3252 448 3287 numquam
472 3244 565 3277 fuisse
587 3244 744 3277 servatum
767 3245 799 3275 in
814 3241 964 3277 Romana
985 3244 1144 3278 Ecclesia.

271 3289 382 3327 Nullo
393 3294 425 3327 id
438 3294 531 3336 poffit
545 3293 735 3328 testimonio
747 3292 875 3336 probari
888 3318 895 3324 .
926 3294 967 3326 Et
978 3291 1055 3328 hinc
1076 3295 1145 3339 qui-

271 3338 346 3374 dam
358 3342 413 3375 alii
425 3345 557 3378 censent
571 3343 744 3378 Ecclesiam
757 3367 768 3382 ‚
793 3343 845 3376 cui
861 3342 1015 3377 Marcion
1027 3344 1082 3378 sua
1103 3346 1146 3379 se-

261 3389 379 3429 >sterria
393 3394 557 3438 contulit,
579 3393 671 3429 fuisse
684 3394 910 3436 Sinopensem.
939 3393 1145 3436 Contuliffe,

1238 227 1253 261 1
1325 231 1344 259 S
1464 219 1608 262 XXX.
1924 237 2021 283 247

1214 298 1291 332 dum
1307 299 1366 332 fuit
1380 298 1556 342 adscriptus
1569 301 1599 332 in
1614 299 1679 342 ejus
1691 299 1823 333 Clerum
1839 325 1846 333 .
1876 303 1914 336 Et
1936 305 2089 350 degrada-

1215 359 1250 381 to
1277 348 1420 390 aceJeCio
1433 348 1524 384 fuisse
1538 349 1702 384 restituta.
1731 349 1854 383 Verum
1882 353 1982 387 &ille
2001 367 2089 388 com-

1214 400 1389 432 mentarius
1401 410 1466 433 non
1492 400 1645 435 subsistit.
1672 400 1847 442 Septimius
1870 403 1958 434 eninr
1976 403 2091 438 diserte

1215 448 1321 483 scribit
1336 448 1400 482 haec
1413 451 1489 484 facia
1505 452 1596 484 fuisse
1606 449 1690 494 apud
1707 449 1877 486 Ecclesiam
1904 451 2089 488 Romanen-

1214 500 1280 532 sem
1293 523 1300 530 .
1326 502 1459 532 Ducenta
1467 499 1601 542 sestertia
1614 525 1623 540 ,
1651 501 1757 544 inquit
1770 501 1886 534 Beatus
1901 500 2090 543 Rhenanus,

1206 548 1327 592 faciunt
1350 556 1476 593 quinque
1501 552 1597 583 millia
1618 560 1835 585 coronatorum.
1863 551 1964 597 Qiod
1986 550 2090 593 ipsum

1214 609 1253 631 ex
1275 598 1398 633 Budaeo
1415 598 1611 634 demonstrat
1625 601 1764 645 Jacobus
1776 601 1954 634 pamelius.
1982 601 2025 634 Et
2038 601 2091 635 ad·

1214 649 1322 693 jungit
1332 649 1502 685 adversum
1518 651 1615 683 nostri
1630 653 1784 693 temporis
1799 650 1983 690 haereticos:
2012 655 2093 687 Gno-

1207 698 1272 739 stici
1282 700 1505 734 calumniatores
1517 699 1562 733 bic
1573 700 1645 733 mibi
1656 700 1852 743 respondeant
1864 724 1873 739 ‚
1900 708 1953 743 qut
1972 707 2092 736 mentiti

1215 759 1271 780 non
1284 748 1452 792 erubescunt
1465 750 1606 792 Ecclesia:
1616 751 1685 784 illas
1702 758 1880 793 primitivas
1894 776 1903 790 ‚
1931 752 2092 792 nostrarum

1215 805 1366 840 matrices,
1394 802 1468 834 adeo
1480 802 1583 844 vixisse
1591 810 1737 843 pauperes
1749 826 1760 842 ,
1788 805 1877 834 immo
1890 811 1954 835 tam
1965 812 2069 835 tenues
2082 826 2093 843 ‚

1214 851 1357 893 indigas,
1383 852 1417 884 (π
1443 853 1591 885 mendicas
1615 851 1749 894 exstitisse
1765 876 1775 891 ‚
1803 861 1921 894 tamque
1943 851 2022 885 nibil
2039 851 2094 885 ba-

1214 899 1298 942 baisse
1305 906 1459 942 proprium
1486 900 1630 943 zrelsuum
1644 925 1654 941 ,
1681 912 1714 934 ut
1735 902 1859 941 ostiatim
1878 905 1957 944 pem3
1975 903 2095 943 compel-

1213 950 1342 983 lerentur
1354 957 1516 993 quaeritare
1526 952 1619 986 cibos.
1649 956 1704 985 Hic
1716 953 1803 985 vides
1822 957 1887 984 auri
1903 954 2002 994 pondo
2022 952 2107 987 malr

1214 1009 1247 1032 ta
1257 1001 1369 1033 donata
1381 1001 1533 1043 Ecclefiae,
1559 1011 1648 1044 atque
1673 1004 1796 1035 reddita
1823 1014 1881 1035 non
1900 1015 1931 1035 cu
1956 1004 2071 1036 Hanter
2086 1026 2096 1041 ,

1210 1048 1268 1092 sed
1290 1062 1358 1083 mox
1385 1061 1472 1094 atque
1497 1051 1654 1095 repoposcit
1680 1059 1707 1084 is
1735 1059 1787 1095 qui
1813 1016 1980 1088 donazdat
2002 1078 2008 1086 .
2038 1052 2099 1086 Per

1215 1099 1391 1134 Gnosticos
1416 1101 1668 1135 calumniatores
1696 1102 1851 1145 intelligit
1890 1103 2100 1137 Lutheranos

1214 1150 1247 1183 ὃ(
1270 1149 1467 1184 Calvinistas
1488 1160 1507 1183 .’
1524 1152 1566 1184 Et
1588 1150 1670 1184 reste
1693 1175 1699 1182 .
1731 1151 1865 1187 Habent
1892 1154 1980 1187 enim
2010 1154 2103 1197 plura.

1216 1200 1383 1243 Dogmata
1405 1199 1446 1234 ab
1458 1200 1605 1244 antiquis
1624 1200 1809 1234 Gnosticis.
1839 1202 1880 1235 Er
1893 1213 1968 1235 cum
1983 1202 2109 1237 Arnal·.

1214 1249 1259 1283 do
1282 1248 1439 1283 Brixiensi
1455 1250 1692 1284 Ecclefiasticas
1714 1250 1945 1293 possessiones,
1972 1252 2103 1295 quasin

1217 1300 1244 1333 se
1255 1299 1400 1344 diligunt
1412 1324 1422 1339 ,
1450 1300 1482 1333 in
1498 1300 1593 1335 nobis
1607 1300 1736 1344 peffime*
1752 1301 1914 1335 oderunt.
1942 1301 2105 1337 Attamen

1217 1350 1353 1392 antiqua
1364 1349 1580 1385 Ecclesiarum
1591 1350 1760 1393 opulentia
1773 1351 1987 1386 demonstrari
2006 1353 2103 1398 poffit

1217 1398 1329 1433 multis
1350 1398 1545 1434 testimoniis
1565 1425 1576 1441 ‚
1603 1401 1778 1443 palamque
1796 1401 1882 1435 lucet
1906 1413 1946 1434 ex
1967 1413 2107 1439 centum
2126 1402 2233 1439 l3p.60.

1218 1447 1362 1482 millibus
1375 1448 1521 1484 sestertiis
1532 1473 1543 1489 ,
1569 1460 1640 1493 quae
1650 1461 1690 1483 ex
1704 1461 1770 1486 una
1780 1447 2029 1497 Carthaginensi
2043 1452 2107 1486 Ec·

1217 1499 1309 1532 clesia
1324 1499 1364 1534 ad
1377 1497 1488 1533 fideles
1501 1499 1666 1534 Numidas
1678 1498 1696 1531 ὲ
1708 1499 1917 1536 barbarorum
1939 1503 2107 1546 captivita·

1218 1557 1251 1583 te
1265 1547 1451 1581 liberandos
1465 1548 1549 1582 misit
1562 1549 1696 1583 Sanetus
1707 1549 1905 1592 Cyprianus.

1267 1596 1305 1630 In
1321 1597 1457 1640 epistola
1470 1598 1509 1631 ad
1533 1597 1780 1641 Ctesiphontem
1794 1600 1925 1637 Sanetus
1940 1600 2109 1646 Hierony-

1220 1657 1292 1680 mus
1311 1648 1451 1682 affirmat
1472 1649 1598 1682 cunstis
1612 1647 1800 1690 haeresibus,
1827 1651 1861 1685 ὅ(
1879 1652 2001 1686 ευηέὶῐε
2029 1654 2109 1697 ipsa-

1220 1707 1290 1730 rum
1306 1696 1498 1733 authoribus
1509 1698 1602 1733 fuine
1614 1699 1790 1742 adjutrices
1801 1702 1952 1736 mulieres
1962 1726 1974 1741 ‚
1997 1704 2030 1737 ὅ(
2054 1704 2112 1737 de-

1219 1747 1432 1782 monstrando
1455 1746 1569 1790 adjicit
1588 1748 1756 1791 quidpiam
1778 1750 1938 1793 singulare
1959 1754 1999 1786 de
2020 1753 2114 1786 Mar·

1217 1796 1316 1830 cione
1329 1808 1336 1829 z
1362 1799 1463 1830 slmon
1477 1797 1723 1843 Maguspbaerefim
1732 1801 1867 1832 condidit
1877 1825 1888 1841 ,
1917 1803 2035 1836 Helenae
2049 1816 2115 1840 me·
2132 1788 2205 1824 ΩΨ·
2216 1797 2243 1821 ³¹

1219 1851 1334 1879 tetricis
1374 1847 1502 1888 adjiitus
1529 1848 1644 1883 auxilio
1671 1872 1677 1880 .
1715 1850 1859 1885 Nicolaus
1888 1851 2108 1896 Antiochenus‚

1217 1902 1347 1929 omnium
1368 1898 1628 1931 immunditiarum
1646 1906 1795 1939 repertor,
1827 1899 1926 1934 choror
1940 1903 2033 1937 duxit
2047 1904 2109 1947 ίαν,

1218 1952 1352 1980 mineos.
1376 1949 1513 1982 Marcion
1534 1951 1658 1982 Romam
1676 1947 1990 1989 praemifit‘mulicrem
2003 1975 2014 1991 ‚
2037 1965 2107 1995 quat

1197 1981 1406 2046 *decipiendos
1424 2001 1537 2030 animos
1558 1995 1834 2039 fibtpraepararet.
1864 2002 1978 2043 Apelles
1998 2002 2108 2036 Philu-

1217 2055 1333 2078 menam
1354 2043 1478 2088 suarum
1497 2052 1632 2081 comitem
1654 2046 1759 2082 habuit
1772 2049 1993 2085 dominarum.
2018 2053 2105 2088 Haeo

1219 2106 1279 2129 nec
1291 2094 1503 2130 Tertulliano
1515 2097 1699 2131 consonant
1709 2122 1720 2138 ,
1747 2109 1807 2132 nec
1819 2099 1936 2135 Sansto
1962 2102 2105 2146 Epipha-

1197 2171 1201 2211 Ι
1219 2146 1276 2179 nio
1287 2169 1294 2176 .
1322 2146 1458 2179 Etenim
1470 2146 1489 2179 si
1504 2146 1656 2180 Marcion
1672 2147 1815 2183 Romam
1827 2151 2012 2192 praemiserit
2035 2155 2103 2189 sua-

1197 2215 1200 2261 l

1197 2263 1200 2294 3
1218 2245 1257 2278 lis
1267 2269 1279 2284 ,
1306 2256 1366 2280 nec
1379 2244 1647 2283 Catechumenus
1659 2272 1671 2288 ,
1698 2259 1758 2283 nec
1770 2250 1933 2294 poenitens
1942 2252 1983 2288 eo
1996 2256 2102 2297 venir,

1196 2299 1201 2344 l
1218 2294 1270 2329 sed
1282 2306 1378 2340 prava
1389 2295 1560 2337 docturus,
1585 2308 1623 2331 ac
1636 2296 1819 2337 seducturus
1830 2325 1838 2334 .
1864 2303 1970 2339 Sancti·
1984 2305 2101 2348 Jussini

1218 2206 1286 2232 rum
1298 2194 1480 2229 fabularum
1493 2193 1698 2231 obstetricem
1718 2199 1889 2235 mulierem
1902 2225 1913 2242 ‚
1940 2214 2000 2239 nec
2026 2204 2102 2239 fide-

1218 2344 1375 2387 Martyris
1396 2345 1546 2380 adversus
1568 2348 1772 2385 Marcionem
1785 2352 1859 2387 libri
1872 2365 1994 2400 magno
2007 2355 2104 2392 Chri-

1217 2394 1327 2427 stianae
1353 2395 1547 2431 eruditionis
1573 2397 1695 2433 damno
1707 2402 1869 2445 perierunt
1896 2417 1952 2440 aut
1979 2407 2100 2443 latent.

1216 2443 1274 2478 Ille
1297 2443 1532 2482 Marcionensis
1557 2449 1642 2493 apud
1680 2451 1823 2488 Romam
1850 2457 2011 2504 tragoediae
2037 2459 2103 2493 fuit

1215 2495 1547 2539 oculatusspectator.
1577 2500 1799 2538 Necdubium
1811 2504 1879 2545 est,
1904 2507 1983 2550 quin
1998 2509 2100 2552 ipsam

1216 2544 1311 2586 plene
1321 2547 1553 2590 transcripserit
1566 2549 1606 2584 ad
1617 2550 1761 2593 posteros
1775 2577 1782 2585 .
1808 2554 1929 2591 Donec
1949 2557 2032 2592 istud
2054 2559 2100 2593 lu-

1215 2604 1290 2628 men
1305 2594 1401 2629 nobis
1412 2596 1587 2642 affulgeat,
1613 2601 1654 2634 de
1667 2601 1849 2638 Marcionis
1866 2607 2008 2642 exordiis
2030 2621 2100 2645 non

1216 2644 1306 2679 valeo
1333 2646 1414 2689 quid
1440 2655 1563 2682 certum
1591 2649 1745 2686 definire.
1773 2653 1876 2700 Qiod
1904 2657 2100 2693 Marcellina

1213 2693 1308 2728 fuerit
1320 2694 1339 2729 a
1351 2694 1599 2733 Valentinianis
1611 2700 1754 2735 Romam
1768 2704 1858 2736 missa
1872 2729 1882 2743 ,
1908 2706 1942 2738 ἀ
1954 2706 2012 2740 sub
2022 2708 2100 2740 San-

1213 2745 1251 2777 cti
1269 2744 1403 2779 Aniceti
1417 2746 1541 2791 Papatu
1555 2750 1675 2782 multos
1689 2750 1734 2783 ibi
1755 2754 1953 2794 corruperit,
1982 2756 2102 2790 testan-

1214 2795 2013 2844 turSanstuslrenaeus&aliiantiquiScriptores.
2043 2807 2098 2842 De
2115 2792 2176 2824 [ἰδ’
2203 2805 2229 2825 Ῑ·

1214 2843 1393 2878 Marcionis
1407 2846 1573 2879 Emiffaria
1585 2857 1684 2881 nemo
1697 2849 1826 2890 penitus
1839 2853 1999 2888 meminit.
2027 2856 2098 2891 Cur

1213 2895 1344 2928 Sanstus
1357 2893 1584 2938 Hieronymus
1597 2907 1735 2940 nequeat
1743 2900 1803 2932 esse
1812 2903 1971 2938 memoria
1981 2904 2097 2949 lapsus,

1211 2944 1242 2977 ὃς
1261 2944 1486 2978 Mareellinam
1500 2945 1518 2979 ὲ
1532 2945 1715 2981 Valentino
1726 2951 1948 2995 transcripsisse
1960 2954 1994 2988 in
2008 2956 2097 2991 Mar·

1210 2995 1373 3028 cionem?
1400 2994 1497 3029 Certe
1518 3005 1663 3040 tempora
1690 3009 1758 3032 non
1785 3000 1932 3037 obstant.
1960 3005 2095 3040 Interim

1209 3043 1296 3087 quod
1310 3043 1461 3078 Marcion
1475 3044 1657 3080 seducturus
1676 3050 1799 3084 venerit
1811 3051 1955 3087 Romam
1968 3079 1978 3095 ,
2007 3055 2095 3099 supra

1208 3092 1389 3128 audivimus
1410 3095 1426 3127 a
1451 3097 1568 3129 Sanno
1594 3097 1782 3140 Cypriane.
1809 3101 1920 3148 Qare
1940 3105 2034 3148 poffit
2060 3108 2094 3141 δι

2111 2883 2174 2913 cap·
2186 2886 2230 2911 24·

1207 3145 1462 3188 praeparatricem
1500 3146 1670 3181 foeminam
1702 3150 1879 3193 praemisisse
1905 3175 1914 3187 .
1952 3155 2007 3189 Est
2046 3169 2092 3192 res

1205 3195 1362 3231 obscura.

1987 3433 2049 3489 sab
