2346 3724
336 196 403 236 26
821 182 1153 232 Seno

260 269 394 309 mandat
419 265 618 309 Apostolus,
645 264 762 300 diserte
782 267 920 299 affirmat
944 266 1082 309 intelligi
1105 265 1145 302 de

262 318 462 358 Diaczoniffis
477 339 484 348 .
511 316 624 350 Exstat
637 317 688 350 lex
704 317 737 350 in
751 316 865 350 codice
886 315 1121 352 Theodosiano
1136 340 1142 346 .

262 370 307 402 Et
335 369 368 401 in
382 368 497 406 eodem
510 391 520 407 ,
549 368 594 400 uti
608 367 639 404 ἀ
654 368 685 399 in
700 367 908 409 Justiniaraeo
925 367 1039 400 codice
1052 390 1061 405 ,
1091 365 1142 398 ha-

262 419 378 461 bemus
387 419 492 462 plures
511 411 764 464 ejusmodileges
776 440 784 449 .
811 417 921 455 Etiam
934 417 1079 455 decimus
1092 427 1146 451 no-

264 480 326 502 nus
338 464 456 507 Canon
471 466 625 506 Nicaenus
637 467 670 502 in
685 467 843 505 foemineo
853 466 1125 504 paulianistarum
1136 490 1145 505 ‚

259 519 318 562 qui
341 518 428 553 haud
441 517 540 557 dubie
553 516 614 556 hac
628 518 662 555 in
674 528 709 555 re
721 528 788 554 non
799 517 1023 553 discordarunt
1035 515 1076 553 ab
1088 516 1146 549 Ec-

259 569 377 610 clesia,
403 568 502 606 Clero
528 577 676 605 numerat
699 569 781 605 solas
806 568 1015 606 Diaconissas
1038 591 1045 598 .
1072 566 1144 603 Eas-

260 619 337 653 dem
360 620 395 658 in
417 619 477 656 suat
497 617 646 655 Ecclefiae
669 617 768 655 Clero
792 617 873 655 solas
894 618 1022 661 reperiri
1038 615 1147 654 lucide

261 668 416 713 supponit
428 668 677 713 septuagesimus
689 678 821 712 quartus
832 668 950 707 Canon
965 666 1126 703 Arabicus
1137 689 1145 698 .

260 719 305 753 Et
326 721 359 753 in
373 718 508 757 eruditis
519 714 558 752 ad
570 718 596 755 la
603 718 732 756 udatam
744 717 927 755 Theodosii
940 718 1045 761 legem
1058 715 1148 754 scho-

261 769 316 802 liis
342 768 479 813 Jacobus
491 768 717 807 Gothosredus
729 768 839 806 multis
857 768 998 805 affirmat
1010 766 1146 804 adducta

260 814 364 854 Plinii
376 818 506 852 secundi
518 843 528 858 ‚
541 818 765 856 Tertulliani,
775 830 811 852 ac
821 818 930 857 Sancti
950 817 1044 862 Pauli
1059 816 1147 859 Apo·

260 868 335 902 stoli
361 870 432 902 loca
457 880 551 913 agere
567 868 609 901 de
621 869 694 901 solis
707 868 924 904 Diaconiffis.
951 869 1005 906 De
1027 865 1147 900 eisdem

260 920 336 959 solis
347 920 446 955 etiam
459 918 688 958 Laodicent'tm
707 929 802 962 agere
814 918 986 956 Canonem
1009 917 1145 954 affirmat

261 970 296 1003 in
318 968 385 1010 ejus
412 968 661 1007 commentario
696 965 951 1013 Christophorus
980 965 1146 1011 Justellus,.

261 1019 365 1066 Qod
388 1018 494 1066 ipsum
518 1019 552 1057 in
577 1018 677 1056 Notis
704 1016 747 1055 ad
768 1019 958 1056 Gra->corum
983 1015 1147 1055 Eucholo-

259 1069 351 1114 gium
364 1068 460 1102 docet
472 1093 483 1109 ,
511 1067 543 1101 ὅ(
556 1068 682 1106 firmare
694 1067 810 1106 nititur
831 1067 970 1115 Jacobus
986 1068 1078 1103 Goar
1087 1092 1096 1103 ,

257 1114 263 1119 '
309 1116 506 1165 Respondet>
516 1126 626 1152 tamen
640 1118 722 1152 olim
735 1128 844 1161 praeter
855 1116 1061 1156 Diaconiffas
1073 1117 1147 1151 fuis-

257 1169 291 1207 se
311 1169 410 1207 etiam
434 1166 700 1210 Presbyterissas,
725 1169 758 1205 ὅ(
782 1169 919 1212 ipsarum
946 1168 1144 1212 dignitatem

258 1230 297 1256 ac
308 1218 554 1256 ordinationem
566 1219 656 1256 fuisse
668 1217 909 1260 diversissimas,
935 1230 973 1251 ac
990 1219 1142 1254 Sandtum

256 1268 398 1309 Paulum
422 1267 622 1311 Apostolum
643 1269 677 1302 in
691 1269 824 1312 epistola
841 1269 880 1302 ad
894 1266 1117 1306 Timotheum
1132 1292 1142 1308 ,

256 1330 313 1357 aut
336 1318 423 1357 certe
445 1318 680 1354 Laodicensem
703 1319 876 1355 Canonem
896 1330 991 1362 agere
1012 1317 1053 1352 de
1067 1318 1143 1351 solis

255 1368 495 1414 Presbyteriffis
509 1392 516 1399 .
544 1368 633 1406 Dico
646 1392 656 1408 ,
684 1372 742 1401 Aut
764 1370 841 1404 certe*
863 1366 1069 1414 Laodicensem
1086 1372 1144 1403 Ca-

256 1429 378 1454 nonem.
406 1416 508 1463 Quod
531 1418 664 1454 Sanetus
684 1417 803 1454 Paulus
826 1418 974 1452 videatur
993 1419 1092 1453 etiam
1104 1416 1144 1453 de

256 1466 456 1506 Diaconiflis
482 1477 597 1510 agere,
626 1466 679 1502 sed
702 1465 820 1504 nonde
830 1468 973 1505 cunetis.
1003 1465 1084 1510 Agit
1105 1466 1145 1503 de

257 1518 335 1551 solis
348 1518 380 1550 in
394 1515 601 1558 Presbyteras
614 1527 670 1548 aut
682 1516 888 1553 Diaconissas
909 1517 1069 1558 eligendis
1087 1516 1145 1549 Vi-

256 1568 350 1602 duis.
382 1566 422 1599 Et
444 1566 578 1608 quidem
602 1564 792 1607 Presbytera
804 1565 917 1604 debuit
927 1565 989 1598 esse
1011 1563 1145 1605 Vidua,

257 1616 449 1657 Diaconissa
470 1626 580 1653 autem
602 1616 723 1661 semper
745 1616 853 1658 potuit
874 1616 936 1654 esse
959 1616 992 1649 δε
1016 1614 1123 1658 Virgo
1137 1639 1144 1646 .

258 1669 302 1703 Et
315 1665 501 1711 hujusmodi
515 1664 704 1701 Diaconissa
718 1676 787 1703 nou
799 1664 911 1702 debuit
922 1665 985 1700 esse
997 1666 1145 1710 sexagin-

256 1727 290 1755 ta
302 1727 480 1756 annorum.
507 1715 598 1752 Nam
610 1714 888 1754 Chalcedonensis
901 1715 1021 1749 Canon
1043 1717 1078 1754 in
1101 1715 1143 1760 ip-

261 1769 293 1806 sa
306 1766 438 1810 requirit
451 1764 536 1803 solos
547 1765 760 1814 quadraginta
771 1777 895 1804 annos.
922 1765 1025 1811 Qod
1047 1765 1088 1804 de
1100 1766 1145 1799 so·

257 1818 298 1857 lis
318 1815 514 1862 Virginibus
536 1816 675 1859 statuat,
701 1816 838 1863 ideoque
860 1815 1057 1858 Apostolico
1081 1815 1142 1850 Ca-

257 1870 340 1905 noni
354 1879 422 1900 non
435 1866 631 1905 adversetur,
657 1866 795 1904 affirmat
809 1866 843 1902 in
855 1865 925 1908 ejus
943 1875 1144 1903 commenta·

257 1919 308 1953 rio
320 1917 462 1960 Joannes
473 1915 636 1950 Zonaras.
667 1915 724 1954 Aa
744 1916 849 1954 sansta
861 1914 986 1949 Phoebe
999 1939 1010 1955 ‚
1033 1927 1070 1949 ac
1083 1914 1144 1949 311ae

256 1968 337 2002 item
351 1993 362 2013 ,
386 1977 465 2010 quas
485 1974 612 2000 tortura:
633 1966 769 2008 subjecit
788 1965 970 2001 Proconsul
994 1964 1145 2003 Plinius,

255 2018 381 2054 fuerint
394 2015 592 2058 Presbyterae
604 2039 614 2056 ,
642 2027 681 2048 an
696 2016 914 2061 Diaconiss'aej,
936 2027 1002 2049 non
1017 2015 1142 2060 possum

255 2066 426 2101 adfirmare
439 2090 446 2103 ,.
475 2063 548 2102 Nec
568 2064 680 2108 obest,
708 2064 896 2109 quodillam
918 2067 1049 2105 Sanctus
1063 2064 1142 2102 Pau·

255 2117 306 2155 lus
331 2116 539 2154 Diaconam,
565 2113 622 2152 has
645 2113 774 2151 Plinius
793 2116 936 2164 appellet
955 2115 1141 2154 Minimas,

255 2167 411 2208 Utraque
420 2164 508 2198 enim
523 2175 587 2198 vox
599 2165 643 2197 est
657 2163 832 2211 ambigua,
858 2166 892 2204 &
911 2166 951 2201 ad
975 2175 1144 2211 utramque

255 2217 449 2255 muliebrem
462 2213 660 2259 dignitatem
677 2213 922 2257 significandam
936 2214 1124 2253 indifferens
1135 2193 1160 2278 ,ἱ

255 2267 339 2305 Vox
363 2290 373 2309 ,
401 2269 535 2303 Diacona
553 2288 563 2304 ,
588 2263 672 2307 apud
693 2263 890 2308 Apostolum
914 2265 950 2301 ,δε
971 2265 1142 2307 antiquam

255 2316 437 2357 Ecclefiam
450 2314 644 2359 significavit
656 2324 756 2348 omne
765 2314 890 2347 sacrum
900 2312 1122 2352 Ministerium
1134 2335 1145 2350 ,

255 2366 358 2405 etiam
380 2366 611 2409 Episcopatum
643 2374 680 2396 ac
712 2361 946 2405 Apostolatum
969 2385 976 2391 .
1007 2359 1158 2408 Etenimg

258 2417 316 2456 ubi
339 2417 471 2455 Sanetus
492 2414 614 2451 Paulus
634 2412 676 2449 ad
699 2410 922 2450 Timotheum
943 2409 1158 2453 Episcopum¹

258 2466 369 2501 scribit
382 2490 392 2506 ,
418 2463 612 2504 Ministerium
622 2471 705 2499 tuum
725 2462 836 2508 imple,
863 2461 898 2498 in
923 2469 1015 2497 textu
1028 2459 1143 2496 Graeco

258 2515 422 2554 habetur.-
448 2518 645 2545 Diaconiam.
673 2511 716 2545 Et
738 2511 795 2549 ubi
816 2510 856 2547 ad
878 2510 1051 2548 Romanos
1074 2508 1144 2545 serie

260 2566 311 2606 bit
320 2562 488 2599 Christum
498 2563 685 2597 Dominum
699 2561 790 2595 fuisse
801 2559 1066 2599 ,circumcisionis
1079 2529 1159 2595 Mil

261 2614 400 2653 nistrum
424 2614 476 2647 seu
511 2611 710 2655 Apostolum
736 2635 747 2650 ,
773 2610 807 2644 in
841 2610 958 2649 Graeco
986 2607 1145 2651 habetur,

259 2669 446 2705 Diaconum.
473 2662 579 2706 Igitur
600 2673 687 2701 vox,
713 2664 870 2700 Diacona,
895 2660 1028 2698 &vom
1056 2661 1144 2694 Mini-

195 2722 197 2728 '
256 2715 343 2757 stra,
370 2725 438 2752 uon
453 2708 765 2751 solumDiaconissae
785 2711 964 2753 important
980 2708 1124 2742 officium
1138 2729 1148 2745 ‚

256 2759 317 2801 'sed
340 2765 440 2802 etiam
459 2761 671 2805 presbytera,
700 2761 743 2799 Et
762 2759 841 2798 hinc
862 2761 964 2795 sacras
976 2758 1147 2797 mulieres,

263 2826 344 2860 quas
352 2825 482 2850 torturae
496 2811 649 2856 imposuit
662 2810 789 2849 Plinius
803 2834 814 2855 ,
833 2808 977 2849 omnino
996 2808 1148 2847 existimo

267 2866 362 2906 fuisse
383 2862 646 2906 Presbyterifl‘as‚
672 2858 917 2910 Qod'ncmpc
927 2859 1013 2903 apud
1035 2869 1095 2896 nos
1104 2858 1147 2895 es-

270 2917 341 2954 sent
354 2913 477 2951 altioris
487 2911 625 2956 gradus,
651 2911 792 2955 ideoque
812 2911 846 2948 δε
867 2910 974 2945 secreti
987 2909 1086 2946 nostri
1099 2917 1149 2954 pc-

270 2964 414 3004 ¹ritiores.
441 2961 544 3008 Qiod
565 2961 751 3009 Presbytera
761 2972 799 2998 ac
820 2959 1011 2998 Diaconiffa
1029 2958 1150 3008 fuerint

272 3014 356 3051 olim
375 3011 548 3050 distineiae,
573 3011 618 3047 est
642 3010 771 3047 abunde
787 3010 855 3054 jam
878 3010 1040 3047 ostensum
1059 3033 1077 3054 ,η
1097 3007 1151 3040 Ει-.

272 3065 363 3102 euim
376 3060 563 3107 Presbytera
573 3072 647 3094 cum
671 3059 835 3105 Episcopo
853 3062 888 3099 ὅ(
899 3057 1098 3100 presbyteris
1111 3058 1152 3094 se·

273 3113 370 3151 debat
382 3113 498 3150 interita
510 3111 543 3144 in
555 3111 642 3148 sacro
653 3110 853 3156 Tribunatu,
881 3108 1071 3147 Diacouiffa
1084 3107 1152 3143 illic

274 3164 383 3198 sedere
395 3173 463 3195 non
476 3169 617 3204 poterat,
642 3159 695 3196 sed
706 3161 875 3199 dumtaxat
886 3158 1051 3196 inservire.
1080 3157 1152 3194 Nec
1173 3195 1177 3201 ³

275 3213 420 3247 Diaconi
434 3210 502 3244 illic
513 3217 663 3256 poterant
673 3209 792 3247 sedere.
805 3211 848 3248 Et
860 3208 1086 3252 Presbyteriffa
1102 3206 1155 3242 de·

277 3262 373 3298 bebat
385 3262 448 3296 effe
459 3260 559 3299 vidua
569 3271 579 3302 ·‚
592 3259 781 3297 Diaconiffa
793 3268 917 3303 poterat
928 3260 990 3295 effe
1001 3259 1033 3291 δι
1042 3256 1133 3302 virgo
1148 3281 1155 3288 .

278 3313 323 3347 Et
335 3314 368 3346 in
383 3310 444 3344 hac
455 3311 615 3345 electione
626 3310 719 3354 virgo
729 3310 948 3356 praeferebatur
960 3307 1083 3342 viduae.
1112 3307 1153 3341 Et

279 3360 366 3404 certe
382 3359 587 3410 baptizandas
596 3358 761 3399 denudare
771 3384 783 3402 ,
809 3359 945 3396 nudatas
956 3369 1078 3407 ungere
1101 3367 1155 3394 aut

1225 196 1542 230 1-10N

1211 266 1333 309 tergere
1348 289 1359 305 ‚
1384 277 1421 300 ac
1435 267 1588 308 suspec'tas
1614 266 1654 300 de
1677 266 1758 301 vitio
1779 268 2094 311 mulieresinspicere

1207 326 1275 351 non
1287 327 1353 351 erat
1369 316 1543 362 Virginum
1556 329 1655 359 opus.
1684 316 1832 354 Praeterea
1847 332 1914 354 non
1927 320 2096 356 Diaconis-

1209 366 1274 405 sas,
1301 378 1360 402 nec
1381 367 1520 407 iplarurn
1542 368 1807 408 ordinationem,
1839 371 1890 403 sed
1904 371 1985 404 solas
2005 372 2094 406 Pres-

1209 415 1373 457 byteriss‘as
1383 416 1527 454 abolevit
1546 418 1745 455 Laodicense
1766 419 1954 455 Concilium
1968 446 1978 461 ,
2006 423 2094 457 ideo-

1209 477 1272 508 que
1293 465 1469 508 plurimum
1491 468 1636 503 intereas
1650 467 1817 505 distinxit.
1847 470 1940 506 Solas
1960 472 2092 516 viduas,

1208 516 1384 559 &quidem
1396 528 1497 556 anus,
1523 517 1614 552 istius
1637 516 1808 561 dignitatis
1820 520 1912 555 fuisse
1931 533 2089 565 capaces,

1210 567 1299 607 supra
1309 566 1396 603 dixit
1412 570 1590 602 nostrarum
1612 580 1717 602 rerum
1730 570 1827 603 etiarn
1839 571 1990 606 conscius
2002 573 2094 614 Apo-

1209 615 1287 649 stata
1303 616 1482 650 Lucianus.
1510 617 1652 652 Gentilis
1675 619 1752 651 irem
1766 620 1914 663 Sophista
1931 622 2092 658 Libanius

1209 677 1260 703 eas
1281 665 1402 704 alicubi
1417 677 1513 703 vocat
1535 671 1646 704 Matres
1661 671 1833 705 Vetulamm
1880 671 1923 706 Et
1935 672 2018 706 certe
2028 685 2096 706 car-

1209 725 1390 752 ceratorum
1406 716 1635 754 Confefforum
1659 720 1790 767 negotia
1802 721 1963 765 dirigere,
1983 724 2018 757 ὃ(
2037 722 2094 757 ho·

1210 777 1278 798 rum
1302 766 1396 803 causa
1418 777 1472 809 per
1491 767 1644 804 civitates
1668 770 1938 812 circumcursare,
1965 784 2094 816 nequa-

1210 827 1307 858 quam
1331 816 1510 859 quadrabat
1530 818 1712 864 virginibus
1726 819 1936 855 Diaconiffis.
1967 821 2096 857 Praeser-

1210 867 1270 902 tim
1283 866 1315 899 in
1328 867 1467 904 Oriente
1481 890 1491 909 ‚
1518 866 1611 903 Italia
1626 893 1635 906 ‚
1662 879 1716 902 aut
1730 869 1890 915 Hispania
1905 895 1912 903 .
1941 871 2092 909 AnPau-

1210 916 1342 950 lianistae
1359 915 1597 951 Laodicensem
1621 919 1795 953 Canonem
1812 921 2023 963 admiserint,
2049 935 2095 957 at-

1208 977 1270 1007 que
1287 966 1331 1002 ita
1355 966 1598 1012 Presbyteriffas
1617 968 1838 1009 aboleverint,
1866 972 2004 1015 ignoro.
2034 974 2091 1007 Est

1209 1017 1341 1050 difficile
1363 1016 1508 1050 creditu.
1535 1018 1708 1064 Qiidquid
1731 1020 1790 1060 sit,
1815 1020 1862 1054 ob
1883 1021 1973 1057 istius
1985 1022 2095 1057 Cano-

1210 1067 1259 1100 nis
1279 1066 1504 1103 auitoritatem
1531 1065 1662 1102 Nicaena
1690 1070 1846 1113 Synodus
1877 1074 2094 1114 memoravit,

1209 1116 1242 1149 ὅτ.
1264 1117 1422 1152 conversis
1445 1117 1652 1154 Paulianistis
1676 1120 1815 1161 permisit
1828 1121 1910 1155 solas
1923 1122 2094 1160 Diaconis-

1210 1167 1276 1199 sas.
1302 1166 1432 1210 Nempe
1447 1167 1620 1211 Episcopi,
1646 1169 1797 1212 quiapud
1808 1170 2009 1209 Laodicaeam
2029 1173 2094 1208 edi·

1209 1216 1323 1251 derant
1341 1216 1438 1253 istum
1461 1217 1656 1258 Canonem,
1682 1220 1748 1257 fere
1765 1232 1878 1255 omnes
1904 1223 2035 1258 fuerunt
2057 1224 2091 1257 iu

1208 1265 1346 1303 Nicaeno
1369 1267 1549 1310 Concilio,
1576 1268 1717 1310 ideoque
1739 1270 1842 1312 ipsum
1867 1271 1998 1308 voluere
2017 1286 2094 1307 con-

1207 1318 1371 1354 firmatum
1393 1328 1431 1353 ac
1444 1328 1634 1360 perpetuum
1647 1341 1655 1350 .
1681 1319 1808 1354 Eadem
1829 1322 1913 1356 ratio
1929 1320 2093 1365 permo'vit

1207 1367 1350 1402 auctores
1371 1366 1550 1402 Canonum
1572 1366 1809 1403 Arabicorum.
1839 1371 1950 1405 Etiam
1972 1372 2092 1416 Magni

1206 1414 1388 1456 Theodosii
1414 1426 1451 1448 ac
1475 1414 1614 1449 aliorum
1636 1417 1874 1463 imperatorum
1907 1419 1996 1464 leges
2025 1424 2095 1456 san-

1207 1465 1299 1499 ciunt
1321 1464 1411 1506 juxta
1434 1464 1592 1501 Nicaenos
1613 1465 1790 1506 Canones,
1816 1468 1852 1502 δε
1875 1469 1922 1502 sui
1937 1474 2094 1512 temporis

1206 1513 1431 1556 disciplinam,
1459 1524 1558 1562 atque
1580 1515 1625 1548 ita
1649 1516 1857 1559 Apostolicas
1877 1518 1984 1557 San-{ki
1997 1520 2094 1559 Pauli

1206 1564 1459 1601 constitutiones
1469 1575 1701 1602 contraxerunt
1712 1564 1753 1598 ad
1766 1567 1847 1601 solas
1861 1568 2071 1608 Diaconiffas
2082 1595 2093 1608 .

1209 1613 1250 1651 Et
1275 1612 1342 1650 haec
1366 1612 1411 1647 est
1432 1614 1537 1653 ratio,
1562 1626 1621 1648 cur
1634 1614 1781 1653 laudatus
1791 1615 2002 1656 Theodosius
2022 1622 2093 1656 san·

1208 1663 1290 1700 xerit
1316 1663 1398 1697 solas
1416 1663 1569 1708 deinceps
1589 1664 1737 1706 Viduas,
1764 1678 1835 1710 quae
1857 1669 1962 1715 proles
1973 1669 2094 1707 habue-

1206 1715 1269 1746 rint
1294 1724 1331 1747 ac
1354 1713 1435 1751 bene
1453 1713 1687 1756 educaverint,
1715 1717 1749 1750 &
1768 1717 1849 1754 alias
1871 1719 1913 1753 ab
1926 1719 2093 1764 Apostolo

1206 1763 1370 1810 requisitas
1383 1764 1515 1798 virtutes
1527 1763 1686 1810 habeant,
1713 1767 1837 1803 nullam
1851 1768 2024 1815 Virginem
2034 1772 2091 1806 eli-

1205 1814 1239 1858 gi
1261 1813 1296 1850 &
1315 1813 1495 1850 consecrari
1517 1815 1552 1848 in
1574 1815 1781 1854 Diaconinas
1802 1842 1810 1853 ⁷
1836 1819 1942 1867 Qod
1974 1822 2092 1865 nempe

1204 1864 1319 1900 omnia
1348 1862 1612 1905 presbyteratum
1647 1866 1758 1903 officia
1794 1870 1895 1904 essent
1919 1871 1953 1905 in
1969 1870 2091 1906 Diaco-

1204 1914 1343 1952 coniffas
1364 1914 1540 1955 translata,
1566 1915 1600 1952 &
1613 1926 1726 1952 eorum
1750 1918 1898 1962 quedam
1912 1932 1980 1954 non
1998 1921 2093 1956 dece-

1205 1974 1251 1997 ret
1273 1964 1343 1999 fieri
1363 1975 1417 2011 per
1441 1964 1598 2008 Virgines
1621 1967 1677 2001 suo
1698 1967 1775 2002 loco
1794 1967 1863 2003 haec
1882 1969 2094 2008 elucidabunz

1203 2022 1277 2048 tur.
1301 2013 1463 2050 Notanda
1500 2016 1582 2049 suut!
1610 2014 1763 2061 Apostoli
1792 2017 1887 2053 verba
1911 2019 1952 2055 de
1977 2022 2091 2057 Sancta

1203 2062 1345 2101 Phoebe:
1373 2063 1579 2107 Ipsaradsts‘tt't
1600 2068 1723 2108 multu,
1753 2070 1787 2102 Θ
1812 2068 1887 2103 mibi
1905 2070 1978 2112 ipſs,
2007 2072 2092 2106 Edi·-

1203 2125 1284 2147 cunt
1307 2112 1454 2152 Phoeben
1491 2125 1559 2148 non
1596 2115 1690 2153 fuisse
1710 2114 1881 2161 pauperem
1910 2121 2095 2156 matricula-

1203 2165 1306 2206 riam,
1333 2164 1388 2201 sed
1411 2164 1581 2216 insigniter
1601 2167 1815 2210 opulentam,
1844 2170 1897 2205 Ex
1922 2182 1989 2215 quo
2002 2170 2093 2209 vides

1204 2214 1394 2255 apostolica
1414 2212 1455 2250 de
1477 2215 1624 2260 alendis,
1651 2218 1704 2253 seu
1722 2217 1758 2252 in
1783 2218 2013 2266 gazophylacii
2027 2233 2094 2257 ma-

1202 2261 1596 2305 ‹riculamadscribendis
1620 2265 1742 2301 Viduis
1767 2269 1909 2305 Decreta
1931 2282 2000 2305 non
2026 2282 2095 2305 tan-

1202 2322 1276 2352 gere
1296 2312 1511 2348 adsumendas
1536 2313 1577 2349 ad
1605 2313 1802 2359 dignitatem
1819 2318 2016 2354 Diaconissae
2036 2331 2094 2355 aut

1203 2357 1439 2400 Presbyteriffae
1453 2382 1460 2392 .
1489 2359 1636 2396 Edicunt
1662 2361 1729 2398 hos
1743 2364 1928 2400 viduarum
1950 2365 2094 2406 Ordines

1203 2417 1282 2442 tunc
1303 2408 1397 2445 fuisse
1424 2409 1554 2450 penitus
1575 2408 1754 2446 discretos.

1251 2458 1381 2502 Qinta
1406 2457 1543 2500 quaefflo
1561 2457 1630 2499 est,
1656 2460 1744 2509 Qis
1769 2458 1829 2498 has
1848 2462 2094 2507 Presbyteriffas

1203 2508 1236 2543 ἀ
1249 2508 1385 2550 ipsarum
1396 2508 1674 2546 consecrationem
1686 2510 1890 2556 abrogaverit
1903 2511 1920 2553 ἓ
1945 2515 2095 2560 Respon-

1204 2559 1268 2592 deo
1286 2557 1459 2603 Synodum
1482 2558 1718 2597 Laodicensem
1731 2585 1739 2593 .
1767 2562 1872 2600 Nulla
1900 2566 1989 2607 prior
2009 2577 2095 2614 repe-

1205 2609 1284 2644 ritur
1304 2606 1495 2651 abrogatio.
1523 2608 1605 2642 Haec
1625 2620 1736 2648 autem
1756 2610 1931 2650 Laodicaea
1952 2627 2021 2651 uon
2046 2614 2095 2651 est

1206 2658 1327 2703 Syriae,
1354 2656 1406 2694 scd
1432 2658 1575 2693 Asiatica
1597 2658 1772 2705 Phrygiae.
1795 2661 1874 2699 'Hic
1895 2673 2003 2703 tamen
2025 2666 2095 2709 ejus

1206 2708 1326 2743 Canon
1363 2706 1492 2750 videtur-
1516 2708 1616 2742 etiam
1637 2710 1655 2744 a
1675 2710 1765 2752 Syris
1791 2713 1886 2747 fuisse
1905 2715 2059 2750 admissus
2083 2741 2092 2752 ,

1209 2757 1342 2795 Etenim
1361 2756 1396 2794 ee
1433 2757 1472 2794 in,
1489 2757 1629 2793 Panario
1645 2784 1656 2800 ,
1683 2761 1715 2798 ὃς
1737 2762 1772 2798 in
1795 2761 1988 2802 Christianae
2016 2767 2092 2802 vitae

1207 2807 1405 2850 expofitorio
1416 2806 1531 2844 libello
1543 2808 1676 2846 Sanetus
1688 2810 1892 2857 Epiphanius
1904 2837 1915 2855 ,
1929 2815 1963 2851 in
1977 2817 2094 2852 Orien·

1208 2858 1265 2894 tali
1288 2857 1728 2902 DioecefivMetropolitanus
1750 2862 1929 2907 Episcopus
1948 2890 1958 2908 ‚
1986 2867 2093 2911 ipsum

1210 2905 1319 2964 laudat
1331 2932 1342 2949 ,
1357 2907 1570 2964 ‘affirmat-que
1592 2910 1699 2954 vigere
1710 2934 1726 2969 ,ι
1743 2911 1877 2969 Interim
1889 2914 2010 2960 ubique
2021 2927 2090 2952 non
2110 2934 2170 2966 Lib,
2182 2946 2229 2973 79·

1208 2959 1271 2991 fuit
1294 2957 1401 3013 statim
1419 2957 1574 2992 admissus
1594 2983 1601 2991 .
1630 2961 1763 2996 Etenim
1787 2974 1822 2995 in
1845 2964 1976 3001 laudata
2002 2965 2092 3012 super
2107 2985 2170 3013 cap.
2194 2987 2221 3009 4.

1210 3007 1439 3050 Apostolrcum
1461 3009 1503 3041 de
1523 3008 1684 3053 eligendis
1705 3010 1826 3047 Viduis
1838 3013 1969 3055 terbum
1986 3013 2092 3052 homi·
2109 3024 2171 3053 ῦᾶΡ·
2194 3026 2239 3047 21·

1209 3058 1252 3091 lia
1278 3058 1411 3094 Sanctus
1439 3058 1581 3101 Ioannes
1609 3059 1868 3104 chrysostomus*
1884 3063 1994 3100 laudat
2020 3065 2093 3100 illas

1211 3105 1414 3154 Presbyteras
1433 3132 1444 3148 ,
1472 3108 1611 3150 ipsarum
1632 3106 1828 3155 dignitatem
1849 3113 1883 3149 ὃς
1905 3114 2017 3150 munia
2038 3127 2096 3149 ex·

1213 3158 1329 3201 ponit,
1356 3157 1527 3201 palamque
1549 3159 1688 3196 affirmat
1708 3161 1815 3195 adhuc
1835 3162 1945 3206 vigere
1967 3188 1973 3196 .
2002 3165 2092 3211 Qia

1214 3207 1328 3250 nempe
1350 3218 1418 3243 non
1439 3207 1627 3245 Antiochiae
1637 3210 1830 3254 Presbyter,
1857 3211 1911 3249 sed
1933 3213 2096 3249 Constan-

1213 3257 1353 3303 tinopoli
1389 3258 1424 3292 in
1461 3257 1626 3297 Thracica
1644 3259 1801 3296 Dioecefi,
1819 3260 1998 3307 Episcopus
2035 3265 2096 3298 ista.

1215 3308 1335 3351 scripsit
1356 3306 1500 3343 ,Sc-dixit.
1524 3309 1662 3347 Easdem
1672 3309 1789 3344 eodem
1801 3317 1947 3355 tempore
1958 3314 2095 3357 viguisse

1216 3359 1248 3392 in
1273 3356 1387 3392 Africa
1410 3357 1505 3394 docet
1524 3358 1615 3405 supra
1639 3358 1795 3396 adduitus
1810 3360 1928 3399 Canon
1953 3362 2097 3400 Cartha-

1930 3412 2046 3460 gissen-
