2346 3724
361 188 461 234 272

879 171 1668 217 senonien-

232 272 235 275 ,
280 253 429 291 -Sancius
450 253 696 297 Hieronymus:
722 257 857 287 Mortuus
878 252 916 292 est
946 252 1096 294 Basilides
1118 277 1129 293 ,
1155 254 1176 285 ἆ
1241 260 1312 292 tur,
1336 253 1458 299 erigit,
1484 254 1633 289 roborat.
1659 254 1813 294 Affirmat
1834 257 1900 295 haec
1922 261 1985 296 effe
2017 260 2119 297 malo-

136 754 223 795 cap.
239 761 265 790 ς.

141 943 219 982 Cap·
236 953 261 973 2.

137 1135 213 1174 cap.
230 1137 256 1164 8.

111 1405 186 1442 cap.
209 1415 253 1436 rz-

110 1453 176 1485 cap.
183 1454 210 1481 4·

292 316 350 351 quo
372 303 497 343 Gnostici
516 329 527 345 ,
556 311 589 337 in
612 305 798 338 Alexandria
822 303 999 344 temporibus
1027 306 1171 336 Adriani.

290 355 342 390 At
370 354 448 389 vero
473 354 641 389 Adrianus
664 353 843 387 centefimo
869 354 1029 396 vigefimo
1050 353 1176 391 Christi

289 404 434 439 Domini
445 416 535 439 anno
546 404 673 447 accepit
686 403 862 446 Imperium
874 427 886 443 ,
914 412 1011 446 atque
1022 404 1067 439 ita
1088 404 1176 449 prior

288 455 399 493 Sansti
415 454 561 489 Pauliad
572 452 796 487 Timotheum
824 452 989 496 epistola,
1014 456 1176 499 quinqua-

288 506 413 552 gefimo
435 505 572 549 septimo
591 503 733 547 ejusdem
758 503 902 537 Domini
925 514 1014 539 anno
1033 505 1171 549 scripta,

286 556 416 600 nequiit
438 555 590 589 invadere
612 554 847 588 Saturninum.
877 554 1070 589 Saturninus
1094 564 1174 589 tunc

273 618 359 642 *non
383 605 487 650 potest
503 604 645 639 floruisse
658 605 692 637 ἃ.
704 602 849 639 docuiffe
860 629 868 636 .
895 605 952 640 Est
974 605 1083 639 noster
1097 617 1174 648 apo-

274 657 367 692 ·stata
389 682 400 698 ‚
428 656 569 698 ideoque
588 654 734 688 delirasse
760 665 828 688 non
850 655 945 698 poffit
968 679 979 694 ,
1004 654 1064 688 nili
1086 654 1171 690 circa
1196 700 1199 701 ⁷

285 706 429 742 mediam
450 705 498 740 sui
512 715 638 739 aetatem
651 730 658 736 .
686 703 831 739 Proinde
852 705 1000 740 notanda
1012 707 1085 739 sunt
1097 706 1172 739 San·

285 759 328 793 cti
338 756 433 791 Pauli
445 755 560 790 verba:
589 757 721 797 spiritus
743 755 896 797 manifesto*
919 756 1008 789 dicit.
1038 750 1170 799 Utique

283 808 434 853 spiritus,
460 815 558 850 quern
573 804 841 840 laudat’etiamin
852 805 956 849 prima
967 804 1008 839 ad
1033 804 1169 841 Thessa·

282 858 464 893 ionicenses
486 855 623 899 epistola
643 869 654 889 .-
681 859 825 898 spiritum
850 856 939 889 nolite
965 854 1167 900 exstinguere.

271 907 460 949 Papinum
483 908 572 940 nolite
594 904 732 949 spernere
746 931 753 938 .
781 910 892 939 Omnia
904 906 1050 948 probate.
1075 907 1171 951 ,Quod

280 957 385 991 bonum
396 956 557 997 esttenete.
584 957 673 991 Etin
686 956 826 990 secunda
837 956 995 1000 epistola:
1020 960 1098 990 Non
1108 960 1167 991 cito

279 1013 481 1047 moveamini,
507 1018 599 1049 neque
625 1006 794 1041 terreamini
816 1032 823 1039 .
856 1010 964 1050 Neque
982 1015 1039 1049 per
1057 1007 1168 1051 sermo-

278 1070 346 1093 nem
362 1083 373 1100 ‚
399 1068 492 1103 neque
502 1055 704 1100 perspiritum
715 1081 725 1097 ‚
751 1068 843 1100 neque
851 1066 908 1100 per
921 1057 1067 1100 epistolam
1090 1066 1166 1091 tam-

276 1121 366 1152 quam
374 1117 431 1152 per
441 1119 493 1141 nos
506 1109 634 1151 missam.
665 1107 708 1140 Et
721 1108 756 1141 in
768 1108 905 1152 epistola
917 1108 957 1142 ad
973 1103 1166 1146 Romanos:

275 1162 407 1202 Spiritus
429 1160 562 1201 adjuvat
586 1159 795 1199 infirmitatem
813 1158 941 1199 nostram
958 1184 966 1191 .
991 1163 1080 1191 Nam
1092 1159 1169 1202 'qnid
1188 1200 1191 1206 s

273 1221 410 1250 oremus,
431 1207 505 1250 ficut
528 1215 660 1250 oportet,
687 1206 851 1251 nescimus,
876 1207 936 1251 sed
958 1207 1020 1251 ipse
1037 1211 1165 1251 Spiritus

269 1259 399 1302 postulat
420 1267 476 1301 pro
501 1258 584 1292 nobis
608 1259 768 1303 gemitibus
793 1258 1043 1291 inenarrabilibus
1061 1284 1068 1290 .
1098 1261 1165 1302 ,Qui

269 1307 533 1352 autemserutatur
549 1311 658 1348 corda,
680 1306 739 1351 scit
764 1307 995 1350 quiddeffderot
1011 1311 1162 1350 Spiritus.

271 1361 358 1402 ,Quia
376 1357 537 1402 secundum
561 1361 658 1390 Deum
678 1357 883 1399 postulat'pre
905 1357 1044 1390 Sanelis.
1067 1358 1111 1391 Et
1122 1359 1159 1390 in

265 1409 373 1452 prima
387 1407 427 1441 ad
441 1404 638 1445 Corinthios
649 1406 785 1449 epistola
799 1418 807 1438 :
830 1411 928 1439 Nemo
939 1411 972 1439 in
979 1406 1094 1449 spiritu
1103 1410 1162 1440 Dei

265 1460 389 1501 loquens
412 1458 484 1490 dicit
506 1454 670 1490 anathema
693 1454 827 1499 JESU.
856 1456 899 1490 Et
918 1457 1054 1490 Sandtus
1066 1457 1160 1500 Joau·

265 1519 325 1543 nes
339 1506 520 1551 Apostolus
532 1506 567 1539 in
582 1506 684 1549 prima
696 1506 834 1549 epistola
848 1517 857 1538 ι
883 1507 988 1539 Nolite
998 1512 1078 1540 omni
1097 1505 1158 1550 spi-

262 1564 338 1591 ritui
357 1554 571 1599 credere‚·-sed
587 1555 723 1598 probate
732 1554 885 1598 spiritus,
903 1555 933 1596 fi
956 1567 998 1597 ex
1009 1560 1071 1590 Deo
1076 1556 1156 1598 fint.

1239 312 1309 336 rum
1333 306 1504 339 dumtaxat
1522 303 1672 339 exordia.
1699 308 1888 345 Exorituras
1910 311 1993 345 adeo
2013 311 2118 347 foedas

1239 350 1368 388 haereses
1378 379 1389 395 ,
1417 367 1486 399 quae
1496 355 1596 391 etiam
1610 355 1753 391 Domini
1765 359 1832 394 Dei
1840 370 1938 405 opera
1949 360 2118 403 damnent,

1235 401 1322 446 ipsos
1343 406 1444 439 etiam
1467 405 1509 440 ab
1531 405 1591 440 illo
1603 404 1698 441 datos
1709 406 1821 450 cibos,
1845 411 2115 456 acabipsoinsti-

1236 462 1322 488 tutas
1335 456 1368 489 δε
1382 454 1566 491 benedictas
1576 456 1725 500 nuptias.
1755 458 1860 506 Qod
1869 460 1974 505 ipsum
1986 463 2066 497 facit
2078 464 2116 498 in

1236 504 1376 539 secunda
1388 506 1430 540 ad
1441 507 1583 541 eundem
1593 507 1791 551 discipulum
1809 510 1943 552 epistola
1955 537 1967 554 ,
1991 511 2116 548 addens

1235 555 1484 590 noviffirnorum
1494 557 1622 591 dierum
1648 567 1794 602 tempora
1805 558 1876 594 fore
1885 571 1927 595 ex
1938 560 2016 597 hine
2033 562 2119 607 peri-

1233 604 1363 638 culosa.
1390 605 1481 640 Istud
1493 607 1598 650 ipsum
1613 608 1911 645 inculcavitTito.
1937 611 1976 646 In
1989 613 2116 648 Mileti-

1235 666 1275 687 na
1299 654 1385 697 apud
1408 656 1571 700 Ephesum
1603 657 1741 702 Synodo
1766 659 1868 694 etiam
1888 662 2012 697 cunetis
2031 662 2119 698 Auae

1234 703 1402 749 Episcopis
1415 730 1423 739 .
1449 705 1618 742 Affeverat
1637 709 1685 743 eis
1707 711 1771 744 effe
1792 709 1876 753 opus
1898 712 2026 758 magnis
2046 714 2116 748 ani-

1232 755 1316 796 mis,
1352 755 1411 797 qui
1433 756 1560 791 valeant
1581 758 1765 794 istiusmodi
1792 760 1878 795 bella
1901 771 2009 806 gerere
2027 787 2039 804 ,
2064 773 2116 798 ar-

1231 816 1330 849 guere
1340 806 1623 848 contradicentes,
1649 808 1879 852 confundere,
1904 812 2113 855 &superum

1233 854 1423 891 Istiusmodi
1447 857 1530 900 vires
1561 859 1731 901 exquisivit
1754 860 1789 894 in
1813 860 1909 895 omni
1930 861 2114 906 Episcopo.

1232 905 1275 940 Et
1298 904 1473 952 adjungit.-
1495 910 1630 952 spiritus
1649 909 1802 952 manifeste
1821 912 1898 945 dicit
1912 935 1921 943 .
1945 909 2028 946 Hoe
2044 911 2117 955 est,

1229 955 1457 991 authenticum
1480 958 1514 992 δι
1539 967 1663 993 certum
1675 959 1851 1004 prophetiae
1862 958 2040 997 charisma.
2067 961 2116 996 Et

1229 1006 1366 1040 iterum:
1386 1011 1447 1041 Hoc
1458 1017 1558 1042 autem
1565 1007 1642 1051 s‘cito
1651 1034 1658 1042 .
1687 1009 1833 1045 Proinde
1843 1020 1926 1046 tunc
1938 1012 2008 1046 non
2022 1013 2115 1046 natas

1227 1056 1362 1092 damnat
1376 1056 1527 1099 haerests,
1553 1059 1606 1093 sed
1617 1059 1814 1095 nascituras.
1841 1060 1887 1095 Et
1897 1060 2039 1105 ipsarum
2050 1060 2116 1105 pri·

1228 1117 1299 1141 mus
1323 1105 1465 1149 author,
1490 1108 1548 1152 qui
1571 1109 1678 1143 forsan
1699 1109 2022 1152 tunefueritnatus,
2048 1110 2114 1145 fuit

1228 1158 1418 1193 Saturninus
1439 1182 1447 1190 .
1477 1157 1522 1192 Et
1540 1157 1646 1203 ipsum
1668 1159 1869 1194 secuntum
1890 1159 2047 1194 Marcion
2075 1160 2115 1195 ἀ

1229 1206 1359 1252 Apelles
1371 1232 1379 1240 .
1408 1208 1546 1245 Horum
1563 1208 1722 1255 dogmata
1740 1207 1883 1254 superius
1903 1210 2063 1255 exposui.
2099 1232 2102 1239 1

1293 1337 1374 1408 Q}
1409 1334 1565 1384 dicerent
1583 1339 1669 1405 jam
1691 1331 1851 1403 fabiam
1876 1320 2048 1405 vresurae·
2083 1331 2107 1386 ᾧ

1504 1405 1656 1455 fillonem
1679 1443 1693 1470 ,
1724 1412 1877 1472 <wc-&²
1902 1431 1932 1459 Γ·ρ
2087 1419 2111 1446 ’ἶ

1267 1556 1349 1591 Hoc
1362 1556 1563 1602 garriverunt
1585 1557 1790 1601 Hymenaeus
1816 1556 1851 1592 δε
1870 1554 2018 1593 Philetus
2031 1581 2042 1599 ,
2067 1529 2111 1592 de

263 1612 371 1642 omnis
390 1606 516 1652 spiritus
530 1611 586 1649 qui
608 1606 760 1649 confitetur
780 1606 938 1650 JESUM
962 1605 1112 1648 christum
1124 1613 1157 1640 in
1220 1605 1339 1648 quibus
1357 1607 1537 1652 Apostolus
1550 1608 1586 1642 in
1597 1607 1736 1643 secunda
1744 1608 1785 1643 ad
1799 1607 2026 1642 'Timotheum
2045 1607 2111 1651 ep'u-

262 1670 353 1693 carne
366 1659 471 1701 veniffit
481 1668 520 1691 ex
532 1660 594 1690 Deo
604 1656 642 1697 est
656 1669 670 1699 ,ν
694 1659 740 1689 Et
751 1662 847 1690 omnis
854 1655 985 1699 spiritus
1000 1680 1012 1696 ‚
1037 1662 1093 1699 qui
1098 1655 1156 1699 sol-

261 1711 313 1742 v'it
331 1708 487 1753 JESUM
500 1732 511 1749 ,
537 1718 574 1742 ex
589 1710 651 1741 Deo
661 1718 718 1740 non
729 1705 767 1745 est
781 1732 787 1738 .
814 1708 859 1739 Et
870 1705 917 1739 hic
927 1705 965 1746 est
981 1706 1154 1740 Anti-Chri-

256 1758 323 1799 stus
338 1783 344 1790 .
372 1759 409 1791 In
423 1757 629 1801 Evangelio:
656 1759 784 1798 spiritus
812 1758 942 1790 nondum
959 1766 1024 1789 erat
1040 1758 1132 1790 datus
1143 1781 1155 1798 ,

262 1813 336 1849 quia
360 1807 496 1850 JESUS
521 1807 652 1839 nondum
663 1815 728 1839 erat
735 1804 938 1848 glorificatus.
969 1806 1013 1840 Et
1025 1806 1061 1840 in
1074 1809 1153 1841 novi

262 1857 473 1892 Testamenti
501 1855 614 1890 litteris
635 1856 821 1899 frequenter
839 1859 1037 1890 memoratur
1056 1866 1154 1898 atque

262 1907 414 1942 laudatur
436 1906 496 1940 iste
522 1906 671 1949 spiritus.
699 1905 779 1939 Non
792 1904 986 1948 estspiritus
997 1906 1164 1945 Sanctus,

259 1958 317 1991 fed
331 1967 388 1991 aut
398 1956 467 2000 ejus
479 1955 606 1989 donum
619 1978 630 1995 ,
656 1963 711 1988 aut
723 1953 813 1988 istius
823 1952 904 1989 doni
927 1956 1022 1988 fucus
1034 1956 1069 1989 &
1080 1957 1154 1991 affe

258 2008 359 2042 elatio
373 2031 381 2039 .
408 2006 463 2040 Est
479 2005 650 2048 primitivae
665 2003 815 2038 Ecclefiae
839 2002 1011 2037 Charisma
1023 2027 1034 2043 ,
1050 2005 1151 2048 >quod

259 2059 296 2094 in
308 2057 438 2092 laudata
453 2056 494 2090 ad
507 2052 706 2089 Corinthios
717 2053 854 2097 epistola
868 2053 1003 2088 Sanstus
1023 2052 1148 2089 Paulus

254 2107 400 2153 appellat
424 2106 562 2150 Spiritus
574 2105 683 2140 Sansti
697 2103 1002 2139 manifestationem.
1011 2103 1053 2138 ad
1066 2103 1152 2143 miii.

258 2168 361 2194 tatem
376 2181 384 2190 .
412 2157 469 2191 Est
489 2156 593 2202 gratia
618 2155 718 2201 gratis
739 2154 816 2190 data
834 2170 843 2188 ,-
868 2153 1162 2200 Ιδῖεϊιὶ-ρέκᾰοιιιιιῐιι

260 2210 451 2255 linguarum
477 2230 488 2246 ,
514 2205 744 2250 interpretatio
768 2207 959 2240 sermonum
977 2229 989 2246 ,
1017 2204 1150 2249 prophe·

258 2261 325 2302 tia,
353 2261 459 2294 sermo
473 2258 612 2292 scientia:
626 2281 637 2298 ,
663 2258 768 2291 sermo
780 2256 963 2299 sapientie,
989 2255 1021 2290 δε
1042 2256 1106 2289 alia
1116 2255 1150 2290 id

258 2321 385 2356 genus.
414 2309 492 2342 Erat
512 2308 546 2343 δε
569 2306 694 2342 donum
720 2308 774 2342 seu
788 2306 946 2341 charisma
968 2305 1149 2340 orationis.

259 2358 353 2408 Qid
377 2359 474 2394 nobis
498 2357 609 2395 inhoc
631 2357 746 2392 sarculo
762 2357 948 2397 conducat,
979 2353 1145 2398 ideoquea

259 2409 425 2446 Domino·
447 2410 522 2443 Deo
548 2407 790 2451 'postulandum
823 2407 862 2440 fit
889 2429 901 2446 ,
937 2406 1129 2450 ignoramus
1142 2428 1149 2435 .

259 2461 430 2506 Ignoravit
444 2460 478 2494 &
494 2458 563 2503 ipse
573 2457 695 2492 Paulus
710 2482 717 2490 .
744 2457 838 2491 Hinc
849 2456 928 2489 dum
940 2454 1147 2497 colaphizan—

259 2520 329 2544 tem
341 2510 514 2544 Sathanam
526 2509 630 2543 oravit
642 2508 700 2542 fibi
715 2507 833 2541 auferri
846 2516 911 2539 non
939 2505 1001 2538 fuit
1013 2503 1149 2538 exaudi-

259 2569 333 2594 tus.
362 2560 400 2592 In
423 2559 595 2601 primitivae
618 2558 766 2591 Ecclefiae
791 2553 1074 2600 synaxibusistud
1091 2553 1151 2588 do·

259 2621 342 2644 num
356 2607 554 2652 quandoque
567 2607 623 2641 uni
637 2632 648 2647 ‚
674 2605 870 2649 quandoque
883 2604 1027 2648 pluribus
1041 2605 1150 2638 infun-

259 2660 396 2695 debatur
421 2683 428 2690 .
457 2658 499 2691 Et
524 2658 565 2690 de
589 2658 660 2699 ipso
683 2656 766 2689 dicit
791 2655 992 2698 Apostolus:
1020 2657 1149 2696 Spiritus

264 2711 399 2748 adiuvat
406 2707 617 2749 infirmitatem
627 2705 772 2746 nostram.
804 2706 1033 2739 Infirmitatem
1047 2705 1151 2739 totius

260 2758 480 2797 Ecclesiastici
492 2766 677 2791 conventus
689 2782 697 2790 .
727 2755 856 2795 Postulat
863 2764 918 2797 pro
931 2754 1014 2788 nobis
1030 2759 1151 2799 gemiti-

258 2811 317 2844 bus
341 2806 616 2843 inenarrabilibus.
643 2807 804 2840 Secundum
824 2810 923 2839 Deum
942 2805 1074 2848 postulat
1094 2814 1150 2848 pro

260 2861 377 2894 samiis
392 2885 399 2892 .
431 2858 472 2892 Et
484 2856 618 2900 quidam
630 2854 694 2890 hoc
711 2867 768 2891 aut
780 2856 866 2890 istud
876 2855 1002 2891 donum
1015 2856 1072 2890 fibi
1094 2855 1149 2890 ad·

259 2911 327 2944 esse
341 2908 583 2943 mentiebantur
598 2933 605 2940 .
633 2907 678 2941 Et
689 2917 818 2950 propter
831 2905 891 2940 hos
903 2907 1035 2950 quidam
1049 2916 1148 2941 omne

258 2959 421 2994 charisma
433 2957 596 2992 habebant
609 2959 789 3002 suspestum
803 2981 814 2996 ,
841 2957 945 2991 immo
966 2957 1001 2991 δε
1024 2958 1144 3000 sperne·

257 3009 357 3047 bant.
384 3010 478 3042 Hinc
506 3009 581 3042 διδ.
595 3008 716 3042 Paulus
742 3008 820 3042 διδ.
832 3006 971 3049 Ioannes
992 3006 1147 3049 jusserunt

262 3060 424 3104 Spiritum
437 3067 505 3092 non
519 3058 708 3104 exstingui,
735 3057 788 3092 sed
803 3057 945 3100 probari,
973 3057 1006 3090 ὃ(
1021 3057 1146 3090 bonum
1157 3090 1164 3096 ,

258 3110 393 3145 retIneri
405 3134 413 3141 .
443 3109 487 3143 Et
499 3107 538 3141 ad
551 3107 615 3143 hoc
624 3107 755 3152 juvabat
763 3107 852 3141 aliud
863 3104 1023 3141 charisma
1035 3120 1047 3140 .·
1076 3107 1147 3142 Do·

260 3171 342 3194 num
368 3159 574 3193 discretionis
598 3159 796 3202 spirituum.
827 3157 871 3192 Et
893 3155 977 3191 istud
998 3167 1067 3191 non
1092 3154 1146 3189 ha·

262 3206 416 3245 b‘entibus
430 3207 583 3252 Apostoli
595 3210 736 3243 fixerunt
748 3207 825 3242 alias
835 3206 1040 3242 discernendi
1053 3216 1144 3250 regu-

260 3259 328 3295 las.
355 3257 523 3294 Laudatus
542 3256 583 3292 ad
606 3255 929 3297 Timotheumlocus
941 3254 1052 3289 laudat
1073 3254 1146 3291 cha-

261 3307 358 3343 risma
384 3306 559 3352 prophetia
570 3332 578 3340 .
604 3308 662 3343 Ob
672 3310 847 3353 grassantes
862 3318 905 3342 ex
916 3316 995 3340 tunc
1012 3304 1144 3342 haereses

263 3355 424 3403 dejectum
433 3359 468 3392 ἀ
479 3358 691 3403 cespitantem
713 3356 1052 3396 Timotheianimum
1063 3356 1143 3393 sola—

1217 1656 1299 1690 stola
1312 1669 1323 1689 .·
1351 1661 1374 1690 Δ
1394 1662 1524 1691 veritate
1544 1659 1722 1691 exciderunt
1735 1683 1745 1699 ‚
1771 1659 1900 1691 dieentes
1917 1655 2111 1700 resurrefflov·
2129 1641 2208 1683 Εἶθ’
2217 1650 2252 1674 ¹·

1218 1716 1286 1739 nem
1307 1706 1359 1749 effe
1369 1708 1440 1747 jam
1453 1706 1593 1749 saetam.
1622 1708 1817 1751 Exponitin
1831 1705 1923 1740 istius
1942 1706 2010 1742 loci
2021 1716 2112 1752 oom—
2154 1730 2159 1742 ι
2204 1746 2212 1754 .

1216 1756 1378 1791 mentatio
1390 1756 1651 1792 Theodoretus-.·
1677 1757 1882 1797 Succeffioness
1906 1767 1976 1799 quae
1992 1764 2053 1799 per
2074 1757 2111 1790 1³-

1217 1807 1349 1840 bemum
1357 1814 1591 1848 procreationem
1601 1807 1697 1850 fiunt,
1727 1807 1861 1849 infelices
1869 1804 2111 1850 resurredionm

1216 1857 1463 1897 appellaverunt.
1494 1857 1601 1890 Aliter
1625 1858 1756 1890 sanetus
1771 1856 1967 1892 Primanus.-
1991 1854 2111 1898 Restm*

1214 1905 1367 1939 neironem
1372 1913 1488 1946 ponunt
1507 1911 1540 1938 in
1547 1905 1622 1946 filiis
1633 1930 1643 1946 ,
1665 1903 1728 1946 five
1735 1911 1768 1937 in
1779 1911 1905 1946 anima,
1932 1917 2000 1940 cum
2021 1907 2043 1938 2
2058 1908 2110 1948 v!-

1213 1960 1270 1988 tiis
1292 1953 1418 1998 resurgit
1434 1979 1442 1987 .
1478 1955 1633 1989 Nostram
1658 1954 1927 1998 justificationem
1949 1956 2108 1990 dixerunt

1213 2006 1278 2038 efle
1296 2005 1441 2038 nostram
1464 2005 1730 2037 resurreetione-m
1754 2027 1763 2038 .
1801 2004 1880 2039 Hoc
1905 2005 2106 2049 postremum

1214 2053 1419 2096 Hymenaeus
1445 2052 1479 2086 ὅ(
1492 2050 1643 2086 Philetus
1655 2051 1805 2086 videntur
1817 2053 1958 2086 omnino
1969 2055 2107 2088 senfiffe.

1214 2103 1259 2137 Et
1269 2102 1517 2147 justificatiozest
1537 2100 1681 2137 omnino
1694 2102 1885 2137 resurrefflo
1899 2125 1907 2135 .
1934 2102 1984 2136 lta
2003 2102 2108 2146 ipsam

1214 2153 1379 2197 appellant
1398 2164 1466 2187 non
1480 2152 1693 2187 solummodo
1703 2150 1875 2196 Prophetae
1889 2153 1924 2187 ἀ
1935 2151 2107 2196 Apostoli'.

1213 2204 1267 2238 sed
1294 2204 1336 2238 δε
1357 2203 1426 2247 ipse
1447 2202 1682 2248 inEvangelio
1701 2202 1885 2237 Dominus.
1913 2201 2040 2237 Verum
2056 2202 2106 2237 est

1214 2254 1315 2298 prima
1326 2278 1338 2294 ,
1365 2264 1435 2288 non
1451 2253 1592 2289 secunda
1614 2253 1800 2287 resurreetio
1813 2277 1821 2285 .
1847 2251 1958 2296 Hujus
1969 2251 2105 2297 negatio

1214 2305 1290 2339 fuit.
1304 2304 1440 2339 istorum
1452 2303 1572 2339 haerefis
1583 2328 1590 2337 .
1617 2303 1730 2349 Qare
1750 2303 1883 2338 sanstus
1896 2303 2038 2345 Joannes
2049 2301 2106 2336 A.-

1213 2354 1383 2398 potiolus,
1408 2363 1620 2397 quaecumque
1644 2355 1678 2387 in
1701 2354 1757 2387 sua
1769 2353 1967 2397 Apocalypsi
1990 2352 2103 2388 scribit

1211 2404 1254 2436 de
1266 2403 1389 2445 duplici
1401 2405 1633 2437 resurreetione
1646 2427 1658 2443 ,
1683 2403 1856 2437 videturin
1877 2404 1964 2447 ipsos
1982 2402 2102 2437 scribe-

1212 2456 1245 2486 re
1261 2476 1267 2483 .
1298 2452 1433 2486 Etenim
1445 2464 1514 2486 non
1525 2451 1593 2486 sine
1604 2452 1697 2485 causa
1718 2454 1884 2496 utriusque
1901 2452 2100 2487 resurreetio-

1212 2502 1265 2536 nis
1290 2502 1464 2537 discrimen
1486 2500 1569 2536 adeo
1593 2501 1750 2536 instanter
1770 2502 1914 2536 inculcat
1930 2527 1939 2535 .
1969 2501 2099 2537 Etista

1212 2552 1355 2588 omnino
1382 2553 1447 2587 fuit
1469 2553 1569 2587 etiam
1590 2552 1748 2586 sententia
1759 2550 2098 2592 Valentinianorum,

1211 2603 1253 2637 de
1277 2602 1396 2646 quibus
1423 2603 1459 2637 in
1471 2601 1557 2637 libro
1579 2601 1620 2636 de
1631 2602 1861 2636 resurrectione
1872 2601 1982 2636 noster
1991 2603 2098 2645 Septi«

1212 2653 1297 2687 mius
1322 2665 1330 2686 :

1211 2765 1269 2787 non
1290 2763 1391 2788 samen
1409 2752 1525 2797 semper
1544 2776 1556 2793 ,
1581 2749 1816 2796 resurreelionsm
1841 2764 1955 2796 quoque
1974 2762 2099 2787 mortae·

1210 2816 1277 2838 rum
1290 2828 1300 2844 ,
1327 2803 1483 2846 manifeste
1503 2807 1719 2837 annuntiatam
1741 2827 1753 2844 ,
1777 2809 1811 2837 in
1831 2808 2045 2848 imaginariam
2056 2802 2096 2846 fi-

1206 2854 1426 2899 gnificationem
1439 2855 1634 2896 detorquent,
1659 2851 1860 2896 affeverames
1885 2854 1982 2897 ipsam
2002 2859 2097 2889 etiam

1208 2914 1329 2938 mortem
1348 2903 1530 2947 spiritaliter
1550 2905 1777 2946 intelligendam
1789 2927 1798 2937 .
1826 2908 1901 2937 Non
1919 2909 1999 2938 enim
2017 2903 2096 2937 bane
2113 2922 2115 2925 ⁴

1211 2955 1260 2998 effe
1273 2957 1307 2987 in
1319 2966 1390 2989 vero
1400 2977 1411 2994 ‚
1435 2952 1548 2996 quaefit
1559 2960 1592 2987 in
1603 2955 1698 2987 medio
1712 2978 1723 2996 ,
1748 2953 1908 2998 discidium
1925 2958 2024 2989 earnis
2048 2958 2094 2987 ὀο-

1207 3017 1263 3048 que
1273 3004 1384 3039 ana'mae
1399 3029 1411 3045 ,
1430 3002 1490 3048 sed
1500 3010 1702 3048 ignorantiam
1720 3007 1800 3047 Dei,
1821 3012 1877 3047 per
1899 3015 1990 3048 quam
2007 3002 2093 3034 bom

1208 3064 1339 3089 mortuus
1354 3058 1415 3089 Deo
1424 3078 1436 3095 ,
1462 3066 1521 3090 non
1531 3056 1632 3088 mimis
1645 3061 1678 3088 in
1686 3065 1782 3088 errore
1785 3057 1914 3097 jacuerit
1922 3075 1933 3093 2
1957 3053 2048 3094 quim
2057 3055 2092 3084 3²¹

1201 3104 1372 3149 sepulchro.
1399 3109 1505 3148 ltaque
1531 3107 1566 3139 ό·
1586 3104 1826 3148 resurreHionem
1847 3114 1913 3138 eam
1933 3102 2091 3137 vindican-

1205 3157 1276 3189 dam
1289 3179 1300 3195 ,
1324 3167 1385 3199 qua
1396 3160 1467 3199 quis
1483 3154 1589 3189 habita
1604 3161 1733 3190 veritate
1755 3157 1959 3190 redanimatus
1985 3153 2020 3185 ὁ·
2038 3163 2089 3186 re-

1204 3207 1380 3248 vivificatus
1399 3209 1460 3239 Deo
1478 3229 1493 3246 .,
1517 3211 1697 3250 ignorantiae
1715 3213 1805 3238 morte
1827 3202 1949 3247 discuffa
1966 3224 1980 3242 ,
2005 3202 2090 3236 velut

1203 3258 1242 3290 de
1250 3255 1407 3299 sepulchro
1426 3261 1538 3290 veteris
1549 3256 1676 3289 hominis
1689 3258 1836 3296 eruperit.
1863 3254 1948 3296 ,Quia
1973 3252 2007 3284 (¹5
2027 3254 2089 3285 Do-

1204 3312 1301 3340 minus
1313 3307 1431 3341 scribas
1444 3318 1479 3340 ac
1492 3305 1661 3350 Pharisaeos
1666 3302 1829 3348 sepulchris
1838 3301 1987 3336 dealbatis
1997 3303 2089 3336 adae⁴
2149 3341 2155 3347 .

1205 3361 1347 3400 quaeerit
1355 3379 1370 3392 „
1396 3357 1523 3393 Exinde
1532 3359 1599 3399 ergo
1610 3351 1847 3398 resurredionem
1851 3351 1915 3394 fide
1923 3351 2090 3395 consecutos

1974 3412 2038 3438 cum

1369 2653 1468 2686 Nat‘lt
1489 2654 1614 2696 quidam
1634 2650 1872 2695 solemmffimam
1898 2653 2004 2695 eloquit
2025 2654 2098 2687 Pro·
2114 2658 2252 2706 <hp-*¹9-

1187 2706 1189 2709 ‘
1209 2703 1321 2746 phetict'
1337 2702 1470 2745 formam
1498 2726 1510 2743 ,
1534 2703 1679 2746 allegorici
1704 2704 1738 2736 (τ
1756 2703 1884 2747 figurati
1899 2702 2099 2746 plerumque,
