2346 3724
169 3375 241 3415 Cap⁴
254 3384 297 3405 21.

820 172 1643 220 CarrrtsXL.
1960 188 2053 234 305

585 355 1440 445 CAPUT
1613 353 1844 439 XL.

506 635 511 642 s
581 547 928 633 Diabolus
985 541 1272 631 Divina
1330 542 1690 624 aemulatus
1747 543 1847 622 ess}

1031 661 1382 766 mysteria.

462 845 532 896 Ed
566 849 772 915 quaeritur
809 882 823 908 ,
868 845 896 896 ὲ
931 864 1024 914 quo
1057 845 1300 894 intellectus
1338 847 1644 894 intervertatur
1688 860 1838 893 eorum
1877 877 1890 902 ,
1943 859 2041 910 quae
2076 841 2135 892 ad

497 916 670 968 haereses
705 915 919 968 faciant?
952 923 996 966 A
1031 913 1230 965 Diabolo
1265 914 1432 965 scilicet
1455 952 1469 976 ,
1515 919 1637 980 cujus
1671 913 1768 963 sunt
1803 927 1949 981 partes
1998 916 2135 964 inter-

497 987 696 1039 vertendi
719 991 946 1037 veritatem
966 1022 980 1046 ‚
1016 986 1097 1052 qui
1133 984 1245 1053 ipsas
1278 1003 1459 1053 quoque
1495 1002 1561 1034 res
1590 989 1966 1034 Sacramentorum
2003 987 2134 1033 Divi-

496 1076 651 1106 norum
674 1094 689 1117 ,
726 1061 771 1105 in
809 1056 1029 1105 Idolorum
1065 1055 1285 1122 mysteriis
1320 1057 1575 1107 aemulatur.
1612 1056 1768 1119 Tingit
1804 1060 1849 1105 &
1883 1052 1974 1122 ipse
2008 1052 2137 1122 quos-

296 1124 401 1175 dam
429 1145 442 1174 ε
479 1127 653 1195 Utique
689 1125 912 1177 credentes
948 1131 991 1176 &
1025 1124 1175 1176 fideles
1210 1124 1306 1174 suos
1343 1163 1356 1175 .
1404 1128 1712 1194 Expiationem
1746 1125 1803 1174 de
1838 1128 2036 1174 Lavacro
2070 1140 2139 1173 re-

298 1199 524 1265 promittit
557 1233 570 1245 .
617 1202 676 1245 Et
711 1197 743 1245 si
777 1196 919 1246 adhuc
954 1198 1102 1246 initiat
1137 1197 1313 1245 Mithrae
1336 1233 1350 1257 ,
1384 1196 1523 1260 signat
1560 1195 1652 1243 illic
1688 1197 1735 1243 in
1770 1193 1988 1243 frontibus
2023 1196 2140 1243 mili-

300 1285 369 1316 tes
405 1265 500 1315 suos
523 1302 537 1315 .
586 1266 795 1317 Celebrat
830 1272 872 1316 ὅτ.
909 1269 1034 1335 panis
1069 1266 1338 1317 oblationem
1370 1303 1383 1316 .
1433 1270 1492 1315 Et
1530 1267 1781 1328 imaginem·
1821 1262 2139 1314 resurrectionis

302 1335 477 1387 inducit
511 1372 526 1384 .
576 1342 633 1387 Et
671 1337 749 1386 sub
782 1337 932 1402 gladio
965 1336 1143 1387 redimit
1181 1354 1348 1387 corona
1373 1372 1387 1384 .
1441 1335 1611 1404 Qid{
1660 1334 1794 1402 Qod
1844 1339 1888 1383 δε
1924 1333 2140 1384 summum

302 1406 571 1458 Pontificem
607 1410 654 1456 in
690 1409 785 1456 unis
821 1411 987 1476 nuptiis
1023 1406 1173 1458 statuit
1202 1407 1221 1456 ἒ
1258 1406 1405 1456 Habet
1439 1409 1482 1454 &
1506 1407 1697 1468 virgines
1721 1441 1734 1465 ,
1779 1404 1911 1453 habet
1947 1409 1990 1453 δι
2018 1409 2142 1454 Con-

299 1479 495 1526 tinentes
523 1514 535 1525 .
587 1478 808 1526 Caeterurn
859 1478 891 1526 fi
927 1481 1086 1527 Numae
1131 1479 1340 1545 Pompilii
1364 1526 1368 1533 ,
1392 1475 1715 1544 superstitiones
1758 1475 2033 1525 revolvamus
2059 1512 2073 1536 ,
2110 1475 2144 1524 fi

304 1545 598 1597 Sacerdotalia
633 1546 782 1596 officia
807 1583 821 1608 ,
871 1547 1054 1611 infignia
1086 1552 1130 1597 &
1166 1548 1395 1615 privilegia
1418 1582 1432 1607 ,
1485 1544 1803 1594 s1·sacrificalia
1845 1544 2145 1608 ministeriaess,

302 1622 345 1666 &
373 1617 657 1667 instrumenta
689 1621 732 1666 &
759 1615 861 1668 vasa
893 1617 1082 1685 ipsorum
1110 1615 1413 1667 sacrificiorum
1437 1652 1451 1677 ,
1486 1632 1538 1665 ac
1562 1616 1833 1684 piaculorum
1868 1619 1912 1664 δε
1938 1631 2147 1666 votorum

304 1686 577 1736 curiofitates
605 1685 926 1738 confideremus
948 1724 962 1748 ‚
996 1704 1145 1738 nonne
1171 1685 1396 1739 manifeste
1421 1686 1639 1736 Diabolus
1677 1686 1975 1736 morositatem
2022 1687 2148 1734 illam

295 1755 495 1823 Judaicae
521 1759 629 1820 legis
658 1760 857 1807 imitatus
884 1758 946 1808 est
973 1756 994 1805 ?
1031 1760 1126 1830 Qii
1158 1757 1265 1821 ergo
1289 1755 1400 1825 ipsas
1427 1774 1518 1816 res,
1553 1756 1609 1805 de
1636 1756 1799 1822 quibus
1828 1761 2150 1804 sacramentam

304 1826 469 1876 Christi
494 1826 848 1875 administrantur
870 1863 884 1886 ,
928 1843 1020 1876 tam
1047 1828 1296 1876 aemulanter
1335 1825 1556 1874 affe&avit
1596 1828 1839 1893 exprimere
1875 1826 1922 1873 in
1960 1827 2152 1889 negotiis

303 1895 572 1947 Idololatriae
596 1932 610 1956 ,
646 1897 801 1962 utique
827 1901 879 1968 ⁹&
907 1895 1024 1945 idem
1061 1901 1105 1946 &
1134 1896 1291 1948 eodem
1314 1897 1493 1959 ingenio
1517 1894 1664 1958 gestiit
1695 1931 1708 1955 ,
1743 1900 1787 1944 &
1822 1898 1970 1962 potuit
1997 1895 2151 1945 instru-

304 1983 457 2017 menta
482 1983 663 2032 quoque
694 1968 962 2014 Divinarum
989 1984 1134 2014 rerum
1169 1972 1213 2014 &
1242 1971 1492 2014 Sanffitorum
1519 1964 1863 2013 Christianorum
1890 2001 1903 2024 ,
1940 1963 2150 2014 sensum-2

305 2036 365 2085 de
392 2033 579 2082 sensibus
604 2069 618 2094 ,
653 2032 786 2083 verba
811 2031 867 2083 de
891 2033 1035 2083 verbis
1062 2070 1076 2094 ,
1112 2034 1341 2102 parabolas
1366 2034 1421 2082 de
1446 2032 1689 2102 parabolis,
1726 2033 1916 2100 profanae
1950 2039 1993 2084 δε
2016 2052 2149 2084 aemu-

305 2107 359 2155 1ae
381 2103 484 2153 fidei
515 2119 804 2171 attemperare
831 2110 847 2152 .’
896 2107 955 2153 Et
980 2102 1084 2153 ideo
1110 2122 1253 2172 neque
1280 2103 1306 2154 a
1334 2105 1533 2154 Diabolo
1569 2103 1753 2153 immiffa
1778 2102 1859 2154 effe
1894 2107 2148 2173 Spiritualia

305 2176 537 2242 Nequitiae
565 2211 580 2233 ,
616 2190 669 2223 ex
693 2173 853 2240 quibus
880 2170 1016 2224 etiam
1044 2173 1217 2224 haereses
1242 2177 1422 2225 veniunt
1447 2212 1461 2235 ,
1495 2173 1696 2224 dubitare
1734 2178 1835 2243 quis
1860 2174 1992 2231 debet
2021 2213 2035 2238 ,
2073 2194 2146 2226 ne-

307 2264 396 2313 que
425 2243 482 2294 ab
510 2243 765 2293 Idololatria
789 2244 944 2294 distare
970 2243 1145 2294 haereses
1173 2282 1186 2306 ,
1222 2263 1360 2313 quum
1395 2249 1439 2295 &
1460 2248 1644 2295 autkoris
1679 2249 1722 2295 δε
1762 2248 1907 2314 operis
1952 2245 2144 2312 ejusdcm

310 2318 394 2366 {int
415 2351 429 2376 ,
465 2318 586 2380 cujus
620 2313 943 2364 &Idololatria
965 2351 983 2362 .
1031 2319 1179 2365 Deum
1218 2331 1293 2364 aut
1329 2315 1499 2379 fingunt
1534 2317 1672 2365 alium
1709 2314 1917 2366 adversus
1953 2319 2141 2368 Creato-

311 2405 403 2437 rem
428 2404 441 2434 :
478 2392 573 2435 Aut
598 2384 631 2433 fi
655 2388 832 2434 unicum
858 2390 1112 2435 Creatorem
1135 2385 1400 2435 confitentur
1421 2422 1435 2445 ,
1472 2387 1598 2435 aliter
1625 2404 1723 2437 eum
1763 2384 1967 2446 differunt
2005 2387 2141 2455 quam

300 2460 358 2511 >in
387 2472 489 2504 vero
511 2454 575 2504 est
595 2490 610 2502 .
664 2459 821 2521 Itaque
845 2473 977 2504 omne
1004 2454 1306 2518 mendacium,
1341 2454 1463 2524 quod
1488 2455 1544 2507 de
1570 2461 1672 2508 Deo
1702 2455 1855 2508 dicunt
1879 2495 1893 2521 ,
1930 2457 2143 2526 quodam-

311 2526 447 2578 modo
472 2541 608 2590 genus
631 2525 693 2574 est
718 2525 1004 2575 Idololatriae.

1266 2705 1412 2746 Athenis,
1443 2707 1613 2748 Melampus
1634 2708 1722 2749 Argis
1746 2730 1758 2746 ‚
1782 2709 1963 2749 Trophonius
1989 2710 2143 2750 Βαναία,

1264 2755 1485 2792 minationibus
1506 2755 1639 2789 bomlnes
1660 2755 1868 2799 obligaverunt
1892 2782 1899 2789 .
1927 2758 1970 2791 Et
1994 2758 2030 2792 in
2053 2757 2140 2793 libro

1262 2805 1303 2839 de
1315 2805 1506 2848 Baptismo,
1532 2804 1708 2848 postquam
1729 2805 1835 2839 nostra
1855 2806 2063 2843 Sacramenta
2074 2809 2138 2843 effe

1264 2855 1334 2888 solo
1358 2855 1473 2890 effe-{iu
1493 2855 1668 2898 magnifica
1693 2878 1705 2894 ,
1731 2856 1802 2888 abiu
1829 2867 1938 2892 autern
1959 2857 2136 2902 fimplicia,

1257 2905 1485 2949 sineapparatu
1501 2928 1512 2945 ‚
1538 2906 1605 2938 fine
1630 2915 1749 2948 pompa
1764 2929 1776 2945 ,
1798 2907 1867 2941 fine
1886 2910 2016 2951 sumptu
2040 2908 2137 2943 dixis-

1258 2956 1325 2996 set,
1350 2955 1573 2999 prosequitur:
1601 2956 1750 2995 Mentior,
1770 2954 1863 2997 [ἵησι
1886 2959 2056 2992 econtrario
2068 2961 2147 2992 Mo»

427 3002 612 3038 AEretieam
626 3003 783 3039 sacrarum
795 3003 1079 3043 Litterarum&
1087 3003 1194 3048 quoad
1255 3006 1350 3039 lorum
1372 3006 1519 3040 Solemnia
1541 3007 1593 3038 vel
1613 3009 1727 3037 Arcana
1749 3006 1785 3039 de
1805 3005 1936 3052 suggestu
1958 3010 2133 3051 &appara-
2154 2997 2228 3036 Cap.
2245 3005 2293 3029 ²¹·

450 3064 602 3093 textum,
629 3055 681 3088 seu
703 3054 812 3096 quoad
835 3054 980 3093 sensum,
1000 3053 1195 3098 interpolari·
1257 3065 1312 3098 tu,
1340 3057 1435 3099 deque
1441 3055 1563 3099 sumptu
1573 3054 1664 3097 fidem
1685 3056 1719 3088 (9
1731 3056 1942 3092 authoritatem
1955 3057 2011 3100 fibi
2032 3067 2132 3093 extru-

316 3109 432 3142 darum
453 3106 643 3150 nequitiam„
658 3104 720 3138 effe
740 3103 903 3144 Diaboli,
929 3103 1054 3137 Divina
1075 3105 1196 3149 semper
1255 3114 1326 3139 unt.
1354 3106 1403 3141 Ita
1415 3105 1580 3141 Diabolus
1591 3107 1645 3140 sua
1658 3105 1793 3141 Divinis
1813 3109 1989 3143 ostentavit
1999 3108 2136 3154 dignio-v

317 3152 536 3196 aemulantis'‚
561 3157 595 3190 ἀ
618 3155 771 3188 conantis
785 3154 972 3191 subvertere
994 3177 1006 3193 ‚
1029 3156 1192 3198 proprium
1255 3167 1288 3191 ra
1305 3180 1313 3189 .
1338 3155 1397 3191 Eis
1415 3156 1512 3191 fuisse
1524 3156 1627 3189 varias
1651 3155 1828 3191 hominum
1849 3159 2130 3201 consecrationes,

316 3219 401 3252 opus
417 3232 430 3248 ,
454 3206 597 3242 ostendit
608 3205 736 3239 Dotior
745 3215 786 3238 ex
798 3205 894 3238 fimili
906 3204 976 3246 ejus
988 3205 1122 3241 versutia
1134 3206 1193 3240 cir·
1255 3217 1333 3251 quas
1345 3207 1363 3241 ὲ
1376 3206 1474 3242 nobis
1488 3204 1612 3240 irrideri
1626 3207 1745 3243 ferebat
1759 3207 1981 3255 indigniffime
1991 3234 2003 3249 ‚
2028 3210 2133 3245 immo

316 3269 355 3291 ca
367 3258 492 3292 Divina
506 3268 572 3291 non
584 3254 713 3299 Moysis
735 3254 988 3295 tantummodo,
1016 3254 1068 3288 sed
1090 3255 1192 3299 &11:1-
1255 3267 1334 3301 quas
1352 3257 1385 3291 &
1399 3256 1516 3291 nostris
1534 3256 1568 3290 &
1582 3256 1723 3299 judaicis
1733 3258 1795 3292 effe
1812 3256 1920 3298 multo
1930 3260 2134 3303 antiquiores

317 3307 380 3342 SU
393 3307 517 3343 Christi
541 3307 770 3346 Sacramenta,
793 3304 965 3349 dequibus
984 3304 1094 3339 scribit
1108 3305 1191 3339 iuli·
1255 3307 1418 3343 clamabat
1443 3306 1546 3341 homo
1570 3307 1705 3350 gentilis
1734 3307 1967 3353 Longinianus
1986 3334 1997 3350 ,
2024 3310 2135 3346 scribit

309 3355 378 3391 ‘bro
414 3357 638 3403 Apologetico
661 3367 670 3388 :
707 3354 841 3399 orpheus
878 3356 988 3389 Pien'ae
1022 3377 1037 3397 ‚
1061 3354 1191 3399 Msaeus
1254 3358 1354 3393 etiam
1369 3358 1403 3395 in
1417 3357 1531 3397 litteris
1541 3357 1580 3392 ad
1593 3357 1799 3403 Deo-gratias
1809 3358 2037 3402 Presbyterum
2061 3361 2138 3396 san-

359 3424 366 3431 =
2021 3411 2089 3446 &us

498 2707 1011 2754 Senotron.

473 2870 516 2923 ,A
549 2862 712 2912 Diabolo
734 2860 884 2930 scilicet
906 2898 921 2923 ‚
954 2867 1046 2910 (ατ.

2155 3189 2227 3227 Cap.
2241 3196 2269 3217 ι.
