2346 3724
346 233 414 265 ctus
427 257 437 271 ‚
468 227 651 264 Abominatio
661 229 867 274 a'efiolamnfs.
1107 228 1181 262 ibid.

294 281 535 316 Comefferatio
547 279 778 326 hospitalitatis
791 278 1055 314 Christianorum
1066 281 1100 315 in
1116 291 1183 323 quo

342 333 401 366 fita
412 334 511 367 fuerit
526 334 543 365 ,Ρ
556 343 665 379 2051.
695 330 842 375 Qando
854 329 1009 364 defecerit
1021 332 1038 362 ,ἲ
1065 341 1144 377 207.
1160 342 1179 364 i.

286 396 290 401 ’
343 383 567 416 Contefferare
582 382 660 423 quid
673 380 857 423 fignificet?
1060 386 1140 428 296.
1153 393 1183 417 2·

290 432 493 478 Corrigendi
517 433 615 465 etiarn
638 429 852 472 Imperatores
877 454 884 460 .
911 433 966 473 67.
993 441 1025 465 2.
1053 435 1086 464 52
1108 442 1184 464 nunc

285 496 288 500 ·
342 487 426 517 Deus
439 485 566 524 aliquem
587 479 765 521 Ambrosium
781 478 939 523 suscitaret
954 504 966 522 ‚
991 486 1083 514 etiam
1094 481 1183 515 Theo-

281 540 284 542 '
341 532 432 575 dofius
445 543 503 565 non
504 529 639 574 deeffet.
1082 529 1136 568 68.
1153 542 1180 567 1.

284 585 440 619 Cuiiales
451 593 520 615 non
533 582 610 614 sunt
622 580 825 615 ordinandi
1058 592 1134 630 353.
1153 593 1180 617 1.

289 633 467 669 Curiolitas
479 643 625 676 quaenam
640 629 828 674 culpanda?
1009 643 1088 668 120.
1107 644 1133 668 1.
1150 644 1181 668 2.

283 686 435 719 Curtuca
449 682 638 719 Ennianus,
664 682 737 725 quis
749 682 870 715 fuerit?
899 692 976 729 359.
990 694 1007 715 ι.
1035 682 1103 715 Cur
1116 682 1179 716 hoc

338 745 461 767 nomen
474 731 666 767 attributum
681 732 922 766 Valentiniano
934 733 1071 766 Defieri
1084 733 1096 765 ?
1107 732 1179 765 ibid.

285 783 476 829 Cyprianus
495 794 537 816 au
560 780 810 817 Anti-Christus
830 782 847 815 ὲ
871 783 989 816 Sancto
1013 782 1179 826 Stephano

278 848 283 853 ·
337 834 495 868 vocatus?
521 833 575 881 67.
595 845 624 869 2.
651 831 1054 873 AffirmatFirmilianus,
1077 832 1177 868 sedin

334 883 478 918 dicendo
490 882 640 916 liberior.
853 898 856 902 ’
1104 884 1176 917 ibid.

285 935 473 978 Cyprianus
485 943 600 968 contra
615 933 846 992 Apostolicum
861 934 1038 969 Canonem
1058 933 1076 969 ὲ
1088 934 1177 969 Neo·
1212 975 1214 978 Ι
1251 938 1253 940 ’

289 999 293 1002 ·
335 984 444 1028 phyto
455 994 626 1027 promotus
651 985 685 1017 in
700 984 920 1028 Episcopum.
934 997 1000 1033 ·.72
1019 996 1045 1021 1.
1076 983 1130 1032 87.
1145 996 1176 1022 2

332 1035 412 1069 Fuit
436 1033 578 1078 primurn
603 1034 716 1069 similis
727 1035 950 1105 promotionis
967 1036 1172 1083 exemplum

331 1086 407 1119 ibid.

284 1136 475 1181 Cyprianus
490 1136 557 1171 Dei
571 1135 696 1180 judicio
710 1134 934 1181 Neophytus
926 1148 960 1170 in
975 1137 1174 1181 Episcopum

271 1199 275 1204 ·
333 1187 473 1221 elefius.
1050 1198 1163 1235 3521

280 1239 312 1272 S.
327 1238 513 1279 Cyprianus
525 1238 653 1281 Optato
666 1213 884 1272 Douoratuin
898 1237 1061 1272 contulit.
1079 1250 1137 1286 47
1133 1250 1172 1274 2-

275 1287 403 1331 Cyrilli
417 1287 636 1321 Alexandrini
659 1299 734 1320 cum
748 1288 876 1330 Joanne
887 1287 1105 1322 Antiocheno
1128 1287 1172 1321 di-

329 1336 454 1370 scordia
471 1335 620 1369 Ecclefiae
631 1337 754 1370 summe
775 1338 899 1371 noxia
1078 1337 1133 1384 69
1146 1349 1174 1372 2

273 1383 430 1431 Cyrilli
424 1384 535 1427 iniqua
548 1385 721 1420 damnatio
735 1387 752 1420 ὲ
767 1386 897 1429 Ioanne
902 1385 1093 1422 Patriarcha
1109 1390 1174 1421 An-

328 1433 629 1482 tiochen0.72.1.
654 1436 735 1470 Earn
750 1438 845 1471 timet
859 1438 1030 1482 quousque
1042 1448 1097 1481 per
1109 1437 1179 1471 Ro-

271 1502 273 1505 ·
328 1497 438 1523 manae
449 1486 599 1532 Ecclesiae
610 1487 754 1532 Legatos
765 1487 973 1523 absolvatur.
1098 1478 1172 1521 ibi).

708 1589 745 1622 D

382 1690 480 1726 Aniel
495 1687 658 1733 Propheta
677 1681 854 1725 vocabatur
867 1692 966 1726 etiam
980 1689 1172 1725 Balthazar.

407 1752 483 1789 307.
504 1754 531 1777 1.
551 1741 641 1774 ·Non
657 1741 720 1775 fuit
742 1741 853 1775 missus
868 1742 900 1775 in
916 1742 1084 1776 fornacem
1098 1750 1172 1774 cum

270 1801 272 1804 ’
329 1792 401 1824 aliis
414 1793 517 1824 tribus
531 1791 656 1832 pueris,
684 1801 725 1822 ne
747 1801 877 1833 propter
890 1793 955 1825 Dei
978 1790 1177 1826 Balthazaris
1206 1785 1209 1791 “

328 1851 451 1874 nomen
466 1838 600 1883 repressa
616 1837 683 1870 vi's'
677 1839 764 1882 ignis
779 1841 982 1872 censeiQetur
1102 1841 1172 1872 ibid.

269 1890 486 1926 ·Deiunita's.
750 1896 827 1928 117
840 1899 872 1922 2.
898 1887 978 1923 ·.118
996 1900 1029 1924 1
1051 1900 1126 1936 132
1141 1901 1170 1925 2

266 1940 467 1973 ‘Demetrias
493 1936 586 1981 virgo
623 1935 813 1970 consecrata
839 1947 883 1968 ex
922 1935 1175 1982 eminentiffima

330 1989 529 2022 Aniciorum
553 1986 696 2020 familia.
1071 1995 1127 2031 44
1142 1998 1171 2021 2.

265 2038 463 2082 ‘Depofitum.
492 2036 586 2085 Qid
612 2037 648 2070 fit
676 2035 761 2079 apud
789 2035 1022 2078 Apostolum?
1049 2033 1174 2072 228.1.

328 2090 411 2124 Non
425 2091 468 2123 est
482 2088 586 2133 gratia
599 2087 736 2129 Spiritus
748 2086 857 2120 Sanffi
870 2086 945 2120 data
969 2096 1025 2128 per
1048 2086 1175 2119 ordina-

328 2141 458 2174 tionem
473 2163 484 2180 ,
512 2136 566 2172 sed
593 2136 858 2181 Evangelicum‚
881 2147 918 2169 ac
942 2136 1177 2179 Apostolicum

329 2190 472 2235 dogma.
501 2188 617 2224 ibid.2.
645 2187 803 2221 Fideliter
828 2186 1083 2221 custodiendum
1107 2186 1176 2226 est,

265 2242 270 2245 ”
329 2253 438 2285 neque
457 2238 591 2284 passim,
618 2246 674 2271 aut
699 2235 934 2272 inconsiderate
947 2236 1176 2272 administran-

331 2292 434 2327 dum.
1049 2297 1129 2334 229-
1150 2299 1177 2323 1-

280 2343 395 2377 Deum
417 2341 544 2375 bonum
571 2338 679 2373 timeri
702 2340 789 2383 poffe
810 2349 934 2384 negant
946 2337 1175 2373 Marcionitas.

360 2395 383 2427 6
413 2403 465 2429 .2.

281 2402 377 2476 Deiis
389 2402 523 2486 {picari
537 2452 648 2484 expers
659 2441 769 2475 omnis
782 2439 835 2473 irae
848 2464 858 2479 ,
870 2439 903 2473 δε
914 2439 1059 2483 justitiae.
1074 2448 1178 2486 370.1.

282 2493 375 2528 Deus
389 2493 434 2526 est
448 2492 662 2535 omnipotens
675 2515 684 2531 ‚
712 2502 781 2524 non
794 2489 901 2523 solum
924 2491 1096 2533 quousque
1108 2488 1179 2522 Pla·

336 2542 443 2576 tonici
468 2543 608 2582 volunt,
635 2541 687 2575 sed
713 2541 882 2585 quousque
904 2539 1087 2573 Christiani
1109 2550 1179 2572 cre-

273 2600 275 2602 ’
335 2591 438 2626 dunt.
1077 2600 1130 2634 70.
1151 2600 1180 2625 2.

287 2643 383 2677 Deus
397 2643 514 2686 igneus
532 2642 672 2683 Apellis.
1070 2646 1181 2684 113.2.

287 2692 380 2727 Deus
394 2702 463 2724 non
487 2690 554 2723 sola
569 2690 721 2723 bonitate
735 2689 886 2731 constat,
915 2688 968 2723 sed
982 2689 1182 2723 vindicativa

337 2739 599 2783 etiamJustitia.
1057 2748 1180 2786 3701.

288 2793 383 2827 Deus
405 2800 574 2833 tamquam
597 2787 721 2831 justus,
747 2786 920 2834 legitime,
945 2801 984 2823 ac
1006 2787 1125 2822 merito
1147 2788 1186 2824 ti

341 2852 465 2876 metur.
1057 2838 1138 2885 369.
1150 2849 1185 2873 2..

293 2897 376 2929 Deus
403 2892 482 2925 und?
505 2892 518 2924 ?
544 2888 650 2925 Stulta
676 2887 993 2925 Valentinianorum
1027 2889 1181 2933 quaestio.

347 2955 387 2979 11
447 2953 476 2978 1

291 2954 476 3029 Diabglus
473 2990 598 3026 Divina
610 2989 957 3035 aemulaturmysteria.
971 3000 1048 3038 305
1073 2987 1185 3051 &seq

376 3054 475 3080 12-1-

292 3054 487 3134 Dia3bolus
513 3103 579 3137 quo
591 3092 705 3128 sensu
694 3105 712 3126 a
722 3090 859 3127 Christo
869 3091 1024 3126 Domino
1041 3089 1185 3136 ligatus

342 3151 386 3180 12.
400 3154 432 3178 2.
461 3143 553 3178 Ante
575 3143 717 3178 Domini
731 3143 885 3175 incarne
905 3141 1083 3175 adventurn
1095 3140 1184 3175 non-

343 3195 424 3228 dum
444 3195 535 3228 suam
556 3193 872 3228 condemnationem
893 3202 952 3236 pro
967 3200 1059 3226 certo
1075 3202 1182 3240 nove·

343 3254 410 3278 rat.
1107 3240 1180 3273 ibid.

284 3291 454 3339 3Diaconae
467 3291 545 3337 quid
556 3294 635 3328 fint
630 3295 646 3318 Ρ
672 3292 753 3328 Non
771 3294 846 3327 sunt
858 3292 976 3327 Sanffi-
979 3291 1183 3325 Monialium

295 3359 298 3362 ·
345 3342 538 3378 Abbatiffae
571 3343 623 3381 18-
643 3355 673 3380 1·
699 3343 915 3392 Qandoque
935 3341 1090 3376 dicuntur
1112 3342 1184 3375 reli-

344 3391 430 3424 stae'a
444 3393 606 3428 Diaconis
617 3393 745 3428 viduae-
789 3410 794 3417 ³
1085 3389 1139 3428 18·
1151 3403 1182 3428 2·

286 3443 459 3477 ‘vincam
481 3441 582 3477 Olim
607 3442 809 3488 significabat
828 3451 930 3481 omne
947 3443 1075 3478 sacrum
1088 3441 1186 3477 mini-

885 145 1158 189 INDEX
1228 140 1553 196 RERUM,

1295 227 1428 262 sterium
1442 251 1453 268 ,
1479 228 1580 262 etiam
1606 227 1862 272 Episcopatum,
1888 243 1926 274 ae
1950 227 2131 277 Apostola-

1295 287 1381 312 turn.
2026 285 2082 321 26.
2101 297 2128 322 1.

1244 326 1389 362 Diaconi
1402 340 1471 363 non
1485 337 1637 372 poterant
1650 329 1756 363 sedere
1780 330 1815 363 in
1829 330 1915 365 sacro
1924 332 2105 370 Tribunali
2117 361 2131 377 ‚

1295 379 1347 413 sed
1358 377 1528 414 dumtaxat
1543 380 1577 413 in
1593 379 1783 414 Diaconico
1796 404 1803 411 .
2023 384 2079 422 28.
2099 398 2130 422 1.

1242 429 1435 465 Diaconissa
1459 442 1529 464 non
1551 429 1665 466 debuit
1686 432 1749 465 effe
1762 430 1932 476 sexaginta
1949 443 2128 472 annorum.

1293 482 1347 515 26·
1369 492 1403 517 1·

1243 529 1432 565 Diaconiffa
1447 542 1516 565 non
1541 541 1667 575 poterat
1688 531 1797 567 sedere
1819 532 1854 567 in
1867 532 1955 568 sacro
1965 532 2130 573 Tribuna-

1291 579 1337 619 li,
1364 580 1415 615 sed
1429 582 1601 617 dumtaxat
1613 582 1764 617 inservire
1777 609 1785 615 .
2008 586 2080 621 ibid.
2094 601 2126 626 2.

1243 630 1508 666 Diaconiffarum
1529 630 1697 667 ordinatio
1721 646 1790 668 non
1816 635 1862 670 est
1888 645 2002 669 verum
2024 637 2129 673 Sacra-

1290 691 1511 716 cramentum.
1541 693 1642 729 25.1·
1669 680 1839 729 Bogomili
1862 685 1949 720 circa
1969 684 2035 720 hoc
2046 698 2131 722 erro-

1290 741 1356 764 rem
1370 731 1648 767 Montanistarum
1660 736 1918 778 resumpserunt.
2055 737 2131 771 ibid.

1241 782 1695 827 Diaconiffae&Pr-esbyterae
1706 784 1882 819 distinctae.
1911 783 1963 822 18
1977 797 2008 823 2·
2029 796 2085 834 25.
2098 795 2129 824 2

1289 832 1323 865 &
1337 832 1398 876 seq.

1240 883 1438 918 Diaconiffae
1461 895 1529 918 non
1546 885 1621 919 sunt
1647 896 1700 929 per
1712 885 1915 921 Laodicense
1937 886 2132 922 Concilium

1287 932 1470 977 abrogatae.
1499 933 1595 971 26-2.
1622 935 1755 980 Semper
1765 946 1945 980 potuerunt
1957 938 2019 971 effe
2034 937 2133 983 virgi‘-

1287 994 1353 1016 nes.
1365 994 1416 1021 20.
1432 996 1458 1020 1.
1482 984 1577 1018 Hinc
1598 995 1672 1021 toto
1695 986 1779 1021 coelo
1799 987 1928 1022 diversae
1947 988 1965 1021 a
1979 988 2073 1022 sacris
2085 989 2133 1022 vi·

1246 1037 1251 1039 ’
1287 1033 1380 1067 duis.
1407 1044 1468 1071 21-
1483 1049 1502 1067 ι.
1530 1035 1690 1083 Qaedam
1714 1037 1867 1072 Ecclesiae
1891 1037 2044 1072 videntur
2067 1038 2134 1073 ele-

1289 1083 1368 1128 gisse
1380 1084 1463 1117 solas
1478 1084 1625 1130 virgines
1637 1111 1644 1118 .
1759 1115 1767 1122 ,
2053 1087 2127 1121 ibid.

1241 1133 1477 1167 Diaconorum
1491 1134 1624 1168 audacia
1649 1137 1833 1171 volentium
1860 1138 2036 1172 sacrificare
2059 1162 2071 1177 ‚
2095 1139 2129 1172 δε

1288 1182 1564 1218 sacramentalem
1593 1184 1923 1221 Reconciliationem
1949 1196 2132 1222 attentare.

1287 1243 1341 1280 27.
1357 1245 1390 1270 2.
1504 1239 1508 1245 “

1240 1284 1419 1318 Dialestica
1445 1295 1513 1319 non
1536 1285 1582 1320 est
1604 1283 1654 1320 ars
1672 1286 1758 1320 mala
1779 1310 1791 1326 ,
1816 1285 1871 1320 sed
1896 1286 2002 1320 virtus
2023 1286 2132 1322 &do-·-

1287 1344 1367 1367 num
1382 1334 1467 1368 Dei.
1500 1347 1576 1382 117.
1592 1346 1620 1372 1.
1653 1336 1735 1370 Non
1747 1336 1831 1370 solus
1843 1335 1990 1377 Paulus,
2015 1337 2070 1371 sed
2096 1339 2132 1372 &

1288 1384 1356 1428 ipse
1367 1382 1517 1418 Christus
1528 1385 1708 1421 Dialectica
1722 1388 1817 1420 usus.
2008 1387 2080 1420 ibid.
2098 1398 2132 1424 2.

1239 1433 1424 1489 Dialesticae
1443 1435 1562 1470 abusus
1583 1437 1652 1471 fuse
1677 1447 1808 1471 notatus
1831 1461 1838 1469 .
1865 1448 1921 1483 115.
1948 1448 1980 1472 2
2007 1437 2042 1471 &
2066 1439 2130 1480 seq.

1255 1484 1437 1531 Quinam
1461 1487 1517 1520 illa
1541 1482 1625 1520 abusi
1657 1487 1727 1519 ibid.
1756 1487 1838 1520 Non
1864 1486 1963 1521 habet
1988 1487 2053 1521 vim
2079 1484 2134 1520 ad-

1231 1544 1238 1583 ·,
1276 1533 1454 1576 struendi,
1468 1536 1674 1571 sedstudium
1688 1536 1897 1571 destruendi.
1914 1547 1989 1584 117
2009 1548 2038 1572 1·
2055 1536 2134 1581 Epi-

1289 1584 1414 1628 phanio
1426 1587 1531 1621 difla-
1525 1613 1532 1620 .
1563 1592 1653 1621 Vmes
1666 1587 1828 1627 Aristotelis
1843 1613 1851 1620 .
2054 1587 2133 1620 ibid.

1236 1635 1265 1669 S.
1278 1636 1459 1680 Dionysius
1471 1638 1597 1671 Dostor
1608 1649 1735 1673 creatus
1755 1638 1774 1672 a
1785 1639 1813 1672 S·
1826 1637 2024 1678 Clemente,
2051 1635 2134 1671 dum

1288 1686 1322 1719 in
1335 1686 1462 1721 Gallias
1478 1688 1658 1731 Apostolus
1671 1689 1879 1722 mitteretur.
2040 1697 2097 1734 45.
2111 1693 2136 1720 i.

1237 1736 1400 1785 Discipuli
1416 1737 1560 1772 Domini
1576 1739 1647 1783 plus
1664 1740 1760 1783 quam
1774 1737 2001 1784 septuaginta
2028 1736 2088 1774 18«.
2102 1748 2134 1774 1·

1239 1787 1485 1830 Discipulorum
1500 1789 1642 1823 Domini
1660 1798 1721 1822 tres
1733 1789 1884 1824 ordines.
2059 1787 2134 1820 ibid

1238 1837 1411 1871 Discordia
1440 1839 1524 1872 inter
1536 1839 1731 1874 Catholicos
1745 1838 1838 1872 valde
1851 1839 1970 1872 nociva
1984 1834 2135 1870 Catholi-

1285 1887 1352 1919 cis.
2031 1886 2052 1921 6
2102 1897 2132 1922 1-

1238 1933 1394 1976 Dispositio
1418 1939 1563 1972 Divina,
1589 1934 1804 1967 Tertulliano
1827 1934 1874 1968 est
1897 1936 2022 1970 creatio
2035 1897 2132 1979 hgjus

1291 1980 1429 2014 mundi.
2011 1995 2089 2032 104
2098 1998 2131 2023 2-

1240 2029 1441 2064 Dostoratus
1460 2030 1546 2074 apud
1569 2029 1748 2064 Armenios
1775 2032 1939 2074 praefertur
1961 2030 2136 2077 Episcopa-

1290 2081 1358 2114 tui.
1385 2083 1481 2125 46.1.
1514 2080 1570 2114 Est
1593 2080 1862 2120 sublimissimus,
1896 2092 1934 2115 ac
1957 2080 2030 2115 vere
2044 2082 2136 2126 Apo·

1289 2131 1423 2165 stolicus
1434 2130 1554 2176 gradus
1567 2156 1573 2163 .
1585 2130 1658 2164 ibid.
1672 2143 1703 2165 2.
1729 2131 1906 2166 Proximus
1917 2131 2032 2176 gradui
2045 2132 2138 2167 Mar-

1291 2191 1404 2224 tyrum
1428 2207 1436 2215 .
1473 2182 1549 2216 ibid.
1575 2182 1658 2216 Non
1680 2181 1726 2216 est
1752 2182 1866 2215 leviter
1892 2182 2135 2218 conferendust

1290 2241 1314 2277 4
1341 2257 1346 2263 .
1364 2243 1400 2268 α..

1242 2244 1441 2317 Docioratus
1467 2283 1532 2317 fuit
1568 2282 1740 2326 primitivae
1766 2282 1917 2317 Eeclefiae
1944 2280 2125 2318 Charisma.

1294 2341 1371 2379 153.
1388 2344 1415 2369 1.
1446 2333 1528 2367 Non
1542 2334 1606 2367 fuit
1618 2334 1653 2366 in
1666 2333 1807 2367 Ecclesia
1820 2342 2026 2376 perpetuum.
2055 2333 2129 2369 ibid.

1291 2382 1476 2429 Qomodo
1491 2384 1664 2432 Ecclesiam
1673 2384 1848 2418 deseruerit
1863 2386 1875 2418 ?
1901 2384 1975 2417 ibid.
1990 2395 2019 2421 2·
2037 2384 2135 2419 Fide-

1292 2433 1374 2466 lium
1397 2433 1630 2478 ambiguitates
1647 2459 1659 2475 ,
1686 2434 1720 2467 ὃς
1743 2433 1937 2477 quaestiones
1961 2435 2135 2469 referendae

1292 2482 1334 2516 ad
1354 2483 1510 2527 pacificos
1523 2508 1533 2524 ,
1560 2485 1594 2518 ὅ(
1618 2483 1770 2528 probatos
1798 2485 1834 2518 in
1848 2484 1991 2519 Ecclesia
2007 2486 2135 2519 Dosto-

1294 2544 1342 2567 res
1359 2558 1366 2566 .
2055 2534 2131 2567 ibid.

1244 2583 1424 2618 Dostorem
1433 2609 1444 2625 ‚
1470 2585 1505 2619 &
1519 2584 1686 2620 Pastorem
1699 2582 1876 2619 confundit
1887 2581 2009 2616 Paulus
2019 2582 2055 2617 in
2067 2584 2134 2628 epi-

1293 2634 1376 2667 stola
1395 2635 1437 2667 ad
1457 2634 1631 2678 Ephesios.
1659 2644 1759 2681 45-1·
1785 2629 2006 2677 Distinguunt
2020 2643 2133 2668 tamen

1293 2683 1377 2717 Asta
1392 2684 1640 2728 Apostolorum.
1653 2686 1725 2718 ibid.
1752 2683 1876 2719 Paulus
1891 2681 1999 2727 primo
2009 2693 2135 2719 creatus

1293 2733 1445 2775 Decior‘,
1473 2734 1550 2768 inde
1566 2735 1765 2778 Episcopus.
2056 2733 2135 2768 ibid.

1244 2785 1405 2819 Dostores
1416 2784 1458 2818 ab
1469 2783 1639 2828 Episcopis
1652 2785 1799 2819 distincti
1809 2809 1816 2817 .
1828 2784 1905 2819 iba'd.
1933 2782 2035 2829 Apud
2046 2784 2137 2818 Grae·

1292 2846 1350 2869 cos
1375 2834 1560 2868 Monachi.
1587 2845 1686 2882 47.1.
1712 2830 1810 2870 Olim
1832 2834 1932 2870 creari
1955 2845 2024 2870 non
2045 2843 2138 2879 pote·

1293 2896 1365 2920 rant
1385 2884 1452 2919 fine
1472 2885 1562 2919 Cleri
1585 2885 1742 2930 suffragio
1771 2912 1779 2918 .
1810 2885 1885 2919 ibid.
1912 2895 1943 2921 2.
1982 2885 2135 2920 Dofioris

1293 2935 1495 2971 creationem
1513 2934 1571 2970 sibi
1584 2936 1756 2971 reservavit
1770 2935 1917 2979 Julianus
1931 2937 2134 2979 Imperator:

1294 2987 1368 3020 ibid.
1395 2985 1540 3021 Volebat
1551 2983 1759 3021 Christianos
1770 2985 1812 3020 ab
1824 2986 1917 3020 omni
1928 2986 2136 3026 Doaoram,

1277 3038 1329 3071 ¹&
1358 3036 1491 3080 publica
1518 3036 1698 3071 litterarum
1724 3037 1920 3080 profeffione
1945 3032 2135 3071 excludere·

1295 3087 1367 3121 ibid.
1382 3086 1465 3122 Alio
1480 3086 1546 3121 fine
1561 3086 1711 3122 eamdem
1731 3087 1839 3155 legem
1852 3084 2011 3131 approbat
2023 3085 2134 3120 Theo-

1295 3137 1401 3172 dosius
1413 3134 1621 3181 Imperator.
1675 3148 1677 3151 ’
2047 3128 2131 3167 ³51⁴·

1245 3188 1409 3223 Dostores
1434 3188 1584 3232 proxime
1610 3188 1765 3233 assumpti
1804 3186 1847 3223 ad
1873 3179 2131 3222 patriarchatum

1295 3237 1588 3273 Alexandrinum.
2023 3231 2079 3278 46
2099 3229 2127 3267 1

1246 3290 1408 3324 Doctores
1431 3288 1547 3324 Simon
1561 3289 1691 3335 Niger,
1715 3288 1843 3324 Lucius
1861 3282 2071 3328 cyrenensis,
2094 3281 2131 3316 31

1295 3337 1468 3374 Manahen
1479 3339 1625 3374 Herodis
1636 3340 1741 3384 Regis
1751 3338 1982 3374 collastaneus.
2026 3341 2081 3378 44.
2094 3340 2129 3364 2.

1245 3389 1449 3423 Douoribus
1460 3390 1607 3426 abundat
1617 3388 1730 3425 schola
1741 3383 1968 3420 Aiexandrina
1978 3381 1996 3416 a
2008 3381 2129 3417 Saneto

1296 3439 1415 3475 Marco
1425 3441 1545 3474 cresta-
2028 3441 2087 3477 45
2080 3439 2130 3467 --1

2006 3482 2080 3518 Do-
