2346 3724
675 113 720 193 C
772 162 819 214 ‘A
887 154 922 191 r?
979 146 1002 190 1'
1067 146 1104 193 'r‘
1163 150 1202 190 1³
1251 156 1270 188 s
1340 143 1553 187 ·XXX.

190 228 264 276 ficut
281 235 414 266 Marcion
424 254 436 271 ‚
460 239 551 272 neque
576 231 608 262 in
615 227 781 273 substantia
799 235 863 264 veri
873 232 1001 271 corporis
1015 251 1027 268 ‚
1052 235 1086 260 ut

198 287 230 315 E
233 282 400 327 vangelium
410 281 491 313 docet
502 303 514 320 ,
536 278 593 322 sed
603 282 634 313 eo
644 283 724 323 quod
734 282 752 315 ἑ
773 278 775 280 ’
837 279 965 314 rioribus
985 278 1087 322 parti-

196 333 254 366 bus
267 331 450 376 descenderet
459 354 471 370 ,
497 328 559 373 ipso
576 328 710 374 descensu
721 356 732 372 ‚
830 335 891 364 iam
897 327 954 371 fibi
966 338 1083 361 carnem

197 384 233 417 ὦ·
245 387 356 416 aeriam
366 381 537 423 contexuiffe
552 406 559 414 .
585 384 714 416 Huncin
724 379 944 424 Resurrec‘lione
957 378 1083 422 fingulis

198 430 355 475 quibusque
365 434 515 465 elementis
526 455 537 470 ‚
562 441 628 473 quae
652 435 685 464 in
707 429 841 475 defiensu
862 428 913 473 suo
947 437 1085 462 mutuata

192 481 316 525 futffent
330 505 341 521 ,
370 486 402 514 in
415 479 556 523 adscensu
567 482 725 524 reddidiffe
735 495 747 514 :
772 483 816 515 Et
820 477 858 521 fic
873 477 1008 521 disperfis
1021 484 1085 522 qui-

197 530 369 574 buscumque
388 528 442 573 sui
463 536 596 573 corporis·
610 532 774 573 partibus,
804 536 836 562 in
858 531 925 562 coelo
936 532 1086 571 Spiritum

198 581 506 624 SanHumreddidiffe
523 606 529 612 .
557 585 612 615 Hic
624 587 721 615 carnis
732 579 979 623 Resurreblionem
991 588 1085 624 negat.

198 632 263 663 Solo
273 637 368 664 utitur
397 633 431 664 (θ’
446 632 572 673 apostolo
584 656 594 671 ‚
615 630 672 674 sed
681 635 843 664 Marcionis
860 655 871 671 ‚
897 631 932 664 id
945 630 981 670 est
994 655 1005 671 ,
1030 633 1087 664 non

199 689 260 715 toto
271 705 278 712 .
306 684 480 714 Animarum
487 680 619 724 solarum
632 682 705 714 dicit
709 679 839 724 salutem
851 705 858 712 .

248 730 394 765 Proinde
407 732 529 775 primus
539 731 695 766 articulus
707 754 718 770 ,
743 731 777 764 in
789 742 856 775 quo
879 724 1097 768 Marcionem,

198 782 378 821 correxit,
394 781 457 816 fuit
470 792 572 816 unum
595 783 735 824 primum
758 780 980 824 Principium.
1007 780 1089 813 Duo

200 831 383 865 Marcionis
404 832 567 866 contraria
581 832 745 875 Principia
756 830 889 874 Apelles
916 830 1089 864 refutavit.

199 879 281 923 Ejus
295 881 390 914 Seu-sa
402 882 537 925 exponit
557 882 596 914 -in
621 881 754 915 laudato
767 879 899 914 Eusebii
920 881 997 914 loco
1007 881 1086 915 San·

199 933 270 964 Rus
283 930 453 965 Rhodon:
465 954 468 958 «
481 932 595 972 Apella
606 940 697 963 unum
709 934 895 972 Principium
898 930 1017 971 fatetur
1028 933 1088 972 quit

200 982 270 1013 dem
284 1005 295 1021 ,
316 978 374 1022 sed
394 980 572 1022 Prophetias
598 980 709 1021 nostras
734 992 773 1014 ex
793 982 908 1022 Spiritu
925 984 1089 1017 contrario,

199 1032 236 1063 (tt
244 1029 299 1070 fibi
309 1039 489 1074 repugnante
498 1032 598 1063 editas
608 1030 769 1070 constanter
789 1031 932 1071 affeverat
947 1053 955 1060 .
984 1029 1028 1063 Et
1041 1029 1089 1062 in·

197 1081 249 1113 fra
262 1093 274 1112 .-
301 1084 409 1120 Opim'o
433 1080 473 1113 de
494 1082 580 1116 Deo,
608 1090 675 1121 quae
686 1079 726 1118 ‘est
757 1081 872 1111 omnino
882 1079 1030 1119 certtfflmae
1055 1090 1090 1113 ac

194 1128 377 1170 ·apertffma
390 1152 408 1167 ,.
426 1128 466 1161 ab
477 1128 577 1170 Apelle
585 1129 631 1161 ad
638 1140 706 1163 eum
717 1131 832 1162 modum
841 1129 991 1170 statuitur
1002 1154 1011 1162 .
1038 1133 1089 1162 Ait

197 1177 351 1220 unum'effi·
369 1181 580 1220 Principium,
599 1178 673 1220 ficut
699 1180 732 1212 (zi
754 1180 850 1219 nostra
872 1188 971 1213 tuetur
982 1178 1088 1214 doeri-

194 1239 267 1262 κα..
286 1227 332 1260 Et
353 1227 496 1262 iterum:
524 1231 603 1261 Cum
614 1240 664 1272 ego
685 1229 821 1262 dicebam
845 1231 888 1262 ad
899 1231 1003 1269 illum,
1030 1232 1088 1263 Dic

189 1276 284 1311 &tobis
295 1276 521 1320 quaeso‘Apelles
535 1303 546 1318 ‚
573 1282 652 1312 unde
661 1278 716 1319 ista
727 1279 792 1311 ⁴tilii
814 1278 959 1323 suppetat
969 1281 1090 1314 demon-

193 1327 300 1368 stratio
312 1351 323 1367 ‚
348 1337 400 1360 aut
425 1333 477 1369 qui
488 1329 582 1369 rpoffie
604 1339 696 1363 unum
715 1330 863 1370 affirmare
876 1331 1089 1371 Principium?

197 1376 364 1420 Respondit
385 1377 456 1416 ille,
482 1377 659 1419 Prophetias
679 1377 803 1421 seinter
828 1378 913 1422 ipsas
932 1378 1064 1420 refellere
1077 1404 1087 1420 ‚

197 1429 403 1469 &propterea
411 1426 614 1461 nihilomnino
633 1430 705 1462 vere
714 1429 887 1471 praedixiffe
897 1453 904 1461 .
934 1433 1032 1463 Nam*
1043 1422 1089 1463 di-

196 1476 360 1518 screpant,
384 1480 513 1517 inquit-,¹
532 1483 611 1510 inter
627 1475 662 1518 se
673 1501 683 1517 ,
709 1483 916 1511 commentitiae
931 1477 1006 1520 sunt
1018 1481 1101 1518 31&

194 1523 251 1567 fibi
261 1523 329 1566 ipsis
342 1532 511 1569 repugnant
522 1539 531 1558 ·.
563 1527 668 1560 Verum
680 1537 736 1568 quo
742 1526 834 1571 pablo
845 1537 938 1560 unum
942 1526 982 1568 fit
994 1531 1102 1565 Prin-2

190 1579 310 1617 cipium
319 1598 331 1614 ‚
351 1573 387 1617 se
397 1578 532 1619 ignorare
546 1575 708 1617 fatebatur
721 1601 733 1617 ,
759 1578 859 1611 &vita
880 1578 975 1611 dicere
995 1575 1103 1620 filiam·

190 1623 355 1669 'suaeipst'us
366 1626 642 1661 animundufflone
664 1633 837 1662 commotum
849 1652 856 1660 .
886 1628 1007 1661 Deinde
1028 1636 1092 1660 cam

197 1685 252 1718 ego
256 1672 458 1715 jurejurando
479 1675 518 1708 ab
541 1686 573 1710 eo
591 1670 813 1720 extorquerem,
830 1682 877 1710 lut
890 1687 996 1711 verum
1016 1678 1102 1711 dice-'

199 1733 272 1764 ret,
292 1721 397 1766 [ande
419 1725 571 1765 dejmvit
589 1724 625 1768 se
647 1728 898 1762 ‘uerum‘dieerei¹
914 1731 1048 1769 “Nempe
1061 1725 1103 1771 seg

199 1775 320 1807 omnino
333 1772 443 1817 nefhire
452 1796 463 1813 ‚
482 1785 541 1817 qua
553 1782 667 1809 ratione
674 1783 753 1810 unus
760 1771 917 1823 essetDeus
927 1773 1101 1820 ingenitus}
1127 1778 1129 1782 ⁴

198 1824 281 1861 illud
288 1829 463 1858 tamen-ita
470 1825 523 1867 effe
536 1823 575 1868 <se
595 1827 825 1870 crederet-*Ego
833 1825 989 1869 subridens
1009 1827 1100 1860 illum
1127 1820 1130 1835 ²

192 1875 342 1908 'levitatis
351 1875 418 1907 ided
429 1872 589 1917 arguebam
599 1900 610 1916 ,
637 1875 721 1917 quod
731 1885 798 1908 cam
814 1874 850 1919 -se
867 1875 1020 1915 DoHorem
1039 1876 1092 1917 fa·

196 1933 330 1964 teretur,
355 1922 480 1966 nesi-iret
499 1933 602 1958 tamen
627 1923 797 1958 doa‘lrinam
819 1927 841 1959 ἃ
860 1924 896 1969 se
915 1924 1092 1968 propositam

198 1980 317 2008 ratione
339 1972 517 2016 defendere.
542 1975 633 2009 Inter
655 1973 868 2008 fundamenta
884 1997 896 2013 ‚
919 1987 960 2009 ex
972 1976 1092 2022 quibus

197 2024 356 2057 Marcion
379 2024 542 2057 fabulatus
562 2023 615 2055 :est
628 2022 696 2056 duo
707 2022 871 2066 Principia
884 2046 895 2064 ,
921 2023 984 2058 fuit
999 2025 1091 2058 Novi

198 2072 234 2106 ὃ(
245 2071 393 2114 Antiqui
400 2071 610 2105 Testamenti
622 2071 748 2106 credita
770 2071 814 2106 ab
825 2071 894 2116 ipso
912 2073 1093 2109 contrarie»

198 2131 252 2156 tas
271 2134 278 2154 :
309 2120 510 2165 Evangelica
535 2132 573 2155 ac
583 2120 775 2164 Apostolica
788 2122 956 2168 Dogmata
967 2117 1092 2159 censuit

201 2169 364 2217 legalibus
389 2182 428 2204 ac
437 2169 645 2214 Propheticis
655 2172 869 2212 contrariari,
893 2173 1031 2218 ideoque
1054 2175 1092 2209 il-

194 2223 235 2256 la
252 2232 293 2255 ex
306 2220 373 2256 alio
385 2221 463 2255 Deo
474 2223 678 2265 promanasse
689 2245 696 2254 .
727 2222 821 2257 Hinc
836 2222 1009 2268 Apellem·‚
1034 2225 1092 2268 qui

200 2269 395 2315 prophetias
419 2270 532 2305 dicens
566 2270 752 2316 Evangelio
788 2273 947 2308 adversari
976 2280 1102 2308 funum'

196 2320 409 2363 ‘Principium
432 2320 587 2361 doceret,
617 2322 751 2356 San-stus
776 2322 927 2357 Rhodon
955 2325 1091 2358 credidit

199 2371 260 2404 fibi
288 2371 344 2414 ipsi
371 2372 539 2415 refragari.
565 2371 611 2404 Et
636 2370 780 2405 merito.
810 2373 968 2406 Attamen
996 2374 1090 2407 istam

199 2421 439 2454 Marcionensis
459 2420 615 2454 dossrinae
635 2421 822 2464 portionem
850 2421 985 2463 Apelles
1009 2422 1091 2456 adeo

202 2467 579 2514 pertinaciterretinuit,
603 2480 641 2504 ut
665 2470 780 2504 scribat
802 2471 962 2506 Eusebius
983 2468 1092 2506 Caesa-

202 2520 318 2554 reenfis
331 2535 340 2553 :
368 2518 420 2559 iste
432 2521 543 2562 Apelles
568 2519 689 2561 infinita
696 2520 810 2562 probra
827 2531 930 2555 contra
951 2522 1040 2555 libros
1053 2524 1092 2556 le-

1861 159 1954 205 251

1144 228 1236 261 alium
1243 226 1392 269 produxit
1405 229 1516 259 Deum.
1550 224 1592 257 Ab
1603 224 1654 259 hoc
1665 228 1802 270 universa
1813 233 1932 264 condita
1938 229 2028 274 sunt:

1144 280 1258 312 coelum
1292 277 1428 310 videlicet
1453 288 1491 309 ac
1514 284 1617 316 terra,
1644 285 1808 317 caeteraque
1833 292 1899 321 quae
1921 287 1951 314 in
1976 281 2028 314 hoe

1146 329 1255 362 mundo
1265 333 1408 361 cernimus
1420 352 1426 359 .
1453 326 1574 359 sedhic
1584 327 1705 359 minime
1715 326 1807 358 bonus
1821 328 1910 368 evaſse
1920 354 1930 369 ‚
1953 334 1999 370 eju
1998 329 2029 373 s-

1147 389 1203 421 que
1221 386 1307 420 operae
1328 383 1427 410 omnia
1451 388 1509 410 non
1526 375 1694 418 benefalla
1706 400 1717 416 ‚
1744 387 1779 409 ac
1786 384 1841 418 pro
1860 378 1940 409 mala
1951 381 2029 413 illius·

1147 426 1328 470 mentesani
1350 427 1390 460 ab
1413 428 1463 460 illo
1477 426 1650 468 fabricata.
1682 427 1728 460 Ee
1753 428 1788 460 in
1804 425 2030 464 haereticorum

1147 479 1299 522 catalogo
1320 477 1455 511 Sanetus
1474 477 1704 521 Augustinus:
1733 477 1850 519 Apelles
1873 478 1948 509 duos
1968 482 2031 518 qut-

1147 531 1215 563 dem
1235 529 1391 562 introducit
1418 531 1519 567 Deos,
1545 538 1636 560 unum
1657 527 1786 568 bonum,
1813 528 1940 561 alterum
1968 538 2032 559 ma-

1149 581 1210 612 lum
1220 603 1231 618 ,
1258 589 1315 611 non
1326 581 1468 611 tamenin
1481 576 1589 610 duabu:
1600 576 1726 618 diversis
1738 587 1828 624 atque
1840 583 1919 610 inter
1933 574 1957 619 s
1953 588 1967 610 e
1977 577 2032 610 ad-

1148 628 1238 669 verfis
1265 628 1314 671 esse
1342 630 1503 669 Principiis
1527 650 1538 666 ,
1557 625 1617 669 sed
1640 638 1730 659 unum
1749 628 1802 669 effe
1826 627 2033 668 Principium.

1149 683 1244 712 Deum
1253 677 1364 722 scilicet
1374 678 1479 711 bonum
1489 700 1499 716 ,
1508 679 1542 710 (ν
1552 678 1590 709 ab
1599 678 1649 709 illo
1651 676 1773 718 fao‘lum
1785 678 1914 711 alterum
1931 702 1938 709 .
1966 679 2035 720 ‚Qui

1149 741 1214 762 cum
1234 730 1382 773 malignus
1403 729 1490 772 esset,
1518 732 1660 761 inventus
1673 727 1710 764 est
1727 732 1760 759 in
1776 725 1833 769 sua
1842 728 2033 769 malignitate

1150 781 1291 812 mundum
1297 779 1396 822 fecisse
1408 803 1415 810 .
1443 778 1486 811 Et
1497 778 1627 812 Sanctus
1649 776 1856 810 Philastrius:
1885 777 2001 818 Apelles
2013 777 2035 807 ἃ

1131 864 1133 866 μ
1151 828 1323 872 quibusdam
1334 834 1539 873 interrogatus,
1550 838 1679 869 quonam
1692 828 1776 860 modo
1786 828 1821 860 de
1827 827 1889 868 fide
1896 825 2035 869 sentiret,

1150 878 1300 922 respondit
1313 904 1324 920 ‚
1350 884 1422 913 Non
1433 878 1506 912 mibi
1517 879 1588 920 opus
1600 877 1636 918 est
1648 876 1759 920 discere
1771 880 1790 910 ἃ
1802 881 1952 913 Marcione
1964 900 1975 916 ,
2001 884 2037 909 ut

1152 933 1208 963 duo
1217 933 1371 973 Principia
1383 931 1506 974 afferam
1516 938 1669 963 coaeterna.
1697 930 1762 972 Ego
1769 933 1847 961 enim
1854 939 1943 961 unum
1951 932 2039 968 prin-

1152 986 1258 1022 cipium
1270 983 1320 1024 effe
1326 982 1459 1023 pradico
1466 1006 1477 1023 ‚
1492 991 1581 1023 quem
1595 983 1690 1012 Deum
1701 977 1831 1022 *cognosco
1844 1003 1851 1010 .
1880 980 1944 1021 ,Qui
1959 981 2040 1011 Deus

1145 1030 1221 1072 fecit
1234 1033 1357 1075 Angelos
1368 1057 1375 1064 .
1406 1036 1491 1064 Fecit
1504 1036 1593 1064 etiam
1605 1030 1732 1062 alteram
1754 1033 1902 1062 Virtutem
1914 1053 1924 1068 ‚
1951 1037 2038 1070 quem

1130 1120 1133 1121 ⁷
1154 1084 1248 1114 Deum
1255 1081 1315 1124 scio
1325 1082 1377 1124 effe
1381 1079 1542 1123 secundum
1552 1105 1562 1120 ,
1574 1085 1623 1122 qui
1634 1081 1668 1113 (ν
1678 1083 1781 1112 Virtus
1797 1083 1854 1112 Dei
1865 1078 1904 1118 est
1915 1102 1926 1118 ‚
1937 1084 1986 1119 qui
1989 1076 2041 1118 fe»

1132 1169 1133 1172 Ἴ
1150 1137 1191 1163 cit
1201 1131 1284 1163 illum
1293 1155 1300 1163 .
1329 1135 1385 1163 Hic
1395 1140 1495 1163 autem
1507 1133 1587 1163 Deus
1599 1153 1610 1169 ‚
1622 1129 1752 1171 qutfecit
1761 1130 1921 1166 mundum,
1933 1138 1990 1160 non
2000 1124 2040 1167 est

1152 1181 1245 1213 bonus
1255 1205 1264 1220 ,
1281 1173 1520 1222 utssille'quifecit
1530 1180 1628 1212 illum.
1655 1178 1809 1225 SubJ'ec‘Ius
1819 1178 1858 1216 est
1868 1187 1967 1210 autem
1980 1180 2041 1209 Deo

1152 1232 1197 1264 illi
1207 1254 1217 1271 ‚
1229 1232 1249 1262 ἂ
1259 1229 1471 1272 quovffflue
1484 1229 1522 1268 est
1532 1228 1582 1268 iste
1589 1252 1600 1269 ,
1614 1233 1665 1270 qui
1679 1228 1712 1260 Θ
1721 1233 1818 1266 nutui,
1828 1228 1862 1260 (a
1868 1228 1994 1267 juffioni,
2007 1227 2042 1259 ἐν

1155 1283 1318 1322 Praeceptis
1324 1288 1416 1322 paret
1429 1273 1510 1312 illius·⁴
1522 1285 1555 1311 in
1564 1277 1699 1311 omnibus
1707 1301 1714 1309 .
1743 1278 1837 1318 Cujus
1850 1281 1954 1310 Ariani
1965 1285 2042 1310 nunc

1152 1329 1296 1373 consortes
1300 1329 1374 1373 sunt
1381 1338 1471 1372 atque
1475 1328 1665 1370 fautoresffic
1671 1329 1871 1369 pradicantes
1879 1324 2045 1370 atquesi'n—

1153 1385 1261 1413 tientes
1273 1404 1280 1412 .
1310 1379 1465 1413 Marcion
1478 1389 1558 1422 ergo
1569 1389 1637 1411 non
1649 1378 1819 1411 dumtaxat
1835 1377 1917 1410 duos
1928 1377 2020 1410 Deos
2030 1398 2045 1415 ,

1153 1430 1207 1464 sed
1219 1430 1320 1464 etiam
1330 1428 1561 1474 du'oingenita
1573 1427 1741 1469 Principia
1753 1427 1868 1461 docuit
1879 1439 1888 1468 3
1914 1425 2046 1468 Apelles

1153 1487 1262 1514 autem
1275 1481 1360 1513 duos
1368 1479 1484 1519 Deos,
1501 1487 1534 1511 at
1549 1488 1651 1511 unum
1666 1476 1868 1520 Principium
1879 1501 1886 1508 .
1915 1475 2046 1509 Docuit

1152 1523 1450 1567 Deuminfefitutn,
1459 1529 1492 1560 ὃ(
1504 1528 1615 1560 Deum
1627 1526 1756 1560 fastum.
1786 1526 1830 1558 Et
1844 1526 1878 1558 in
1891 1523 1954 1557 hoc
1966 1536 2047 1559 con-

1155 1577 1245 1612 venit
1268 1587 1345 1611 cum
1371 1577 1509 1611 Arianis
1523 1602 1529 1609 .
1559 1576 1646 1610 Cum
1670 1574 1722 1608 his
1743 1575 1842 1609 etiarn
1854 1574 1968 1609 docuit
1989 1584 2046 1618 per

1153 1628 1264 1662 Deum
1275 1629 1393 1663 facium
1415 1627 1479 1661 effe
1490 1628 1573 1661 faita
1587 1625 1650 1660 alia
1662 1625 1776 1658 omnia
1787 1650 1794 1657 .
1822 1626 1868 1660 At
1892 1624 1957 1669 ipse
1967 1635 2046 1660 eum

1157 1678 1281 1712 malum
1294 1683 1323 1718 ‚''
1333 1677 1452 1711 Ariani
1465 1676 1619 1710 dixerunt
1627 1676 1757 1709 bonum
1771 1700 1779 1707 .
1807 1676 1851 1709 Et
1873 1674 1952 1709 hinc
1968 1685 2047 1710 eum

1127 1770 1129 1774 Ι
1154 1728 1328 1762 Marcione
1350 1727 1435 1761 istud
1466 1728 1602 1760 unicum
1626 1727 1812 1770 ingenitum
1839 1725 2046 1769 Principium

1147 1778 1289 1822 garrivit
1299 1777 1362 1811 effe
1376 1777 1509 1821 Epicuri
1524 1777 1654 1813 Deum,
1676 1776 1789 1817 utpote
1805 1777 1861 1818 qui
1876 1776 1953 1809 licet
1963 1785 2048 1818 quar-

1149 1829 1229 1861 'dam
1251 1828 1393 1865 crearit,
1418 1827 1540 1859 nullius
1564 1835 1673 1859 tamen
1699 1835 1813 1858 curam
1838 1834 1929 1870 gerat
1952 1849 1962 1864 ,
1991 1822 2046 1858 sed

1149 1877 1276 1911 ‘otiosus
1299 1875 1470 1919 permittat
1495 1877 1609 1910 omnia
1623 1873 1764 1909 fortuito
1777 1875 1867 1909 volvi
1896 1887 1933 1909 ac
1944 1874 2048 1908 revol-

1154 1927 1207 1968 vi,
1236 1927 1358 1961 sursum
1380 1926 1548 1960 deorsum.
1577 1925 1621 1958 Et
1634 1924 1713 1958 hinc
1736 1926 1855 1960 Sancto
1882 1924 2047 1959 Rhodoni

1155 1977 1288 2021 roganti
1299 1976 1512 2010 fimdamenta
1525 1999 1536 2014 ,
1546 1986 1587 2008 ex
1598 1969 1719 2016 quibus
1733 1974 1917 2008 istiusmodi
1931 1973 2045 2008 Deum

1128 2043 1129 2046 ¹
1154 2023 1479 2068 affereret,›Apelles
1501 2024 1629 2059 nullutn
1652 2023 1759 2058 valuit
1785 2024 1942 2058 adducere
1962 2048 1970 2055 .
1999 2023 2046 2058 Et

1156 2075 1220 2110 huc
1230 2075 1359 2118 respicit
1370 2076 1407 2108 in
1420 2075 1595 2108 illustrium
1612 2074 1756 2108 virorum
1780 2074 1936 2118 catalogo
1959 2074 2045 2107 Sau-

1155 2127 1223 2160 etus
1236 2126 1467 2168 Hierony-mus
1480 2138 1491 2158 .-
1518 2123 1641 2157 Rhodon
1653 2123 1746 2165 refert
1768 2126 1898 2166 Apellem
1909 2149 1920 2164 ,
1943 2121 2045 2165 senem

1150 2176 1349 2215 haereticum,
1376 2178 1397 2207 ἃ
1415 2174 1447 2216 se
1469 2175 1620 2216 quondam
1630 2173 1716 2217 fuisse
1726 2184 1902 2208 conventum
1926 2171 2045 2216 &risui

1155 2225 1289 2259 habitum
1300 2250 1312 2266 ‚
1340 2228 1371 2258 eo
1385 2226 1466 2266 qubd
1478 2226 1572 2257 Deum
1584 2249 1595 2265 ‚
1621 2236 1707 2268 quem
1716 2226 1821 2259 coleret
1831 2250 1842 2266 ‚
1868 2231 2003 2269 ignorare
2009 2221 2045 2267 se

1155 2278 1281 2309 diceret.
1310 2275 1355 2308 Et
1366 2274 1445 2309 hinc
1457 2275 1601 2318 ejusdem
1628 2273 1808 2310 Rhodonis
1835 2274 1903 2309 haec
1923 2274 2045 2315 verba,

1148 2327 1267 2367 'Apelles
1291 2331 1338 2357 ait
1368 2335 1461 2358 unum
1482 2328 1534 2367 effie
1558 2327 1743 2368 Principium
1763 2349 1775 2366 ,
1792 2324 1865 2367 ficut
1891 2326 1926 2358 (5
1946 2324 2044 2364 nostra

1148 2381 1255 2408 “tuetur
1266 2374 1403 2407 domina
1413 2398 1437 2414 ,.
1452 2373 1572 2409 debent
1585 2387 1660 2409 cum
1672 2386 1776 2420 grano
1788 2375 1862 2409 salis
1876 2374 2022 2419 intelligi
2030 2385 2044 2406 ⁴.

1153 2424 1215 2458 Iste
1231 2424 1322 2458 enim
1343 2425 1437 2458 Deus
1459 2424 1504 2458 est
1528 2425 1672 2459 incurius
1698 2427 1733 2460 δε
1757 2426 1929 2467 ὶηείῖῐσακ,
1956 2425 2044 2459 ideo-

1153 2485 1217 2517 que
1241 2475 1276 2508 ὅε
1300 2474 1405 2518 ipsum
1428 2475 1560 2508 Sanctus
1573 2474 1706 2510 Irenaeus
1716 2475 1838 2510 diceret
1856 2477 1918 2510 elie
1931 2475 2044 2509 Deum

1156 2524 1308 2567 Epicuri.
1336 2523 1374 2556 In
1388 2524 1490 2567 ipsum
1502 2524 1665 2567 quadrant
1676 2527 1791 2560 omnia
1803 2550 1813 2566 ,
1840 2537 1911 2568 quae
1921 2525 1956 2558 in
1969 2525 2043 2558 Ma-

66 2559 149 2627 εῑῖὒ·
162 2567 187 2592 5·
200 2576 249 2614 gis
261 2569 330 2612 Mos
325 2576 398 2602 aicae
410 2571 499 2611 impie
509 2569 641 2610 effutivit
654 2595 664 2610 ,
692 2573 726 2604 Θ
742 2573 842 2604 multis
855 2572 942 2605 libris
955 2568 1103 2607 Divinas·¹

87 2607 186 2638 ³p'¹3'
203 2622 238 2653 <5
259 2619 360 2661 sacras
385 2621 451 2652 illas
478 2622 551 2662 leges
574 2621 715 2654 maledice
740 2620 900 2665 insedimus
913 2622 975 2664 est,
1000 2632 1102 2666 atque-

205 2672 279 2702 adeo
302 2670 345 2700 ad
355 2680 403 2701 ear
426 2681 483 2701 non
506 2670 624 2702 tantum
648 2674 847 2715 coarguendas
862 2697 873 2713 ,
894 2671 951 2716 sed
968 2679 1102 2715 penitus*

204 2720 385 2754 evertendas
397 2720 521 2752 multum
530 2728 626 2761 operae
647 2732 680 2753 ac
694 2722 802 2755 laboris
815 2724 936 2755 contulit
949 2747 956 2755 .
985 2723 1090 2768 Quod

49 2752 185 2788 ‘⁰1⁸267‘
207 2770 391 2813 Judaeorum
420 2770 540 2803 litteras
568 2780 625 2811 pro
640 2769 757 2805 fabulis
783 2770 954 2811 habuerit,
980 2771 1091 2807 scribit

1154 2574 1294 2608 hometis
1310 2574 1420 2607 Deum
1436 2573 1531 2608 statui
1541 2574 1629 2618 juffit
1639 2576 1820 2618 Imperator
1842 2574 2043 2609 Emmanuel

1151 2624 1364 2658 Comnenus.
1395 2622 1452 2656 Est
1475 2634 1544 2658 non
1567 2635 1662 2660 verus
1683 2625 1865 2660 Catholicae
1888 2625 2040 2660 Ecclefiae

1152 2676 1264 2714 Deus,
1290 2672 1342 2707 sed
1356 2674 1551 2718 figmentum
1577 2686 1615 2709 ac
1635 2675 1764 2712 idolum
1788 2676 1935 2718 Apellis.

1200 2724 1354 2758 Error-em
1365 2722 1455 2758 hunc
1467 2725 1499 2757 in
1512 2723 1670 2768 Origenis
1682 2725 1852 2767 Apologia
1870 2723 2038 2767 insigniter

1151 2774 1289 2818 exponit
1305 2773 1464 2808 Eusebius
1475 2773 1699 2807 Caesareensis:
1727 2774 1843 2814 Apelles
1856 2795 1868 2812 ,
1894 2773 1961 2805 licet
1974 2783 2034 2806 non

144 3277 147 3280 ⁴
205 3277 346 3309 geruntur
356 3280 457 3303 curam
464 3268 586 3313 ficscipit
599 3295 606 3302 .
634 3272 782 3303 Caeterum
799 3273 879 3306 idem
889 3274 938 3306 ille
958 3273 1083 3307 sancius

206 2821 368 2863 Origenes
382 2819 415 2851 in
427 2820 545 2862 quinto
558 2819 643 2853 libro
665 2830 779 2855 contra
801 2822 951 2855 Celsum.
979 2822 1091 2869 Qate

204 2871 287 2914 ipsas
299 2868 481 2902 sceleratius
495 2868 728 2912 blasphemavit
753 2871 849 2915 quam
864 2871 1017 2906 Marcion
1029 2897 1037 2907 .

256 2919 334 2961 Ejus
360 2917 543 2951 fabulosum
570 2922 998 2966 erroremclariusexponit
1011 2923 1089 2958 San—

203 2971 272 3004 stus
288 2967 508 3012 Epiphanius:
539 2971 650 3010 Apelles
679 2972 826 3006 &cundia
838 2975 903 3014 ejus
923 2972 1022 3014 fallio
1044 2978 1089 3007 ita

201 3019 296 3062 sentit
313 3044 319 3050 .
349 3022 418 3051 Non
430 3019 478 3061 effe
498 3021 650 3060 Principia
671 3026 731 3053 tria
759 3032 852 3064 neque
875 3024 952 3063 duo,
978 3031 1011 3055 ut
1029 3026 1089 3056 ΕΒ·

206 3081 278 3103 cano
303 3070 337 3103 (τε
360 3071 502 3102 Marcioni
522 3069 665 3109 videtur,
686 3068 843 3112 sedunum
866 3073 918 3116 esse
937 3071 1088 3115 summum

207 3122 324 3159 Deum,
351 3129 495 3161 unumque
520 3121 703 3161 Principium
716 3145 726 3160 ,
754 3132 786 3154 ac
806 3126 955 3156 Virtutem
975 3133 1087 3163 unam,

207 3175 335 3203 nominis
346 3177 497 3211 expertem
518 3193 524 3200 .
550 3172 613 3212 ,Qui
625 3171 745 3212 quidem
767 3173 845 3204 Deus
858 3184 935 3206 unus
947 3196 958 3213 ,
983 3183 1088 3206 unum·

209 3228 265 3260 que
282 3222 484 3261 Principium,
512 3221 622 3253 nullam
651 3231 747 3254 eorum
771 3232 838 3263 quae
850 3228 882 3256 in
903 3222 955 3256 hoc
976 3225 1087 3257 mundo

210 3317 245 3350 θ
262 3316 349 3350 bonus
362 3322 442 3353 Deus
453 3344 464 3360 ,
489 3324 542 3363 qui
561 3321 582 3351 ὰ
598 3326 748 3363 principio
762 3325 842 3356 Deus
864 3321 902 3363 est
925 3333 961 3358 ac
972 3322 1083 3367 bonus3

261 3379 263 3381 >
305 3366 410 3408 Clu-ist.
422 3372 500 3412 Lupi
512 3374 610 3413 Opera
632 3374 710 3405 Tom.
727 3374 786 3406 IX.

1150 2823 1284 2858 omnibus
1296 2824 1394 2856 modis
1406 2826 1462 2855 Det
1475 2822 1527 2864 esse
1540 2823 1631 2865 legem
1656 2823 1690 2855 6·
1707 2821 1876 2864 Prophetas
1886 2822 2011 2865 deneget-
2019 2845 2033 2862 ‚

1152 2884 1252 2909 tamen
1278 2872 1387 2915 &ipse
1404 2872 1557 2905 baereticus
1568 2871 1737 2916 designatur
1747 2896 1758 2911 ‚
1777 2875 1913 2915 quoniam
1926 2874 2033 2912 Deum,

1149 2931 1200 2968 qui
1213 2924 1290 2958 bunc
1301 2923 1443 2956 mundum·
1466 2922 1598 2955 condidit
1611 2946 1622 2961 ,
1647 2923 1691 2955 ad
1705 2923 1832 2966 gloriam
1843 2922 1965 2955 alterius
1984 2928 2034 2955 in-

1143 2980 1239 3019 geniti
1264 2976 1299 3008 ⁴&
1311 2974 1378 3006 bom·
1388 2975 1446 3006 Dei
1456 2984 1522 3006 eum
1533 2972 1712 3014 construxisse
1719 2977 1896 3014 pronuntiat
1909 2996 1921 3012 ,
1945 2972 2032 3006 illum

1149 3034 1246 3058 autem
1270 3028 1433 3068 ingenitum
1459 3025 1556 3056 Deum
1567 3028 1600 3055 in
1613 3021 1963 3069 ¹consummationesaeculi
1975 3028 2030 3055 mi-

1142 3075 1201 3118 fiffe
1224 3073 1379 3118 JESUM
1406 3071 1554 3114 Christum
1578 3073 1624 3105 ad
1646 3074 1878 3107 emendationem
1901 3073 2029 3113 mundi,

1147 3134 1282 3169 rogatum
1293 3124 1332 3158 ab
1345 3135 1375 3157 eo
1392 3125 1470 3163 Deo,
1499 3129 1550 3166 qui
1562 3133 1627 3156 eum
1630 3122 1768 3164 fecerat,
1794 3132 1828 3157 ut
1843 3129 1976 3157 mitteret
1991 3123 2028 3164 fi-

1147 3177 1220 3209 lium
1228 3174 1313 3218 suum
1331 3175 1374 3208 ad
1384 3174 1487 3207 mundi
1496 3173 1696 3207 correctionem
1707 3198 1715 3206 .
1741 3174 1811 3207 Hic
1821 3174 1909 3207 enim
1922 3197 1934 3213 ‚
1961 3171 2029 3215 jux-

1148 3235 1181 3260 ta
1194 3225 1344 3269 Apellem
1356 3249 1367 3265 ‚
1393 3225 1483 3258 Deus
1505 3223 1542 3258 in
1552 3222 1674 3258 mundi,
1688 3225 1850 3258 creatione
1861 3247 1872 3264 ‚
1898 3224 1932 3256 δε
1959 3222 2030 3266 qui-

1119 3314 1121 3321 χ
1147 3275 1221 3310 dem
1235 3287 1290 3319 per
1303 3275 1540 3319 malignitatem
1552 3297 1562 3313 ‚
1587 3283 1766 3314 erraverat,
1792 3275 1826 3308 δε
1846 3273 1943 3307 bonis
1961 3283 2028 3306 ma-

1146 3325 1176 3360 la
1189 3325 1381 3367 miscuerat,
1407 3323 1544 3369 ideoque
1566 3323 1736 3359 obstrictus
1758 3324 1850 3358 suita
1873 3322 1963 3356 bono
1989 3332 2027 3357 ac

1546 3372 1580 3405 Y
1631 3386 1652 3411 2
1853 3373 1978 3418 ingeni-
