2346 3724
341 163 410 199 20

276 227 650 284 nymunt4Brignonium
671 227 848 266 undecima
862 239 954 264 vetus
964 229 1104 265 formula
1116 231 1159 264 se-

275 283 541 330 cundumbxleg'etn
552 280 741 316 Romanam
756 305 764 314 .
791 280 945 315 Eundem
958 291 1081 315 morem
1093 281 1158 315 lau-

253 355 255 358 ·
273 336 330 370 dat
352 335 385 368 in
408 320 466 370 suti
486 330 683 370 festamento
694 332 826 366 Sanctus
838 330 1045 365 Remenfium
1066 331 1159 365 Anti1

223 395 241 422 ·,
255 429 257 433 ¹
271 386 334 420 stes
348 383 519 428 Remigius
526 394 537 415 .·
563 382 692 417 Laudat
717 382 799 416 item
820 379 1036 426 quadraginta
1049 380 1161 414 viduas

219 460 227 481 3
250 442 258 472 J
273 435 313 483 in
326 434 474 470 Ecclefiae
483 433 613 476 porticu
622 433 827 476 expeaantes
839 431 1051 466 alimoniam.
1079 430 1160 464 Haec

249 479 352 520 s'sunt
364 484 496 520 alterius
507 482 572 517 loci
583 508 591 516 .

319 532 469 585 Proindek
482 533 657 570 uiduarum
677 528 840 576 duplicem
863 541 986 566 coetum
1008 556 1019 571 ,
1055 531 1160 575 dupli-

267 596 344 621 cem
379 584 424 619 ab
457 584 620 627 Episcopo
642 582 826 617 faciendam
858 583 1051 616 eiectionem
1074 606 1085 622 ,
1125 582 1159 615 &

269 635 390 680 duplex
414 634 559 669 officium
582 644 618 668 ac
641 632 760 668 statum
782 633 892 666 laudat
905 631 1093 671 manifeste,
1122 643 1159 664 ac

245 709 249 714 ·
268 687 328 720 suo
352 696 498 729 tempore
520 684 555 717 in
583 682 733 717 Ecclefiis
755 683 890 727 viguisse
915 683 1046 717 Sanctus
1065 682 1160 725 Joan-

268 747 327 770 nes
348 736 507 770 affirmat.
534 734 578 767 Et
600 733 767 768 manifeste
793 733 937 777 loquitur
961 744 1002 766 ex
1019 730 1158 774 Aposto-

267 786 293 819 li
316 786 418 830 prima
436 785 478 819 ad
498 780 719 818 Timotheum
741 782 900 826 epistola:
929 784 1043 815 Viduas
1065 781 1156 815 bono-

266 849 303 870 ra
327 860 338 876 ,
375 847 443 877 quae
464 835 534 868 vere
557 834 658 867 viduae
679 831 753 876 sunt
776 857 784 864 .
823 832 1003 876 Apostolus
1025 833 1094 877 agit
1115 832 1156 865 de

264 884 395 919 honore
418 884 676 919 alimentationis
697 907 704 915 .
741 883 835 916 Hinc
862 881 1010 927 adjungit
1031 907 1038 914 .
1076 884 1156 925 ,Quae

264 935 338 970 vere*
360 936 461 972 viduae
479 933 569 978 sunt.
594 932 674 968 Hoc
696 933 741 967 est
757 957 767 972 ,
794 944 864 976 quae
886 944 946 966 nec
962 929 1071 972 filios,
1096 943 1157 966 nec

263 995 418 1028 nepotes,
433 996 492 1019 nec
504 984 585 1018 alios
598 983 718 1017 habent
730 983 868 1016 idoneos
879 982 1154 1026 consanguineos,

261 1034 280 1070 ὲ
294 1035 413 1079 quibus
427 1034 545 1078 possint
566 1045 603 1066 ac
615 1033 755 1067 debeant
768 1033 951 1067 alimentari
966 1058 972 1065 .
986 1031 1077 1065 Hinc
1088 1043 1150 1075 per-

262 1086 332 1131 git:
360 1087 441 1128 ,Quae
454 1085 524 1117 veri
535 1085 629 1116 vidua
640 1083 678 1124 est
703 1080 1036 1125 &defhlata,speretin
1050 1085 1152 1115 Deum.

262 1136 310 1168 Et
332 1135 417 1174 instet
439 1133 681 1178 obsecrationibus
707 1134 929 1167 &orationibus
940 1132 1019 1166 nolle
1042 1134 1150 1166 &dia

260 1185 317 1218 Ex
341 1184 393 1218 his
416 1184 519 1218 verbis
539 1185 674 1218 Sandlus
698 1184 838 1227 Joannes
876 1183 1014 1217 affirmat
1038 1193 1150 1226 paupe-

261 1244 335 1268 rum
360 1235 401 1268 ad
430 1234 574 1268 Ecclesiae
611 1234 814 1268 matriculam
849 1234 1080 1277 affumptarum
1107 1234 1150 1266 vi-

260 1285 398 1322 duarum
422 1296 541 1319 munus
563 1286 625 1319 esse
643 1310 653 1326 ‚
681 1295 718 1319 ut
739 1285 792 1318 die
815 1285 850 1318 &
874 1286 965 1318 noile
989 1283 1124 1327 psallant
1141 1307 1151 1323 ‚

259 1346 299 1369 ac
322 1335 460 1369 Divinis
485 1335 589 1368 adsint
621 1335 741 1369 officiis
764 1360 771 1366 .
809 1335 922 1384 Qare
942 1335 974 1368 ὃ(
997 1332 1062 1369 hoc
1085 1344 1149 1367 mu-

257 1394 322 1417 nus
340 1381 389 1416 est
414 1384 603 1417 Institutum
629 1384 880 1428 Apo'stolicum.
910 1384 952 1418 Et
977 1385 1010 1417 in
1031 1383 1149 1428 eligen-

215 1450 219 1456 ·
257 1433 310 1468 dis
334 1432 403 1466 istis
425 1430 533 1465 viduis
561 1433 694 1466 Sanetus
716 1433 837 1467 Paulus
860 1434 984 1467 nullam
1017 1433 1149 1476 requirit

103 2128 178 2166 cap.
199 2135 245 2162 14·

242 2517 245 2519 ,
265 2484 315 2516 cle
335 2480 578 2522 conversarentur
598 2484 675 2511 inter
698 2479 766 2510 illas
790 2500 801 2516 ,

258 1491 388 1517 aetatem
412 1505 422 1521 ,
450 1481 539 1515 nulla
567 1483 680 1525 praevia
706 1481 869 1516 bonorum
893 1493 1027 1526 operum
1051 1483 1159 1516 meri-'

260 1543 321 1567 tn:
360 1532 544 1566 Dumtaxat
580 1529 669 1572 jubet
685 1546 703 1571 ·,
738 1541 775 1564 ut
796 1531 949 1574 deinceps
970 1532 1035 1574 jam
1062 1532 1149 1565 disto

258 1582 499 1628 perfungantur
535 1581 649 1615 officio
671 1605 681 1621 ,
718 1592 785 1615 non
815 1592 960 1626 quaeraut
982 1581 1111 1615 delitias
1136 1606 1146 1622 ‚

257 1633 320 1667 sint
357 1630 651 1675 irreprehensibiles
675 1655 684 1671 ,
721 1642 850 1666 careant
881 1626 972 1666 vitiis
995 1642 1049 1675 per
1072 1631 1149 1667 San-

258 1683 348 1717 &um
371 1684 530 1727 Joannem
570 1681 605 1715 in
628 1682 717 1715 libris
737 1682 779 1717 cle
800 1681 991 1717 Sacerdotio
1012 1692 1150 1716 enume-

259 1733 338 1767 tatis
363 1757 373 1773 ,
408 1741 504 1776 atque
527 1732 572 1766 ita
594 1744 635 1766 ex
664 1732 810 1767 Ecclefiae
829 1731 1072 1778 gazophylacio
1096 1731 1149 1765 ali·

257 1791 369 1818 menta
393 1792 575 1817 mereantur
599 1808 606 1816 .
649 1782 742 1828 Qin
771 1784 804 1817 ὅς
829 1784 912 1816 inter
932 1782 1005 1816 istas
1025 1807 1035 1823 ,
1073 1793 1151 1827 quas

258 1832 318 1867 sub
342 1844 411 1868 uno
432 1832 605 1877 Ptaepolito
623 1831 732 1866 alebat
767 1833 800 1866 in
827 1833 1053 1867 Alexandrina
1083 1833 1150 1866 Ec·-

258 1884 349 1917 clelia
368 1894 506 1928 magnus
527 1882 707 1927 disciplinae
730 1883 849 1917 vindex
862 1883 993 1918 Sanetus
1007 1881 1151 1916 Athana-

258 1934 346 1974 sius,
372 1935 465 1968 fuiffe
494 1934 603 1978 plures
624 1932 793 1973 verbosas,
821 1935 941 1968 rixosas
966 1958 976 1973 ,
1003 1933 1150 1966 vinolen-

258 1993 331 2024 tus,
356 1984 389 2018 δε
414 1983 487 2018 aliis
506 1984 596 2018 vitiis
615 1981 722 2018 adhuc
742 1983 837 2017 faedas
864 2008 875 2024 ,
911 1983 947 2017 in
971 1985 1082 2017 ostava
1097 1982 1147 2017 de-

259 2033 345 2067 cima
367 2033 576 2068 Collatione
612 2033 723 2068 scribit
760 2035 903 2077 Joannes
947 2033 1116 2068 Caffianus
1144 2057 1151 2064 .

259 2082 389 2126 Nempe
418 2082 498 2116 vitia
522 2107 533 2123 ,
570 2080 647 2116 cum
671 2083 790 2124 quibus
811 2083 974 2118 vidualem
1003 2085 1153 2117 matricu-

260 2133 327 2168 lam
353 2133 531 2171 intrarant,
558 2131 697 2165 necdum
720 2143 926 2167 correxerant
953 2158 960 2166 .
1001 2134 1046 2168 Et
1067 2133 1152 2175 ejus-

261 2181 352 2218 modi
375 2193 466 2216 erant
488 2181 523 2214 in
546 2181 703 2214 omnibus
729 2181 839 2224 paffim
854 2182 1006 2217 Ecclefiis
1024 2207 1032 2215 .
1059 2183 1152 2216 Hinc

263 2233 305 2267 de
326 2233 416 2269 fastis
441 2233 477 2265 in
505 2230 880 2274 Constantinopolitana
917 2231 1060 2265 Ecclesia
1098 2242 1155 2274 per

265 2284 417 2318 Sanctum
440 2282 600 2325 Ioannem
638 2279 911 2322 Chrysostomum
948 2281 1154 2314 reformatio·

265 2333 363 2368 nibus
385 2332 494 2366 scribit
512 2332 545 2363 in
573 2330 722 2373 Dialogo
742 2329 783 2362 de
804 2329 872 2370 ejus
897 2329 963 2361 vita
989 2326 1157 2360 Palladius

265 2384 447 2427 Episcopus
466 2379 768 2422 Helenopolitanus
792 2389 800 2408 ι
822 2382 966 2422 Joannes
993 2377 1157 2409 viduarum

266 2435 397 2468 advocat
419 2440 548 2476 agmen,
572 2427 691 2472 solerter
711 2428 872 2469 explorans
893 2451 905 2467 ,
943 2437 1011 2469 quae
1037 2437 1095 2459 non
1116 2436 1157 2459 re-

839 2478 1049 2519 inveniensque
1073 2480 1159 2509 carni

272 2531 394 2566 deditas
411 2555 421 2571 ‚
445 2528 673 2561 admonebat'ut
700 2537 754 2560 aut
757 2529 889 2568 jejuniis
897 2526 1071 2567 studerent,
1098 2525 1159 2558 bal·

272 2579 391 2624 neisque
418 2580 453 2613 (5
473 2576 626 2620 exquisitis
649 2576 826 2617 abstinerent
852 2576 1034 2616 vestimentis
1061 2598 1072 2614 ,
1107 2583 1160 2607 aut

274 2639 406 2673 repetere
423 2630 574 2662 maturato
596 2629 754 2670 conjugia,
781 2638 818 2660 ne
843 2630 963 2660 Divina
984 2628 1033 2660 lex
1052 2626 1086 2658 t&
1103 2630 1160 2658 Do-

275 2685 352 2716 mini
379 2690 483 2713 nomen
502 2687 557 2720 per
578 2678 698 2711 illarum
732 2681 994 2718 intemperantiam
1029 2672 1163 2718 blasphe-

278 2739 412 2765 maretur
431 2754 438 2760 .
467 2729 613 2772 Juniores
634 2726 811 2762 matriculae
833 2726 945 2760 viduas
970 2749 982 2766 ,
1020 2725 1165 2759 imitatus

841 2777 892 2810 Ex
914 2786 979 2820 quo
1006 2775 1090 2809 lucet
1112 2784 1165 2808 eas

281 2842 343 2865 nec
366 2829 489 2864 vovisse
509 2828 688 2863 castitatem
704 2832 721 2859 ⁴.
748 2828 800 2860 De
827 2825 914 2860 hisce
936 2825 1041 2859 viduis
1063 2825 1166 2859 sanxit

283 2880 385 2914 etiam
409 2887 521 2920 quarta
545 2875 808 2922 Carthaginenfis
842 2874 994 2919 synodus
1015 2887 1024 2908 ε
1061 2876 1167 2909 Viduae

549 2939 617 2970 quae
638 2935 753 2970 corpore
770 2925 844 2970 sunt
871 2926 980 2959 debiles
1001 2950 1012 2966 ,
1044 2924 1168 2968 sumptu

287 2974 440 3018 Ecclefiae,
467 2978 552 3017 cujus
578 2975 792 3020 viduaezsunt,
815 2974 1027 3019 sustententur.
1057 2973 1169 3009 Abhis

288 3027 397 3063 viduis
421 3025 600 3069 Apostolus
623 3028 740 3071 pergit·
760 3026 800 3060 ad
824 3027 1000 3060 secundum
1014 3035 1061 3058 vac
1079 3024 1170 3058 alno-

290 3088 359 3112 tem
379 3075 552 3111 ordinem:
579 3076 676 3109 Vidua
695 3079 818 3119 eligatur
839 3088 897 3109 non
919 3081 1018 3107 minus
1034 3073 1170 3118 sexagin-

292 3136 328 3161 ta
347 3137 511 3166 annorum,
538 3136 605 3167 quae
621 3124 718 3166 fuerit
737 3132 823 3160 unius
851 3126 912 3158 vlrt'
932 3136 1006 3158 uxor
1023 3148 1033 3164 ,
1057 3129 1088 3157 in
1110 3132 1172 3166 ope·

294 3177 378 3211 ribus
402 3174 486 3209 bonis
509 3173 698 3216 testimonium
721 3175 850 3215 habens,
873 3174 901 3216 fi
913 3175 991 3217 filios
1012 3175 1150 3208 educavit
1164 3197 1174 3212 ,

281 2778 480 2824 Apostolum
500 2803 511 2820 ,
537 2777 623 2822 jussit
647 2777 769 2811 nubere
795 2802 802 2809 .

285 2925 480 2970 adolescentes
504 2950 515 2966 ,

846 147 1362 204 Scnfdtt

1433 143 1568 189 oto

1225 227 1326 275 longe
1349 226 1562 263 eminentiori
1583 227 1685 272 gradu
1706 254 1714 261 .
1741 227 1896 274 Ejusdem
1923 228 2042 277 gradus
2062 230 2110 266 vi-

1199 311 1204 318 ,
1223 279 1303 314 duas
1322 278 1434 314 laudat
1458 278 1492 312 in
1514 278 1617 322 prima
1637 279 1679 313 ad
1703 278 1923 315 Timotheum
1952 281 2106 325 epistola,

1223 329 1296 374 post
1317 329 1498 373 expositas,
1526 339 1596 373 quae
1615 328 1778 374 Episcopo
1798 342 1837 366 ac
1856 330 2011 366 Diacono
2035 333 2111 368 sunt

1222 379 1401 415 neceffariae
1422 403 1433 420 ,
1461 379 1596 413 virtutes
1618 378 1816 425 subjungens
1836 393 1844 413 z
1872 381 2012 415 Mulieres
2027 381 2111 424 fimi-

1220 430 1291 463 liter
1317 437 1426 472 oportet
1446 430 1495 472 effe
1503 430 1632 471 pudicas
1643 454 1653 470 ,
1676 439 1734 463 non
1751 429 1964 474 detrabentes,
1979 430 2112 475 sobriat,

1218 480 1321 523 fideles
1343 486 1378 513 in
1402 479 1556 512 omnibus.
1585 478 1640 512 Ad
1661 490 1730 522 quae
1753 480 1847 515 verba
1861 480 1975 517 denuo
1997 481 2110 517 scribit

1219 530 1255 564 in
1276 530 1404 565 decima
1428 531 1519 573 super
1539 529 1634 565 istam
1676 530 1846 573 epistolam
1867 528 2005 566 homilia
2031 533 2109 566 San-

1220 582 1288 614 stus
1309 579 1450 622 Joannes
1469 578 1749 625 Chrysostomus:
1776 582 2039 623 Pleriquevolunt
2060 586 2110 615 A-

1216 630 1358 672 postolum
1384 628 1435 664 boc
1462 631 1500 664 de
1525 630 1694 664 mulieribus
1718 628 1886 672 simpliciter
1919 631 2107 676 pracepiffe.

1221 680 1327 714 Verum
1351 691 1408 713 non
1430 685 1476 712 ita
1496 679 1534 720 est
1555 704 1562 712 .
1604 681 1695 724 ,Quid
1712 685 1791 713 enim
1816 679 2035 724 consequentIae
2053 681 2109 715 ba-

1218 731 1297 763 beret
1318 735 1397 766 inter
1420 741 1476 769 ea,
1502 741 1571 771 quae
1592 731 1629 763 de
1651 728 1808 773 Episcopis
1828 743 1864 764 ac
1893 734 2033 765 Dtaconis
2045 740 2109 765 mo.

1218 786 1307 820 nuit,
1333 781 1425 812 ullam
1438 778 1544 820 facere
1568 784 1747 814 mentionem
1770 781 1926 814 mulierum
1945 782 1970 814 ἓ.
1983 782 2041 814 Sed
2069 782 2108 815 de

1217 830 1265 863 hls
1296 829 1429 871 profet‘lo
1454 836 1499 862 ait
1517 853 1528 870 ,
1566 840 1637 871 quae
1673 829 1829 869 Ministerii
1867 831 2019 874 dignitate
2033 828 2108 874 sunt

1213 882 1356 922 praeditae
1381 905 1388 912 .
1425 878 1470 913 Et
1494 879 1535 914 de
1555 878 1809 922 Presbyterabus
1831 904 1843 920 ,
1868 880 1902 914 ἀ
1924 879 1965 915 de
1985 881 2109 914 Diaco-

1218 929 1323 963 niffis.
1351 929 1474 964 Utitur
1495 940 1565 963 non
1587 930 1716 972 speciali
1727 931 1858 968 Vidua,
1886 929 1940 963 sed
1963 929 2107 976 generali

1217 982 1352 1013 Mulieris
1380 979 1518 1014 nomine
1540 1003 1550 1019 ‚
1590 979 1681 1022 quod
1698 979 1796 1014 etiarn
1820 979 2109 1023 virgines-semper

1217 1030 1384 1074 potuerint
1413 1029 1475 1064 effe
1500 1029 1713 1063 Diaconiffae.
1742 1029 1836 1078 Qin
1862 1029 1901 1062 ad
1917 1028 2118 1064 hocMiniz-

1216 1080 1347 1115 sterium
1371 1080 1512 1114 Ecclesia
1533 1081 1656 1123 semper
1680 1079 1794 1113 maluit
1819 1079 1979 1123 virgines,
2009 1079 2115 1123 quum:

1217 1131 1348 1165 viduas.
1376 1130 1490 1178 Qare
1510 1130 1608 1171 illos,
1636 1130 1691 1173 qui
1717 1140 1772 1172 per
1788 1130 1934 1163 laudatas
1954 1129 1997 1162 ab
2018 1129 2113 1172 Apo·-

1216 1180 1301 1215 stolo
1328 1180 1441 1214 viduas
1468 1180 1612 1226 intelligi
1636 1180 1754 1215 volunt
1775 1180 1858 1215 solas
1879 1179 2104 1221 Diaconissas,

1217 1230 1406 1265 certum'est
1436 1230 1523 1267 labi.
1888 1252 1892 1255 «
2035 1255 2040 1261 ,

1264 1281 1341 1315 Fuit
1361 1281 1444 1315 olim
1465 1282 1499 1316 δε
1523 1283 1658 1318 tertium
1676 1284 1833 1318 sacrarum
1858 1283 2031 1318 viduarum
2051 1291 2115 1325 ge·-

1216 1341 1276 1365 nus
1299 1355 1310 1372 ,
1336 1342 1356 1374 q
1381 1343 1406 1365 ae
1424 1332 1465 1366 ad
1494 1332 1657 1367 vidualem
1683 1335 1864 1374 eastitatem
1888 1331 2114 1377 profitendam<

1215 1393 1282 1415 non
1304 1381 1371 1424 elig
1394 1381 1512 1414 bantur
1536 1380 1578 1414 ab
1603 1381 1767 1424 Episcopo
1787 1404 1800 1420 ,
1826 1381 1879 1415 sed
1906 1380 2115 1415 accedebant:

1214 1433 1268 1465 sua
1286 1431 1421 1475 sponte,
1447 1430 1598 1474 istudque
1621 1432 1840 1472 spontaneum
1851 1439 1967 1463 votum
1990 1430 2107 1463 affirm-

1214 1482 1276 1524 ptis
1298 1480 1375 1514 velo
1393 1481 1427 1513 δε
1451 1480 1542 1524 nigra
1565 1481 1652 1513 veste
1678 1479 1864 1523 figillabant
1892 1479 1912 1518 ,'
1938 1490 1975 1512 ac
1998 1477 2109 1512 omni·

1213 1530 1270 1564 bus
1297 1529 1403 1573 palem
1427 1528 1713 1563 demonstrabant.·
1742 1530 1785 1563 Et
1807 1528 1995 1572 hujusmodi
2007 1526 2108 1561 vidua

1214 1581 1276 1614 fuit
1297 1580 1403 1614 Sanc‘ii
1428 1580 1564 1622 Joannis
1588 1577 1818 1623 chrysostomi
1843 1589 1946 1613 mater
1967 1601 1978 1617 ,
2010 1578 2108 1621 cujus

1214 1631 1348 1675 longam
1377 1630 1408 1663 in
1431 1629 1567 1673 juvenili
1592 1629 1691 1664 etiam
1726 1639 1820 1664 aetate
1846 1626 2027 1663 castitatem
2051 1627 2108 1661 ad-

1213 1680 1347 1714 miratus
1372 1680 1507 1724 gentilis
1532 1679 1681 1723 Sophista
1704 1679 1866 1714 Libanius
1887 1678 2111 1713 exclamavite·

1215 1731 1273 1765 Dii
1297 1731 1497 1764 immortales
1519 1752 1530 1770 ‚
1569 1730 1680 1775 quales
1705 1730 1819 1764 viduas
1856 1729 1980 1763 habent
2007 1727 2109 1762 Chri·

1214 1781 1308 1815 stiani
1331 1782 1343 1814 ?
1379 1780 1490 1814 Etiam
1516 1780 1557 1814 de
1584 1780 1634 1814 his
1661 1805 1672 1820 ,
1705 1780 1754 1813 uti
1782 1790 1841 1813 nec
1863 1781 1904 1814 de
1927 1787 2108 1823 pauperum

1219 1831 1388 1865 viduarum
1415 1840 1499 1865 coetu
1512 1856 1521 1870 ,
1550 1841 1617 1864 non
1630 1830 1699 1874 agit
1723 1829 1779 1864 hic
1793 1830 1900 1864 noster
1911 1826 2086 1873 Septimius
2099 1852 2108 1860 .

1217 1880 1300 1926 Agit
1335 1881 1375 1914 de
1401 1881 1477 1914 solis
1505 1880 1698 1914 habentibus
1723 1879 1977 1914 Ecciefiasticam
1998 1878 2112 1923 digni-

1213 1942 1337 1971 tatem,
1366 1930 1620 1964 Ecclesiasticam
1647 1930 1891 1971 Praefestutam,
1917 1930 2034 1963 summi
2051 1928 2111 1961 ho-

1216 1982 1303 2016 noris
1324 1980 1489 2026 fastigium
1509 2005 1519 2022 ,
1555 1981 1589 2015 &
1615 1981 1792 2015 solemnem
1826 1981 1860 2013 in
1890 1979 2022 2023 publiea
2046 1978 2108 2011 Ec·

1219 2032 1322 2066 clesiae
1365 2042 1443 2065 ante
1479 2030 1639 2065 Divinam
1675 2030 1880 2074 Majestatem
1913 2028 2108 2073 Apparituta

1215 2083 1398 2117 consessum
1419 2092 1456 2115 ac
1479 2081 1717 2115 Praefidentiam
1736 2105 1743 2112 .
1773 2080 1970 2114 Earumdem
1991 2077 2110 2113 memi·=

1216 2134 1266 2166 nit
1285 2132 1384 2166 etiam
1408 2132 1439 2169 in
1464 2132 1536 2164 aliis
1559 2133 1691 2165 suorum
1718 2141 1851 2172 operum
1878 2131 1976 2164 locis.
2007 2130 2045 2162 ln
2071 2127 2110 2161 li·
2145 2151 2148 2154 -

1215 2182 1277 2217 bro
1301 2181 1342 2215 de
1368 2181 1589 2226 Monogamia
1603 2195 1614 2215 .-
1641 2186 1680 2214 Ut
1697 2187 1787 2224 igitur
1810 2187 1842 2213 in
1867 2185 1991 2213 Domino
2014 2176 2109 2212 nubas
2131 2194 2268 2233 Capu·

1212 2231 1371 2273 secundum
1393 2231 1486 2274 Iegem
1503 2233 1536 2265 <5
1561 2231 1722 2273 Apostolum
1736 2255 1746 2270 ,
1772 2233 1871 2273 qualis
1895 2243 1926 2264 es
1951 2231 1987 2262 id
2001 2233 2109 2262 matri-

1217 2285 1346 2313 monium
1365 2280 1517 2321 postulans
1540 2302 1550 2318 ,
1578 2283 1657 2322 quod
1678 2281 1717 2312 ab
1739 2286 1782 2312 eir
1807 2304 1818 2320 ,
1845 2281 1866 2311 ἃ
1892 2280 1998 2322 quibus
2016 2278 2110 2320 postu·

1217 2328 1265 2359 las
1287 2348 1299 2363 ‚
1338 2334 1396 2356 non
1418 2330 1482 2357 lecet
1505 2329 1636 2360 haberi?
1680 2329 1723 2360 Ab
1750 2328 1896 2371 Epiftopo
1918 2326 2109 2372 Monogami»,

1218 2377 1238 2408 ἃ
1263 2373 1466 2413 Presbyteris,
1495 2375 1515 2405 ἆ
1535 2378 1675 2406 DIaconis
1698 2375 1828 2416 ejusdem
1845 2379 2028 2408 sacramenti
2052 2399 2063 2414 ‚
2088 2379 2111 2408 ἃ

1220 2425 1325 2458 Viduis
1338 2446 1348 2462 ,
1373 2434 1501 2465 quarum
1528 2423 1642 2457 senam
1665 2433 1698 2457 tu
1721 2422 1874 2465 recusasti.
1907 2427 1954 2457 Et
1976 2425 2020 2457 illi
2043 2425 2131 2465 pla-'

1221 2476 1257 2508 ne
1273 2473 1312 2516 fic
1337 2473 1455 2506 dabunt
1479 2478 1562 2506 viros
1580 2475 1615 2507 6·
1637 2484 1743 2506 uxores
1756 2497 1766 2514 ,
1793 2475 1933 2516 quomodo
1945 2473 2113 2507 buccellas?

1221 2528 1277 2556 Hoc
1296 2530 1376 2556 enim
1397 2522 1434 2563 est
1454 2525 1539 2563 apud
1559 2524 1647 2556 illes:
1674 2524 1778 2557 oanni
1803 2523 1924 2567 petenti
1948 2533 1981 2558 te
1997 2523 2112 2558 dabis.

1224 2578 1269 2607 Et
1294 2575 1467 2617 conjungent
1492 2584 1546 2606 vos
1558 2578 1590 2606 in
1603 2572 1730 2614 Ecclefia
1752 2579 1889 2617 virgine,
1916 2580 2006 2607 unius
2021 2574 2113 2608 Chri·

1220 2624 1258 2664 sti
1278 2629 1365 2656 unica
1379 2621 1489 2666 sponsa
1512 2623 1528 2655 ,ἕ
1556 2622 1599 2657 Et
1622 2623 1657 2658 in
1683 2623 1769 2657 libro
1789 2625 1831 2658 de
1854 2623 2014 2659 Velandis
2038 2623 2116 2658 Vit-

1229 2672 1359 2719 ginibus
1386 2673 1554 2717 insigniter
1578 2673 1715 2718 exponit
1739 2671 1833 2717 hujus
1869 2674 2040 2709 velaminis
2061 2680 2117 2708 nv
2132 2692 2204 2730 Cap·
2220 2702 2249 2731 9,

1225 2724 1399 2758 ceffitatem
1415 2747 1425 2763 ,
1465 2734 1502 2756 ac
1524 2724 1627 2768 pergit
1652 2749 1659 2756 .
1699 2724 1795 2758 Plane*
1812 2723 1870 2767 scio
1890 2725 1999 2758 alicubi
2021 2729 2114 2768 virgi·

1227 2785 1292 2807 nem
1318 2779 1351 2807 in
1370 2774 1499 2806 viduatu
1521 2774 1560 2806 ab
1582 2781 1673 2807 annis
1710 2776 1839 2807 nondum
1859 2781 1972 2819 viginti
2000 2776 2115 2808 colloca·

1227 2833 1290 2857 tam
1313 2849 1320 2856 .
1359 2827 1419 2856 Cui
1436 2822 1466 2863 fi
1485 2824 1563 2865 quid
1580 2823 1726 2868 refrigerii
1752 2825 1895 2859 debuerat
1908 2824 2113 2868 Episcopus-⁷,

1227 2876 1314 2908 aliter
1334 2878 1435 2915 utique
1451 2871 1539 2915 salvo
1561 2873 1689 2918 respet‘lu
1711 2873 1879 2917 disciplina
1899 2875 2115 2917 praestatope-

1230 2923 1323 2967 tuisset
1336 2948 1346 2963 ,
1374 2934 1410 2956 ne
1426 2924 1487 2957 tale
1515 2935 1592 2957 nunc
1612 2926 1784 2958 miraculum
1807 2950 1816 2965 ‚
1857 2937 1893 2958 ne
1913 2927 2011 2958 dicam
2035 2932 2116 2955 mon·

1227 2974 1320 3014 strum
1333 2998 1344 3013 ‚
1369 2979 1402 3006 in
1424 2972 1550 3015 Ecclesia
1573 2975 1762 3008 denotaretur
1775 3003 1782 3009 .
1810 2979 1898 3019 Virgo
1913 2974 2023 3006 vidua.
2055 2976 2115 3005 Hoc

1233 3025 1354 3067 quidem
1380 3022 1571 3065 portentofior
1590 3049 1600 3065 ,
1639 3027 1719 3068 quod
1753 3036 1805 3058 nec
1829 3036 1887 3067 qua
1912 3025 2007 3056 vidua
2027 3030 2116 3063 caput

1233 3080 1332 3113 texit,
1356 3082 1512 3115 utrumque
1531 3073 1564 3117 se
1584 3085 1694 3118 negans
1719 3099 1727 3108 .
1768 3079 1813 3107 Et
1833 3079 1980 3116 virginem
2003 3097 2014 3112 ,
2049 3083 2117 3114 quae

1237 3125 1332 3157 vidua
1357 3125 1533 3166 deputetur3
1561 3125 1596 3157 ζ’]
1621 3127 1769 3165 viduam,
1793 3133 1859 3164 quae
1883 3130 1968 3166 virgo
1980 3123 2118 3156 dicatur.

1239 3174 1297 3207 Sed
1317 3184 1353 3206 ea
1375 3173 1553 3206 authoritate
1575 3176 1635 3208 illic
1654 3174 1740 3218 sedet
1761 3172 1888 3212 emelia,
1916 3183 1979 3214 qua
1998 3173 2032 3205 &-
2055 3175 2120 3205 Vir-

295 3225 320 3269 Ιὶ
340 3225 463 3268 bospitio
485 3230 592 3267 recepit
617 3248 627 3264 ,
656 3223 686 3266 fi
706 3226 873 3259 sannorum
890 3226 991 3266 pedes«
1005 3224 1087 3257 lavit
1110 3247 1120 3263 ,
1151 3223 1177 3262 st
1218 3258 1221 3264 ,
1235 3235 1273 3268 go
1293 3248 1300 3256 .
1338 3225 1387 3256 Ad
1409 3235 1499 3266 quam
1514 3223 1613 3267 sedem
1632 3232 1745 3266 praeter
1766 3234 1860 3255 annot
1877 3220 2038 3265 sexaginta
2062 3232 2120 3254 non

299 3276 518 3309 tribulationem
547 3274 734 3316 patientibus
753 3274 988 3317 subministravit
1009 3297 1019 3312 ‚
1047 3273 1076 3315 fi
1094 3285 1176 3305 omne

299 3334 373 3369 opus
395 3324 497 3357 bonum
514 3322 666 3368 subsecuta
686 3324 747 3364 est..
770 3324 922 3358 Carentes
943 3323 994 3357 his
1006 3322 1179 3357 virtutibus

291 3375 416 3411 ‚viduas
453 3374 558 3408 sanxit
595 3374 636 3408 ad
658 3372 747 3407 hunc
769 3374 930 3408 vidualem
952 3372 1088 3419 gradum
1112 3374 1179 3407 esse

295 3424 705 3474 >incitasse-irregulares
726 3449 744 3472 ·.
771 3424 861 3474 Qia
885 3423 1002 3469 nempe²
1036 3424 1106 3470 agit
1140 3423 1181 3459 de

1218 3268 1222 3284 ¹
1240 3275 1358 3306 tantum
1377 3279 1507 3307 univirae
1520 3298 1529 3314 ‚
1556 3274 1631 3314 idest—
1646 3287 1659 3314 ς-
1694 3280 1795 3314 nuptae
1820 3272 1980 3313 aliquando
2002 3273 2121 3314 eligun-

1239 3332 1308 3359 tur,
1334 3322 1391 3365 sed
1409 3325 1442 3356 (55
1467 3333 1578 3357 matres
1598 3347 1609 3363 ,
1637 3324 1670 3356 (9
1695 3323 1814 3364 quidem
1834 3323 2014 3355 educatrices
2051 3321 2123 3362 filio-

1239 3384 1307 3406 rum
1331 3397 1336 3404 .
1373 3374 1486 3406 Scilicet
1507 3381 1540 3406 ut
1559 3376 1768 3413 experimentis
1790 3377 1918 3405 omnium
1949 3370 2123 3412 adfec‘luum

1238 3421 1356 3464 struc‘iae
1377 3422 1470 3465 facile?
1495 3428 1593 3458 norint
1622 3431 1746 3457 caeteras
1765 3424 1802 3457 δ’
1823 3419 1930 3463 consilio
1949 3423 1983 3455 Θ·
2011 3422 2125 3454 auxilio

1963 3481 2086 3514 juvare.
