2346 3724
642 164 688 222 c
760 178 789 209 A
859 177 884 210 ι»
950 175 969 208 1
1038 170 1153 206 τ»,
1210 173 1241 205 -s
1315 101 1682 206 &xx-vm
1912 178 2001 222 301,

489 311 568 413 C
623 254 833 402 ΑΡ
887 310 979 400 u
1032 310 1116 396 T
1229 307 1824 418 xxxvm.

450 503 513 583 S
513 502 833 614 cripturae
888 494 1246 604 neceffario*
1304 498 1390 576 ab
1449 497 1863 587 Ηίθνειίτέἱς,ι

736 645 863 697 non
919 619 1093 694 ver&
1153 625 1196 691 ἰι
1254 611 1437 692 nobis
1494 613 1591 690 in—

967 726 1353 837 terpolcztae.

416 988 477 1038 est
501 1024 514 1048 ‚
549 987 625 1037 ubi
659 986 882 1036 diverfitas
917 985 1123 1033 dofflinae
1158 984 1379 1033 invenitur
1407 1020 1422 1032 .
1479 984 1650 1053 Qibus
1687 984 1769 1034 fuit
1793 983 2083 1050 Propofitum

262 1119 264 1122 .
415 1059 542 1124 aliter
571 1055 764 1107 edocendi
788 1090 802 1116 ‚
841 1072 917 1104 eos
939 1052 1174 1112 ,necessitas
1212 1056 1358 1116 coegit
1394 1055 1520 1120 aliter
1545 1053 1801 1122 disponendi
1831 1054 2084 1109 instrumen-

257 1173 259 1176 ,
341 1153 343 1155 >
401 1140 464 1174 .ta
499 1123 701 1175 dofflinae
725 1161 739 1173 .
786 1122 914 1174 Alias
952 1126 1068 1174 enirn
1104 1140 1195 1173 non
1231 1118 1462 1190 potuiffent
1498 1126 1626 1173 aliter
1662 1124 1816 1173 docere
1842 1160 1854 1182 ‚
1891 1122 1968 1171 nifi
2004 1125 2087 1172 ali-

248 1210 318 1244 ter
355 1195 566 1261 haberent
600 1213 676 1263 per
711 1211 808 1261 quae
843 1194 1052 1246 docerent
1078 1230 1091 1243 .
1153 1194 1272 1245 Sicut
1308 1193 1396 1241 illis
1431 1209 1519 1241 non
1569 1193 1773 1261 potuiffet
1825 1191 2089 1246 succedere„

247 1265 495 1333 'corruptela
528 1263 734 1314 doctrinae
769 1264 857 1315 fine
894 1264 1140 1332 corruptela
1175 1264 1557 1313 instrumentorum
1603 1269 1733 1330 ejus;
1785 1265 1847 1312 ita
1883 1267 1933 1311 &.
1960 1261 2090 1310 nobis

247 1336 480 1397 integritas
527 1334 732 1384 doetrinae
780 1353 870 1384 non
904 1332 1173 1403 competiffet
1226 1334 1311 1383 fine
1349 1336 1602 1396 integritate
1644 1351 1791 1382 eorum
1819 1369 1832 1393 ‚
1880 1350 1955 1399 per
1991 1349 2090 1398 quae

248 1403 447 1453 doitrina
482 1409 690 1454 tracitatur
721 1438 733 1450 .
782 1407 958 1455 Etenim
1005 1404 1114 1472 quid
1150 1405 1418 1454 contrarium
1467 1402 1594 1452 nobis
1634 1405 1678 1452 in
1717 1400 1913 1453 nostris?
1962 1400 2085 1470 Qid

246 1471 306 1523 de
340 1476 519 1541 proprio
554 1475 781 1524 intulimus
808 1512 821 1537 ‚
868 1491 916 1523 ut
952 1473 1121 1541 aliquid
1157 1477 1423 1523 contrarium
1459 1476 1499 1523 ei
1541 1510 1554 1533 ,
1603 1473 1724 1540 quod
1758 1471 1859 1522 effet
1895 1474 1941 1520 in
1977 1475 2090 1520 Scri-

247 1545 390 1615 pturis
424 1543 738 1612 deprehensum
775 1566 797 1605 ‚·
834 1543 1100 1594 detractione
1156 1545 1230 1594 vel
1264 1542 1505 1609 adjeetione
1528 1578 1541 1602 ,
1590 1544 1660 1592 vel
1698 1542 2091 1595 transmutatione..

247 1612 632 1670 remediaremus?
682 1613 816 1682 Qod
850 1607 991 1663 sumus
1021 1650 1034 1674 ,
1084 1615 1167 1662 hoc
1203 1611 1299 1662 sunt
1338 1615 1567 1680 Scripturae
1604 1613 1660 1661 ab
1695 1615 1825 1662 initio
1860 1612 1935 1661 suo
1964 1633 1974 1661 :
2025 1612 2091 1661 Ex

248 1684 339 1733 illis
375 1679 521 1732 sumus
554 1720 567 1745 ,
603 1700 837 1751 antequam
874 1686 1000 1733 aliter
1038 1683 1121 1732 fuit
1147 1720 1159 1744 ‚
1196 1699 1431 1750 antequam
1468 1682 1494 1730 a
1533 1682 1656 1732 vobis
1694 1684 2058 1750 interpolarentur
2075 1704 2091 1729 .·

248 1757 367 1811 Cum
403 1769 549 1803 autem
586 1757 731 1804 omnis
763 1756 1048 1823 interpolatio
1083 1752 1299 1820 posterior
1334 1751 1550 1802 credenda
1586 1753 1637 1800 fit
1676 1788 1688 1811 ,
1725 1757 1902 1801 veniens
1939 1755 2093 1818 utique

250 1842 307 1873 ex
342 1821 467 1874 causa
502 1825 793 1883 aemulationis
822 1860 836 1883 ,
871 1842 968 1890 quae
1005 1841 1144 1889 neque
1181 1826 1299 1889 prior
1340 1858 1354 1882 ,
1404 1838 1544 1887 neque
1583 1820 1821 1870 domestica
1856 1839 2095 1888 unquam-2

248 1891 312 1943 est
347 1898 436 1958 ejus
471 1892 595 1960 quod
630 1894 852 1942 aemulatur
875 1930 887 1953 ‚
928 1909 1020 1943 tam
1056 1891 1306 1941 incredibile
1342 1889 1403 1939 est
1440 1893 1631 1957 Sapienti
1667 1894 1828 1958 cuique
1867 1927 1880 1951 ‚
1928 1908 1976 1940 ut
2013 1909 2091 1941 nos

248 1963 497 2014 adulterum
550 1962 696 2010 stilum
734 1961 919 2009 intuliffe
955 1961 1178 2010 videamur
1215 1963 1445 2026 Scripturis
1469 1994 1483 2019 ‚
1519 1963 1598 2026 qui
1635 1959 1774 2009 sumus
1809 1960 1836 2010 a
1871 1963 2090 2029 principio

249 2037 294 2081 &
330 2033 461 2099 primi
498 2065 512 2090 ‚
559 2028 694 2098 quam
743 2031 840 2078 illos
878 2048 967 2079 non
1014 2027 1200 2078 intulisse
1237 2032 1315 2096 qui
1352 2027 1446 2077 sunt
1495 2034 1537 2078 δε
1595 2029 1755 2098 posteri
1803 2035 1846 2080 &
1881 2030 2047 2081 adversi
2071 2068 2086 2081 .

250 2101 383 2166 Alius
420 2117 552 2150 manu
587 2103 825 2167 Scripturas
858 2135 870 2158 ‚
914 2101 1024 2150 alius
1060 2098 1199 2149 sensus
1235 2099 1504 2167 expolitione
1541 2102 1789 2165 interve5tit
1814 2138 1826 2150 .
1890 2106 2091 2170 Nequej

251 2174 371 2220 enim
409 2169 439 2218 fi
478 2170 734 2219 Valentinus
772 2170 937 2233 integre
976 2168 1262 2219 instrumento
1298 2172 1363 2218 uti
1401 2169 1570 2221 videtur
1595 2208 1608 2232 ‚
1645 2190 1733 2222 non
1768 2171 1993 2222 callidiore
2020 2167 2088 2223 in-⁴

251 2243 386 2305 genio
421 2238 558 2308 quam
594 2243 793 2290 Marcion
830 2258 981 2290 manus
1018 2241 1174 2301 intulit
1203 2242 1420 2291 veritati.
1468 2244 1665 2292 Marcion
1709 2245 1824 2293 enim
1860 2243 2022 2307 exerte)
2042 2249 2086 2294 &

253 2310 402 2379 palam
438 2310 648 2360 machaera
683 2348 696 2371 ,
745 2330 831 2363 non
869 2310 970 2360 stilo
1006 2310 1101 2360 usus
1138 2308 1207 2359 es(
1248 2331 1259 2358 :
1312 2313 1534 2379 Qoniam
1571 2312 1627 2361 ad
1663 2316 1890 2364 materiam
1925 2313 2087 2363 suam...

253 2380 413 2430 caedem
452 2383 768 2448 Scripturarum
804 2382 996 2430 confecit
1019 2417 1032 2428 .
1071 2381 1332 2429 Valentinus
1369 2397 1517 2431 autern
1554 2387 1779 2451 pepercit:
1819 2388 2086 2453 QonIatm

252 2468 343 2500 non
378 2449 434 2499 ad
471 2455 696 2500 materiam
735 2455 971 2520 Scripturas
1002 2488 1014 2511 ‚
1052 2448 1123 2498 sed
1159 2453 1383 2501 materiam
1419 2451 1475 2499 ad
1512 2456 1748 2522 Scripturas
1784 2457 2081 2518 excogitavit.

254 2525 315 2570 Et
350 2536 499 2570 tamen
536 2523 632 2590 plus
668 2520 843 2571 abstulit
870 2559 884 2582 ‚
930 2526 973 2571 δε
1009 2522 1104 2588 plus
1140 2519 1302 2584 adjecit
1330 2557 1342 2580 ‚
1388 2522 1582 2571 auferens
1618 2528 1906 2594 proprietates
1942 2525 2083 2588 fingu«

256 2592 395 2670 lorum
439 2608 618 2658 quoque
666 2593 895 2644 verborum
933 2629 947 2655 ‚
994 2596 1038 2643 δε
1072 2589 1281 2657 adjiciens
1327 2589 1630 2662 dispositiones
1678 2612 1768 2647 non
1825 2599 2081 2669 comparem

256 2675 368 2712 tium
403 2678 569 2710 rerum.

249 919 477 1144 ILlic
513 917 648 981 igitur
685 918 1004 985 Scripturarum
1053 918 1096 962 &
1131 913 1441 979 expositionum
1491 911 1758 964 adulteratio
1793 911 2083 980 deputanda-

321 3402 324 3417 2
350 3383 661 3429 ''ChrfflcLupioperae
681 3387 760 3419 Tom.
778 3388 840 3421 IX.
1530 3387 1563 3423 C
1587 3398 1607 3422 c
1657 3398 1678 3435 3
1885 3387 2028 3425 SCHO-
