2346 3724
731 168 776 215 C
846 183 874 213 A
946 183 977 212 ιν
1037 180 1055 212 1
1125 184 1150 212 τ
1209 151 1236 213 ⁴1
1305 182 1324 212 s
1429 165 1641 213 XLIII.
1925 186 2023 237 377

1206 252 1348 282 vantium
1364 253 1482 290 pariter
1500 240 1659 290 exequen‘ta'
1670 271 1682 288 ,
1708 250 1742 283 ὁ·
1758 256 1812 292 per
1832 260 1922 286 unum
1941 252 2086 297 spiritum

1205 299 1384 331 concorditer
1400 296 1585 340 supplicanti
1606 299 1620 332 ?
1646 298 1747 332 Hanc
1767 310 1899 337 omnem
1925 303 1959 338 in
1983 306 2081 341 sacris

1206 348 1425 382 conventibus
1448 350 1609 383 unitatem
1635 346 1691 381 hic
1713 348 1862 392 praedicat
1885 353 2083 397 Septimius,

1205 400 1343 433 affirmat
1356 398 1503 433 Ecclefiae
1525 398 1733 433 necessariam
1744 422 1756 439 ,
1782 409 1881 442 atque
1896 401 1939 437 ita
1951 406 2085 447 praescri.

1207 449 1254 485 bit
1265 460 1415 485 neutram
1424 447 1510 494 apud
1523 448 1691 485 haereticos
1705 448 1837 493 reperiri
1852 474 1862 483 .

254 249 381 290 mifflmae
394 254 579 290 peccatorum
604 244 755 283 obtinetur
768 249 905 289 ahalma,
929 249 1048 292 quando
1057 254 1146 282 totius

267 298 403 340 Ecclesia·
420 307 484 329 una
498 296 537 335 est
555 303 648 330 oratio
661 320 671 336 ‚
695 300 730 333 ὢ·
751 311 813 333 una
834 300 961 342 confeffio
982 325 990 332 .
1019 301 1052 332 51
1068 305 1145 332 enim

267 351 390 384 duorum
410 348 465 382 veL
480 352 570 380 trium
594 348 768 382 sandinum
781 357 833 391 pio
855 348 1002 393 consensui
1024 355 1143 389 omnia,

264 395 528 447 quae-poposcerint
552 423 563 438 ,
607 402 752 433 Dominus
772 400 948 441 praestanda
970 406 1122 442 promittit
1135 425 1145 440 ‚

263 447 505 495 quidnegabitur
514 448 674 483 multorum
685 451 812 485 millium
820 450 903 494 plebi
911 477 923 493 ,
947 462 1041 485 unam
1053 449 1145 494 obser-

452 630 531 716 C
642 634 731 720 A
846 634 912 717 P
1023 636 1108 719 U
1204 635 1303 718 T
1470 631 1890 720 XLIV.

390 799 634 883 Fidem
688 831 875 883 nemo
926 802 1301 910 &apr-abit,
1364 801 1483 908 qui
1522 795 1765 904 futuri
1820 828 1956 880 me-

876 917 1150 997 minerit
1193 917 1476 1022 judicii.

260 1076 641 1303 PRoinde
675 1079 769 1130 haec
805 1079 1015 1147 preffioris
1050 1077 1168 1148 apud
1203 1098 1282 1130 nos
1326 1080 1573 1130 testimonia
1617 1077 1856 1148 disciplinae
1902 1078 1958 1128 ad
1992 1097 2092 1148 pro-

499 1149 727 1200 bationem
752 1152 951 1200 veritatis
974 1150 1224 1201 accedunt:
1263 1157 1308 1199 A
1337 1167 1428 1218 qua
1451 1150 1677 1200 devertere
1704 1151 1866 1199 nemini
1892 1150 2092 1217 expedit,

501 1221 579 1286 qui
607 1221 853 1272 meminerit
892 1220 1024 1270 futuri
1046 1220 1199 1286 judicii
1226 1257 1240 1281 ‚
1286 1238 1378 1288 quo
1399 1237 1553 1270 omnes
1593 1237 1674 1269 nos
1700 1217 1861 1285 necesse
1888 1219 1949 1267 est
1975 1217 2095 1285 apud

501 1290 666 1339 Christi
692 1290 883 1340 tribunal
906 1290 1072 1341 adstare
1098 1328 1111 1353 ,
1157 1290 1383 1341 reddentes
1408 1292 1626 1339 rationem
1651 1326 1664 1349 ,
1712 1292 1758 1337 in
1785 1291 1939 1356 primis
1966 1288 2094 1355 ipsius

257 1355 388 1407 fidei.
425 1359 548 1427 Qid
574 1360 680 1423 ergo
705 1360 854 1411 dicent
878 1364 957 1429 qui
983 1363 1104 1411 illam
1134 1362 1423 1430 stupraverint
1447 1359 1662 1409 adulterio
1691 1360 1921 1418 haeretico,
1957 1360 2095 1420 virgi-

257 1443 361 1475 nem
386 1431 595 1479 traditam
620 1429 648 1479 ὲ
672 1431 848 1481 Christo
874 1429 894 1480 ?
928 1432 1076 1483 Credo
1101 1432 1352 1496 allegabunt
1375 1468 1389 1494 ,
1426 1431 1537 1479 nihil
1571 1447 1764 1497 unquam
1789 1428 1868 1476 fibi
1903 1428 1961 1476 ab
1991 1429 2097 1489 illo,

257 1498 332 1546 vel
360 1499 418 1549 ab
447 1501 674 1568 Apostolis
700 1506 791 1566 ejus
822 1538 836 1562 ‚
884 1501 940 1551 de
967 1502 1067 1553 seris
1106 1508 1150 1566 &
1175 1502 1382 1571 perversis
1406 1500 1613 1550 doctrinis
1651 1499 1806 1549 futuris
1833 1499 2097 1567 praenuntia-

257 1582 355 1616 tum
378 1606 393 1630 ,
442 1576 486 1620 &
511 1569 568 1621 de
593 1571 799 1622 cavendis
825 1571 1214 1641 abominandisque
1248 1588 1509 1641 praeceptum
1534 1607 1548 1619 .
1585 1568 1838 1635 Agnoscant
1867 1566 1985 1617 suam
2017 1585 2097 1634 po-

258 1639 348 1687 tius
375 1642 553 1710 culpam
582 1639 719 1708 quam
747 1643 950 1705 illorum,
983 1647 1064 1712 qui
1091 1660 1171 1693 nos
1196 1644 1325 1693 tanto
1351 1642 1453 1692 ante
1479 1641 1832 1711 praestruxerunt:
1869 1637 2095 1704 Adjicient

257 1723 462 1776 praeterea
492 1713 632 1761 multa
654 1710 712 1762 de
737 1716 996 1763 auotoritate
1018 1713 1227 1781 cujusque
1262 1715 1469 1762 D06coris
1505 1712 1697 1761 haeretici
1723 1748 1737 1773 ,
1774 1710 1875 1758 illos
1908 1707 2096 1757 maxime

254 1778 461 1829 dorstrinae
485 1781 566 1830 suae
594 1781 724 1832 fidem
763 1782 1032 1833 confirmasse
1059 1821 1072 1846 ,
1108 1799 1304 1832 mortuos
1330 1779 1540 1830 suscitasse
1563 1816 1577 1838 ,
1620 1780 1790 1827 debiles
1825 1773 2095 1836 reformasse,

254 1849 402 1899 futura
430 1850 679 1912 significasse
702 1885 717 1909 ‚
752 1855 820 1898 uti
846 1852 1006 1901 merito
1028 1852 1232 1920 Apostoli
1265 1849 1539 1899 crederentur
1564 1883 1578 1894 .
1617 1846 1753 1915 Qafi
1778 1863 1859 1895 nec
1887 1846 1971 1895 hoc
1997 1844 2099 1894 scri-

252 1935 384 1986 ptum
409 1919 488 1978 fit,
528 1934 736 1965 venturos
770 1921 962 1977 multos,
994 1924 1075 1983 qui
1099 1924 1234 1970 etiam
1259 1923 1446 1966 virtutes
1471 1917 1682 1964 maximas
1705 1913 1912 1975 ederent,
1948 1914 2003 1962 ad
2017 1915 2097 1963 fal-

252 1991 415 2038 iaciam
440 1982 722 2034 muniendam
748 2000 963 2052 corruptae
988 1986 1308 2054 praedicationis
1338 2023 1351 2035 .
1387 1991 1544 2052 Itaque
1572 1987 1744 2034 veniam
1785 1984 2095 2035 merebuntur.

250 2059 349 2127 0ρί
383 2054 491 2106 vero
515 2071 728 2103 memores
753 2058 1088 2106 Dominicarum
1112 2062 1158 2107 δε
1182 2056 1533 2124 Apostolicarum
1560 2054 1947 2105 denuntiationum
1974 2058 2020 2104 in
2044 2055 2095 2104 fi-

253 2125 312 2178 de
340 2128 502 2190 integri
529 2124 752 2185 steterint,
787 2124 920 2175 credo
947 2125 1002 2176 de
1029 2130 1155 2176 venia
1182 2126 1547 2195 periclitabuntur
1574 2163 1588 2186 ,
1621 2124 1907 2193 respondente
1933 2129 2094 2176 Domi-

253 2215 358 2250 no:
397 2197 790 2246 Praenuntiaveram
819 2196 950 2264 plane
975 2196 1145 2248 futuros
1183 2197 1367 2248 fallaciae
1404 2197 1634 2260 Magistros
1674 2199 1721 2245 in
1757 2214 1859 2246 meo
1887 2199 2092 2257 nomine,

252 2271 300 2318 δι
323 2266 639 2335 Prophetarum
664 2301 677 2326 ,
716 2270 760 2316 δε
790 2266 1099 2334 Apostolorum
1122 2269 1260 2318 etiam
1285 2289 1298 2328 3
1336 2272 1379 2317 δε
1402 2266 1686 2318 Discentibus
1716 2269 1828 2316 meis
1855 2266 2008 2316 eadem
2034 2266 2092 2316 ad

250 2354 336 2399 ¹vos
359 2335 592 2407 praedicare
616 2336 956 2398 mandaveram3
990 2337 1445 2402 semelEvangelium,
1482 2335 1728 2405 &ejusdem
1755 2338 1909 2400 regulae
1929 2337 2091 2386 (1οᾶτί-

253 2425 359 2458 narn
384 2407 607 2476 Apostolis
637 2408 745 2456 meis
767 2405 1070 2472 delegaveram
1097 2429 1111 2458 t
1148 2408 1231 2458 Sed
1253 2427 1392 2476 quum
1423 2426 1504 2459 vos
1529 2426 1619 2458 non
1652 2406 1888 2457 crederetis
1911 2443 1924 2468 ,
1959 2406 2092 2457 libuit

253 2480 367 2528 mihi
390 2477 538 2546 postea
561 2476 731 2544 aliquid
755 2477 856 2528 inde
870 2495 1068 2529 mutare.
1103 2478 1473 2529 Resurrectionem
1491 2477 1767 2547 promiseram
1782 2515 1798 2539 ,
1831 2479 1968 2527 etiam
1994 2495 2091 2527 car-

251 2551 323 2599 nis
348 2568 362 2606 3
397 2546 470 2597 sed
494 2549 744 2611 recogitavi
777 2565 834 2598 ne
865 2550 1046 2617 implere
1082 2567 1171 2599 non
1199 2547 1359 2618 possem
1384 2587 1398 2598 .
1433 2553 1610 2599 Natum
1647 2567 1720 2598 me
1741 2547 2011 2598 ostenderam
2035 2565 2089 2596 ex

252 2618 426 2681 virgine
452 2637 466 2675 3
501 2615 574 2666 sed
601 2618 746 2684 postea
768 2634 896 2687 turpe
927 2620 1036 2669 mihi
1061 2618 1196 2669 visum
1226 2619 1287 2669 est
1317 2656 1331 2668 .
1369 2624 1544 2670 Patrem
1576 2618 1775 2668 dixeram
1800 2655 1815 2678 ,
1848 2619 1929 2685 qui
1955 2615 2088 2671 solem

251 2687 482 2755 &pluvias
505 2686 614 2736 facit
628 2708 643 2748 3
677 2686 751 2737 sed
779 2690 890 2738 alius
927 2708 998 2738 me
1023 2706 1151 2758 pater
1172 2691 1327 2739 melior
1355 2688 1591 2755 adoptavit
1615 2724 1630 2735 .
1666 2688 1979 2735 Prohibueram
2004 2672 2088 2735 vds

252 2773 401 2807 aurem
426 2757 759 2807 accommodare
788 2759 1001 2809 haereticis
1027 2797 1041 2822 ‚
1078 2760 1149 2811 sed
1172 2762 1350 2810 erravi.
1384 2758 1515 2807 Talia
1547 2756 1671 2824 capit
1694 2758 1867 2824 opinari
1901 2773 1978 2805 eos
2005 2758 2084 2823 qui

250 2827 532 2890 exorbitant,
564 2826 725 2883 &fidei
748 2831 952 2880 veritatis
974 2833 1215 2899 periculum
1241 2847 1336 2879 non
1355 2843 1547 2879 cavent.

1200 2952 1378 2996 perversam
1390 2974 1401 2991 ,
1422 2948 1541 2994 utpote
1552 2958 1671 2984 vocum
1685 2946 1866 2982 novitatem
1878 2971 1889 2988 ‚
1914 2958 1986 2991 quae
1996 2946 2087 2996 Apo·

1200 3003 1319 3038 stolico
1345 3001 1495 3046 dogmati
1518 3011 1587 3034 non
1613 2998 1708 3042 poffit
1727 2998 1792 3033 effe
1817 2998 2085 3042 consanguinea.

400 3079 402 3081 -
570 3082 580 3092 .
660 3082 667 3092 .
712 3082 721 3093 ,
768 3083 776 3093 .
1199 3052 1310 3086 Etiam
1332 3063 1388 3096 per
1408 3049 1583 3096 Virginem
1607 3049 1722 3089 illam,
1747 3059 1847 3092 quam
1867 3048 1933 3081 Dei
1952 3048 2085 3082 aemula-

397 3075 597 3144 Prfforls
628 3076 829 3148 dfi‘lplmae
839 3114 855 3141 3
891 3083 987 3127 <9⁴⁶0
1147 3147 1149 3149 Ι
1198 3103 1290 3137 tione
1299 3101 1470 3136 aemulatur
1480 3125 1493 3141 ,
1518 3101 1553 3134 ’ἅ
1563 3101 1621 3133 uni
1635 3097 1849 3133 viroChristo
1858 3097 1979 3132 castam
1991 3097 2084 3134 exhi·

1197 3153 1272 3187 bere
1289 3151 1463 3195 despondit
1483 3149 1683 3193 Apostolus,
1706 3147 1792 3182 recte
1807 3147 1962 3192 intelligit
1980 3148 2080 3182 fidem

314 3196 478 3235 Actorum
487 3199 614 3234 ‘rituum
630 3198 668 3234 &
678 3200 791 3234 omnis
803 3199 1034 3235 Ecclefiasticae
1042 3197 1136 3234 disci·
1197 3202 1415 3237 Christianam
1426 3226 1433 3233 .
1461 3199 1530 3235 Uti
1541 3209 1677 3242 corpore
1687 3209 1742 3242 per
1752 3198 1929 3243 Virginem
1941 3198 1975 3232 δε
1986 3197 2083 3241 Spiri-

341 3250 434 3291 plinae
453 3250 638 3293 premerem
658 3249 900 3285 observantiam
921 3249 1007 3294 apud
1027 3250 1136 3285 Eccle·
1193 3263 1267 3288 tum
1289 3253 1442 3286 Sanstum
1461 3260 1645 3293 conceptus
1663 3249 1701 3283 ὃ(
1724 3248 1876 3283 natusest
1890 3248 2081 3288 Dominus,

251 3295 331 3330 ffim
344 3321 355 3336 2
371 3300 562 3344 neglectum
572 3300 659 3344 apud
670 3298 845 3335 haereses&
857 3298 1031 3335 schismata
1053 3300 1137 3344 vige·
1195 3304 1240 3338 ita
1263 3314 1318 3347 per
1335 3302 1480 3335 Matrem
1498 3299 1623 3343 Spiritu
1647 3295 1822 3343 Virginem
1844 3297 1878 3331 δε
1899 3299 2009 3332 Deum
2022 3298 2081 3333 Pa-

251 3356 287 3380 re
303 3347 428 3381 Dofior
447 3350 584 3384 affirmat
593 3349 704 3384 denuo
715 3375 725 3390 ,
751 3350 956 3395 praescribens
967 3349 1055 3385 hunc
1074 3351 1136 3385 effe
1194 3362 1278 3387 trem
1297 3352 1481 3394 coneipitur
1491 3360 1590 3394 atque
1611 3348 1784 3383 renascitur
1800 3348 1910 3382 omnis
1920 3347 2081 3382 Christia-

250 3396 388 3430 firmum
411 3394 626 3433 characterem
647 3401 764 3435 amiffae
775 3399 957 3435 Catholicae
970 3402 1116 3436 veritatis
1127 3426 1134 3433 .
1196 3414 1268 3436 nus.
1297 3404 1340 3437 Et
1352 3402 1430 3436 hinc
1442 3401 1606 3435 laudatam
1618 3398 1636 3432 a
1649 3398 1810 3443 Septimio
1820 3397 1919 3432 fidem
1940 3399 2003 3432 effe
2022 3407 2081 3440 po-

247 3446 401 3483 Omnem
422 3447 504 3483 item
519 3449 734 3493 posteriorem
755 3450 937 3486 doctrinam
949 3450 1135 3496 repetitesse
1192 3453 1257 3488 tius
1278 3454 1379 3497 ipsam
1401 3450 1498 3496 hujus
1516 3448 1701 3486 Catholicae
1719 3449 1839 3484 Matrix
1852 3447 2093 3507 virginitatem¹

1968 3506 2033 3532 tra-

438 2962 949 3008 Senotlon.
