2346 3724
668 206 1086 253 CA1›1·r

1158 218 1173 246 1
1248 214 1267 244 S

1374 201 1600 246 VIII.
1890 220 1977 251 121

217 291 395 328 Christiani
418 290 574 325 Doctoris
597 312 604 320 .
634 287 732 322 Hanc
754 283 972 320 curiositatem
997 280 1096 314 etiam
1157 283 1266 324 pulvis
1287 286 1432 327 exiguus.
1461 282 1605 318 Videtur
1627 282 1791 324 Propheta
1811 296 1923 329 gentes
1944 289 1961 322 ὲ
1983 287 2054 322 Dei

218 343 328 379 laudat
347 367 358 383 ,
397 343 430 376 δε
455 341 511 384 ipfi
537 339 659 374 limites
681 337 753 381 figit
777 335 911 370 Sanctus
933 332 1071 365 Irenaeus
1088 355 1099 371 ,

218 394 381 429 affirmans
408 391 515 435 plures
542 388 732 434 quaestiones
754 386 816 419 effe
837 382 1098 425 nobisimpene-

218 445 351 483 trabiles
362 447 387 487 ,ᾗ
399 441 540 485 ideoque
561 439 694 474 Divinae
706 435 867 479 sapientiae
877 430 1081 467 reservandas
1095 456 1101 462 .

219 499 263 533 Et
275 493 476 532 Gnosticos,
505 490 584 524 dum
597 489 750 523 reservare
771 485 890 517 nolunt
907 507 917 523 ,
946 482 1100 537 lapsosiu

219 544 418 581 stultissimas
442 540 668 585 blasphemias.
699 535 841 572 Proinde
854 533 956 567 alium
971 531 1103 565 Gnosti-

219 610 283 637 ca,
309 595 412 629 alium
437 594 569 635 scopum
594 589 692 624 habet
708 584 896 620 orthodoxa
921 582 1103 619 curiofitas.

219 648 302 681 Haec
314 643 508 688 Evangelici
519 639 684 686 dogmatis
698 636 826 670 fidelem
836 632 1104 689 intelligentiam,

219 699 281 734 ista
299 695 367 738 ejus
389 692 666 737 scrupulositatem
687 712 697 728 ‚
737 687 791 720 seu
815 697 870 729 per
892 693 1105 728 quaerentium

220 750 257 784 δε
279 745 485 782 audientium
498 742 664 786 scrupulos
691 735 967 781 inquietationem
991 759 1009 790 .·
1024 732 1105 767 Non

222 799 353 842 penitus
376 794 460 828 male
482 792 591 828 scribit
614 791 650 825 in
685 787 770 822 libro
802 786 843 820 de
867 785 1031 819 Pudicitia
1063 794 1106 816 et·

220 851 289 884 iam
312 843 521 879 Montanista
545 838 741 885 Septimius:
767 833 939 878 Huiusmodi
964 831 1109 876 curiosita-

222 909 270 934 tes
294 899 328 931 ὀ·
347 894 485 939 fiespec‘la
499 892 621 934 faciunt
643 888 804 931 quaedam,
834 883 1046 918 &caudarum
1058 895 1107 916 ex·

218 947 393 992 positionum
410 943 575 988 subtilitate
593 941 765 984 plerumque
793 936 942 969 deducunt
970 937 1107 967 dverita·

223 1008 269 1033 te.
300 997 405 1030 Notat
430 992 570 1027 curiosas
592 988 758 1027 nimium,
784 988 934 1026 coactas,
959 984 992 1018 δε
1013 981 1110 1017 subti-

223 1050 272 1083 les
311 1044 572 1080 Dominicarum’
606 1037 832 1083 parabolarum
870 1034 1110 1078 expofitiones.

224 1099 291 1132 Eas
310 1105 389 1139 quas
410 1093 455 1128 ibi
479 1092 580 1125 versat
593 1114 605 1130 ‚
630 1086 745 1131 utpote
764 1085 992 1124 orthodoxas,
1018 1084 1111 1117 scele-

223 1147 293 1183 rate
313 1145 464 1183 invadit,
490 1151 614 1175 certum
638 1148 747 1172 tamen
770 1135 817 1170 est
842 1160 853 1176 ,
879 1133 1031 1179 quasdam
1055 1135 1112 1167 fre-

225 1207 365 1243 quenter
388 1194 515 1230 deviare
529 1216 536 1223 .
560 1188 796 1224 Gnosticorum
809 1185 1029 1229 expositiones
1042 1184 1112 1217 fuis-

226 1250 260 1283 se
281 1241 517 1282 sceleratissime
533 1241 668 1279 devias,
697 1238 794 1270 variis
811 1237 846 1270 in
872 1235 955 1270 locis
978 1235 1115 1268 demon-

227 1299 307 1334 strat
327 1296 462 1330 sanctus
485 1294 639 1327 Irenaeus.
669 1288 794 1322 Eadem
813 1285 848 1319 in
870 1297 904 1320 re
916 1284 1115 1329 quandoque

228 1347 396 1385 excedunt
418 1342 572 1376 hodierni
587 1339 870 1373 concionatores.
900 1335 1046 1379 Proinde
1061 1345 1117 1367 no-

230 1397 293 1431 stra
322 1393 490 1430 curiositas
503 1416 515 1433 ,
541 1401 577 1423 ut
593 1386 765 1423 laudabilis
776 1387 813 1418 sit
829 1410 839 1424 ,
865 1386 928 1419 effe
941 1383 1038 1418 debet
1049 1395 1118 1420 mo·

228 1447 363 1483 derata.-
389 1443 493 1488 ligata
520 1439 563 1474 ad
580 1439 773 1474 Sanctorum
788 1435 924 1470 Panum
938 1435 1118 1469 terminos.

81 369 143 400 Lib.
156 378 183 396 2.

84 418 147 448 cap.
157 419 203 444 47-

64 872 139 910 Cap.
154 881 181 907 9.

465 1596 598 1639 Certus
622 1582 682 1652 effi
706 1581 852 1651 dcfil'ffit
865 1620 879 1632 ·

281 1747 389 1781 Hunc
410 1741 523 1776 locum
544 1736 684 1781 exponit
706 1735 834 1770 Dostor
854 1734 888 1768 in
916 1732 1002 1768 libro
1014 1732 1055 1766 de
1067 1732 1122 1765 Ba-

233 1796 378 1840 p'tismo:
406 1790 508 1835 Ipsum
520 1790 603 1833 quod
619 1786 724 1826 coelefle
744 1793 779 1820 in
785 1790 816 1831 J
819 1795 912 1818 oanne
918 1783 1023 1825 fuerat
1037 1807 1046 1822 ,
1062 1785 1125 1824 5pi-

233 1854 309 1880 ritus
338 1843 509 1886 prophetia
542 1838 604 1882 post
624 1843 714 1869 totius
749 1838 880 1878 spiritus
908 1843 941 1867 in
965 1837 1126 1866 Dominum

235 1897 467 1931 translationem
489 1888 679 1932 usqueadeo
700 1885 830 1927 defecit,
858 1894 892 1918 ut
908 1896 995 1927 quem
1015 1885 1116 1925 praedi

236 1941 363 1981 caverat
373 1969 384 1985 ,
408 1951 494 1985 quem
507 1939 720 1982 advenientem
732 1934 941 1979 designaverat
952 1959 963 1975 ,
980 1935 1128 1984 postmodo

236 2009 279 2030 an
300 1994 362 2039 ipse
390 1994 455 2036 effee
479 2015 490 2030 ,
525 1986 637 2031 miserit
659 1983 847 2029 sciscitatum
869 2009 877 2017 .
915 1984 971 2018 De
993 1984 1128 2027 Joannis

236 2047 437 2088 Baptismate
462 2039 574 2074 scribit
599 2038 633 2070 in
657 2036 747 2069 libris
768 2035 809 2069 de
834 2033 1005 2078 Baptismo
1019 2034 1128 2069 adver-

77 2095 222 2128 L=5·t·9·
237 2096 312 2130 siim
334 2090 528 2128 Donatistas
541 2088 674 2121 Sanetus
690 2084 916 2130 Augustinus:
946 2089 1062 2127 Accepit
1078 2083 1129 2117 boc

230 2150 264 2193 J
267 2155 376 2178 oannes
389 2150 477 2176 certae
491 2135 722 2182 dispensationis
740 2141 847 2179 gratia
866 2146 924 2167 non
946 2136 998 2169 diu
1011 2133 1128 2177 mansu-

236 2207 305 2231 rum
330 2218 341 2234 ‚
366 2192 421 2238 sed
444 2197 590 2234 quantum
606 2185 685 2230 satis
709 2185 774 2228 effer
791 2186 835 2218 ad
848 2187 1023 2227 parandam
1044 2191 1129 2218 vlam

239 2249 363 2279 Domini
387 2268 398 2284 ,
438 2242 520 2282 cujus
546 2249 612 2271 eum
637 2236 688 2278 effe
711 2233 924 2275 Praecursorem
947 2233 1097 2275 oportebat
1123 2257 1129 2262 .

238 2295 468 2330 Tertullianus
492 2299 562 2322 non
584 2283 819 2319 tantummode
848 2283 1015 2326 Baptisma
1039 2306 1049 2321 ,
1076 2282 1127 2316 sed

239 2347 342 2380 etiam
365 2338 550 2384 Prophetiae
575 2335 704 2370 donum
728 2333 799 2367 vult
813 2332 848 2365 in
871 2334 992 2367 Sancto
1003 2333 1129 2374 Joanne

240 2396 333 2430 fuine
353 2388 534 2434 temporale
550 2410 561 2424 ‚
587 2385 730 2425 ideoque
749 2381 959 2424 praecursoriae
986 2379 1119 2424 praedica

239 2443 346 2478 tionis
367 2439 500 2484 expleto
525 2433 638 2468 officio
664 2430 881 2468 exstinctum,
908 2430 1011 2477 de
1026 2431 1129 2473 ipsum

240 2492 352 2528 scribit
377 2492 411 2524 in
434 2496 551 2532 quarto
577 2483 664 2518 libro
691 2479 842 2515 adversus
865 2480 1087 2515 -Marcionem
1120 2494 1130 2513 .-

95 2558 168 2594 ξαρ,
181 2556 224 2584 13,
242 2542 309 2587 Ipso
328 2545 392 2580 iam
417 2542 543 2572 Domino
556 2559 567 2575 ,
591 2538 743 2567 virtutum
751 2530 886 2574 sermone
901 2532 935 2565 (τ
950 2533 1055 2564 Patris
1066 2533 1130 2573 spi·

241 2600 306 2629 ritu
318 2618 328 2634 ‚
354 2592 535 2634 operantem
552 2589 642 2619 terris
655 2583 885 2625 &predicante
897 2606 907 2621 ,
937 2582 1040 2624 neceffl·
1065 2591 1128 2614 erat

242 2649 410 2688 portionem
433 2637 535 2672 San&
557 2632 687 2677 spiritus
705 2635 774 2674 jam
794 2630 952 2675 abscedere
963 2634 1127 2677 eiJoanne.

245 2693 410 2728 Nicolaus
434 2686 599 2732 Rigaltius
625 2684 809 2727 praesentem
828 2682 941 2717 locum
965 2694 1130 2717 commen·

246 2753 334 2779 tatur
351 2756 361 2775 :
389 2744 499 2773 Etiam
517 2733 579 2779 post
592 2733 729 2777 exceffum
735 2735 766 2777 J
768 2737 888 2767 oannis.
916 2733 998 2767 Non
1021 2732 1067 2767 est
1087 2734 1129 2767 as.

246 2796 374 2828 secutus
395 2798 538 2824 mentem
561 2783 710 2829 Septimii
732 2808 739 2814 .
778 2782 906 2818 Verum
929 2783 987 2817 alii
1020 2783 1130 2827 paffim

247 2832 362 2880 Patres
386 2840 465 2875 huic
487 2835 712 2872 adversantur.
730 2832 908 2868 Affirmant
932 2832 974 2869 ab
995 2833 1131 2869 incarce-

247 2906 320 2931 xato
343 2902 397 2937 per
420 2886 589 2924 Herodem
612 2884 738 2928 Ioanne
764 2882 942 2928 discipulos
966 2894 1034 2918 non
1074 2895 1131 2928 pro

248 2947 309 2983 suo
322 2968 332 2984 ‚
359 2941 410 2975 sed
436 2950 495 2982 pro
515 2937 656 2980 ipsorum
681 2934 853 2969 dumtaxat
873 2933 1015 2970 levando
1028 2933 1132 2971 dubio

250 2995 345 3032 tuine
369 2991 411 3027 ad
423 2986 612 3026 Dominum
635 2984 819 3030 ablegatos.

73 1751 151 1788 Cap·
168 1758 216 1779 ιο.

460 3134 703 3187 Stillz'cz'di'um
738 3135 780 3184 de
803 3137 948 3200 situla.

306 3291 478 3331 Alluditur
490 3288 532 3325 ad
545 3286 826 3334 quadragesimum
839 3295 935 3329 caput
946 3283 1051 3320 Sancti
1063 3284 1140 3320 Pro-

261 3345 362 3390 phetae
377 3342 463 3376 lsaiae
476 3366 483 3374 .
509 3344 698 3383 Eccegemes
711 3334 976 3378 quafistillafitulae
990 3359 1001 3375 ,
1026 3338 1060 3371 <9
1069 3348 1141 3380 qua-

259 3393 285 3438 fi
294 3402 466 3428 numentum
472 3389 581 3432 statere
591 3397 727 3430 reputate
737 3385 807 3428 sunt
820 3411 827 3419 .
854 3390 928 3422 Ecce
937 3385 1043 3431 insula
1063 3385 1146 3431 quast

358 3439 464 3481 christ.
476 3445 554 3482 Lupi
565 3443 662 3480 Opera
681 3440 715 3470 T.
726 3439 783 3470 IX.

1162 332 1266 377 gratia
1290 332 1324 365 in
1349 344 1541 376 perpetuum
1565 333 1782 377 proscribere,
1810 345 1905 377 atque
1925 338 1968 371 ita
1980 348 2052 372 non

1163 383 1268 416 solum
1289 382 1406 426 Iudaeis
1427 384 1499 419 duri
1524 384 1557 420 &
1577 383 1752 429 pertinacis
1775 384 1809 417 in
1835 395 1896 417 nos
1915 385 1984 419 odii
2004 389 2053 422 fo-

1164 443 1273 466 menta
1294 434 1454 476 praebere,
1481 435 1579 469 sed&
1599 433 1906 469 haefitandicausam
1925 435 2054 477 quibus-

1165 483 1241 517 dam
1253 480 1425 524 fidelibus,
1451 485 1493 519 de
1504 485 1667 527 quibusin
1685 485 1778 528 primi
1797 483 1919 517 Psalmi
1931 495 2055 519 enarra-

1166 535 1257 568 tione
1267 534 1402 574 Saucius
1415 534 1605 569 Ambrofius
1617 548 1628 569 :
1654 540 1748 569 Nunc
1759 535 1836 567 illud
1851 533 1996 578 supereffe
2008 547 2056 567 ar-

1167 584 1333 622 bitramur,
1354 586 1436 627 quod
1456 591 1490 618 in
1513 586 1672 618 multorum
1684 597 1732 619 ore
1751 583 1912 628 versatur,
1938 596 1998 627 qua
2007 596 2059 617 ra-

1150 639 1242 675 'tione
1263 637 1345 668 Deus
1365 636 1481 669 dixerit
1499 644 1555 677 per
1578 634 1715 678 Isajam‚
1742 638 1795 670 Sic
1814 646 1931 669 omnes
1945 645 2058 679 gentes

1169 696 1203 717 ut
1217 684 1420 720 stillicidium
1437 684 1478 720 de
1491 697 1601 725 urce0‚
1627 687 1752 720 &ficut
1770 696 1979 719 momentum
2000 685 2060 719 sta-

1169 746 1243 768 terae
1254 735 1414 770 aestimatae
1426 736 1499 771 sunt
1512 761 1524 777 ,
1550 736 1585 771 &
1598 746 1634 769 ut
1647 738 1778 779 sputum
1796 735 2060 771 aestimabuntur.

1172 791 1218 819 Ira
1232 788 1299 830 erg&
1306 786 1449 828 peribunt
1460 798 1558 820 omnes
1565 796 1672 830 gentes
1676 786 1750 828 ficut
1768 786 1952 826 stillicidium
1961 788 1997 819 de
2013 798 2063 819 ur-

1152 821 1157 865 i
1171 848 1215 869 ceo
1229 860 1238 875 ‚
1265 839 1298 870 (9⁹
1310 846 1342 869 ut
1348 836 1470 880 sputum
1478 843 1561 880 perit
1572 862 1583 876 ,
1611 839 1644 870 (5
1665 838 1709 869 ad
1720 838 1815 870 nullos
1826 835 1895 880 usus
1916 836 2033 879 proficit
2047 836 2063 866 ?

1153 867 1297 920 iGentes
1320 888 1360 921 ad
1385 889 1449 921 Dei
1476 887 1741 932 Evangelium&
1763 889 1902 932 gratiam
1923 884 2066 921 omnino

1174 938 1309 980 spectare
1323 938 1466 972 ostendit
1476 940 1642 983 eleganter
1653 963 1663 979 ,
1692 949 1730 971 ac
1743 938 1868 982 pergit:
1898 937 1992 971 Debes
2014 936 2065 970 hoc

1171 987 1228 1020 loco
1249 994 1314 1021 vim
1327 991 1454 1022 Divinae
1471 987 1631 1031 sententia·
1649 987 1827 1030 considerare
1837 1013 1844 1020 .
1874 987 2068 1029 Contempla-

1175 1043 1252 1071 tione
1263 1043 1371 1070 etenim
1384 1042 1599 1072 ereaturarum
1615 1040 1775 1079 coelestium,
1786 1050 1854 1081 quae
1864 1039 1965 1071 multae
1971 1037 2044 1080 sunt
2055 1061 2067 1077 ,

1176 1089 1280 1129 nempe*
1296 1090 1486 1130 Angelorum,
1516 1088 1762 1132 Archangelorum
1772 1114 1783 1128 ,
1812 1092 2067 1129 Principatuum,

1178 1137 1358 1170 Tbronorum
1367 1163 1377 1178 ,
1405 1140 1643 1171 Dominationum
1656 1162 1666 1177 ,
1693 1139 1817 1171 millium
1837 1140 1871 1171 (τ
1895 1140 1993 1170 decem
2005 1137 2073 1170 mil-

1176 1189 1250 1221 lium
1262 1212 1274 1228 ,
1301 1189 1335 1222 (a
1354 1188 1618 1221 innumerabilium
1630 1189 1757 1221 millium
1768 1213 1777 1228 ,
1801 1197 1905 1231 gentes
1919 1197 1952 1219 ut
1958 1187 2072 1227 stillici-

1179 1240 1261 1271 dium
1273 1239 1308 1271 de
1318 1250 1399 1271 urceo
1411 1239 1567 1279 aestimatae
1577 1238 1668 1282 sunt.
1697 1243 1784 1271 Nam
1789 1238 1864 1280 ficut
1874 1239 1975 1270 coelum
1997 1238 2074 1270 adeo

1179 1291 1281 1330 majus
1305 1289 1343 1329 est
1357 1292 1446 1331 qucim
1470 1300 1552 1322 terra
1561 1314 1571 1328 ,
1598 1299 1630 1321 ut
1650 1292 1669 1322 ἃ
1683 1288 1832 1331 plerisque
1855 1293 2076 1330 comparatione

1179 1341 1242 1374 coeli
1254 1351 1335 1373 terra
1347 1347 1378 1373 ut
1387 1339 1530 1381 punt-‘Jum
1539 1339 1687 1378 aestimata
1693 1339 1729 1380 ſse
1741 1363 1752 1378 ,
1781 1339 1825 1371 iia
1841 1340 1883 1378 6(
1896 1340 1960 1379 ejus
1979 1339 2080 1379 pleni-

1181 1390 1251 1421 tudo
1262 1414 1269 1420 .
1295 1391 1349 1421 Ex
1359 1389 1413 1422 illa
1425 1396 1519 1435 igitur
1528 1391 1717 1433 plenitudine
1726 1390 1826 1431 coelesti
1845 1381 2080 1432 tciffnquamgun-

1183 1450 1216 1472 ta
1242 1441 1353 1472 cadens
1376 1440 1528 1479 aestimatae
1547 1438 1621 1483 sunt
1639 1451 1746 1483 gemes
1772 1465 1779 1472 .
1808 1438 1940 1472 Eodem
1975 1437 2080 1471 modo

1185 1490 1318 1524 Sanctus
1329 1488 1560 1532 Hieronymus
1572 1489 1773 1532 prophetam
1795 1489 1934 1539 equnit
1945 1513 1956 1528 ‚
1982 1498 2083 1531 atque

1185 1538 1335 1581 adjungit
1349 1551 1361 1572 .-
1387 1541 1419 1571 .51‘
1440 1550 1538 1571 omnes
1555 1548 1659 1581 gentes
1665 1537 1704 1579 fic
1720 1536 1794 1580 sunt
1815 1544 1848 1570 in
1860 1534 2010 1580 cdnspecVu
2024 1541 2093 1570 Dei'

1186 1586 1268 1629 quasi*
1276 1599 1334 1619 non
1345 1584 1404 1626 fint
1417 1610 1428 1627 ‚
1454 1589 1488 1628 ζῆ*
1499 1588 1670 1630 quafinihil
1680 1591 1713 1622 <5
1725 1595 1815 1622 inane
1825 1596 2004 1630 reputamur
2014 1610 2025 1625 ‚
2050 1593 2085 1619 in

1186 1638 1320 1670 omnibus
1332 1639 1580 1681 autemgentibus
1595 1640 1629 1672 &
1649 1637 1744 1681 Israel
1753 1639 1791 1679 est
1802 1664 1814 1680 ,
1839 1642 1906 1682 ergo
1930 1640 1964 1671 δ’
1977 1635 2038 1680 ipse
2047 1635 2085 1678 fic

1185 1687 1225 1728 est
1234 1713 1243 1728 ‚
1268 1686 1353 1730 quast
1359 1698 1417 1721 non
1423 1687 1463 1730 stt
1474 1713 1485 1729 ‚
1511 1690 1546 1723 (θ’
1556 1701 1592 1721 m
1602 1689 1682 1722 nihil
1701 1699 1791 1732 atque
1803 1695 1893 1723 inane
1904 1697 2062 1731 reputatur
2073 1710 2084 1719 .

1188 1801 1291 1821 rarum
1299 1794 1435 1832 gentium
1447 1787 1556 1830 fimiles
1569 1790 1620 1832 esse
1636 1788 1669 1832 se
1681 1796 1835 1824 noverint.

1239 1839 1343 1872 Sancti
1366 1839 1474 1872 lreuaei
1500 1838 1749 1882 interpretatio,
1775 1838 1854 1874 licet
1869 1839 2016 1879 diversa,
2041 1838 2090 1874 est
2116 1847 2178 1879 Lib.
2192 1858 2217 1883 5·

1189 1889 1422 1934 elegantiffima
1437 1901 1474 1922 ac
1487 1890 1654 1925 veriffitna.
1677 1890 1892 1925 Demonstrat
1903 1890 2017 1924 omnia
2031 1888 2091 1923 hu·
2116 1899 2179 1928 cap·
2191 1900 2237 1925 29·

1166 1730 1248 1976 {Hoc
1275 1733 1424 1780 dicimus,
1451 1748 1482 1771 ut
1500 1739 1668 1783 frangatur
1685 1742 1749 1781 ejus
1755 1738 1921 1784 superbia,
1947 1741 1981 1775 (θ’
2005 1745 2088 1771 caete-

1189 1939 1238 1982 jus
1250 1938 1368 1974 mundi
1380 1938 1398 1972 ὲ,
1412 1940 1539 1973 Divina
1554 1941 1759 1983 providentia
1772 1940 1871 1986 dirigi
1885 1940 1925 1975 ad
1939 1941 2092 1981 Elestos,

1190 1991 1225 2024 &
1239 2000 1369 2033 propter
1382 1990 1470 2032 ipsos
1482 1990 1550 2023 fieri
1564 2014 1574 2030 ‚
1602 2001 1699 2033 atque
1720 1992 1946 2034 prosequitur:
1975 1992 2089 2024 Gentes

1191 2048 1315 2079 autem,
1338 2051 1410 2086 με
1437 2038 1556 2083 &ipse
1571 2051 1629 2074 non
1651 2042 1861 2082 allevavemnt
1884 2040 1977 2073 oculos
1990 2045 2022 2070 in
2031 2050 2090 2073 εω-

1191 2090 1253 2124 lum
1265 2115 1277 2131 ,
1302 2101 1394 2133 neque
1397 2096 1518 2135 granas
1535 2098 1655 2132 egerunt
1662 2088 1775 2130 faHori
1783 2087 1860 2132 suo,
1887 2092 2088 2133 nequelumen

1191 2142 1335 2174 veritatis
1358 2142 1464 2173 videre
1491 2141 1646 2172 voluerunt
1671 2163 1682 2179 ,
1703 2138 1764 2182 sed
1778 2138 1853 2181 ficut
1875 2151 1976 2173 mures
1996 2146 2086 2179 circi,

1191 2188 1356 2231 absconditi
1381 2194 1413 2220 in
1429 2187 1581 2229 profundo
1600 2188 1775 2231 infipiemiae
1798 2214 1809 2231 ,
1828 2190 1908 2231 juste*
1933 2193 2032 2223 Sermo
2054 2199 2089 2224 ut

1186 2238 1370 2278 stillicidium
1389 2238 1427 2270 de
1439 2239 1532 2277 cado,
1557 2240 1591 2273 Θ
1595 2238 1670 2280 ficut
1691 2239 2002 2278 momentumstaterae
2014 2266 2023 2281 ,
2052 2244 2086 2275 (9·

1186 2287 1260 2329 ficut
1283 2286 1362 2320 nibil
1382 2289 1544 2330 deputavit
1557 2313 1568 2329 ,
1593 2295 1626 2323 in
1648 2290 1767 2323 tantum
1785 2292 1870 2324 utiles
1891 2291 2086 2334 &aptabiles

1185 2335 1277 2377 justis
1298 2360 1309 2375 ‚
1333 2338 1481 2378 quantum
1504 2339 1652 2372 utilitatis
1672 2340 1799 2382 praeliat
1818 2341 1932 2383 stipula
1942 2342 2088 2375 adtritiei

1193 2394 1408 2430 augmentum,
1437 2388 1470 2420 (ν’
1475 2389 1569 2428 palea
1590 2390 1655 2429 eius
1679 2396 1712 2423 in
1727 2390 1863 2431 ustionem
1883 2393 1928 2425 ad
1947 2397 2090 2435 operatio-

1193 2447 1260 2470 nem
1274 2441 1359 2469 auri.
1388 2437 1500 2484 Qam
1510 2436 1856 2476 dostrinmadversus
1868 2441 2090 2488 Pelagianum

1193 2497 1334 2520 errorem
1344 2486 1536 2530 ampiiffime
1546 2489 1724 2525 elucidavit
1746 2491 1779 2526 δι
1791 2492 1999 2526 confirmavit
2013 2493 2091 2527 San-

1193 2538 1259 2571 ctus
1284 2537 1508 2582 Augustinus.
1538 2538 1685 2586 Intelligi
1704 2541 1737 2576 id
1763 2540 1861 2577 docet
1880 2542 1921 2577 de
1933 2541 2092 2577 omnibus

1193 2587 1356 2631 reprobis.
1385 2587 1427 2622 Et
1452 2590 1534 2623 reste
1559 2615 1566 2622 .
1593 2589 1686 2624 Ante
1708 2592 1773 2625 Dei
1800 2591 1904 2627 Verbi
1928 2592 1961 2626 in
1994 2603 2092 2627 carne

1193 2638 1371 2672 adventum
1397 2650 1514 2672 omnes
1534 2651 1654 2684 gentes
1677 2653 1769 2676 erant
1786 2642 1952 2686 reprobae,
1979 2643 2091 2677 alienat

1192 2688 1210 2722 a
1224 2689 1320 2722 Deo:
1349 2688 1445 2723 Solus
1469 2689 1587 2731 lsrael,
1613 2692 1795 2735 &quidem
1815 2692 1860 2726 ob
1882 2693 2090 2735 pauciffimos

1195 2737 1353 2781 spestabat
1365 2740 1404 2772 ad
1418 2740 1605 2773 Dominum
1620 2765 1627 2772 .
1654 2741 1810 2785 Exceptis
1819 2741 1900 2785 ergo
1912 2740 1963 2774 his
1974 2752 2089 2776 omnes

1195 2788 1347 2822 homines
1360 2790 1447 2833 apud
1462 2790 1554 2823 illurn
1567 2800 1658 2824 erant
1674 2801 1709 2824 ut
1722 2790 1806 2824 stilla
1819 2801 1910 2833 aquae
1923 2815 1930 2823 .
1953 2791 2088 2826 Merum

1195 2839 1409 2873 ministerium
1423 2840 1629 2874 Electorum.
1657 2840 1700 2874 Et
1721 2839 1776 2874 hic
1801 2842 1900 2874 etiam
1914 2841 2023 2875 sensus
2034 2841 2088 2876 >est

1196 2888 1295 2924 nostri
1309 2885 1363 2921 hic
1379 2889 1534 2923 Dostoris
1546 2914 1554 2921 .
1581 2887 1685 2923 Porro
1705 2889 1794 2933 quod
1809 2889 1958 2925 Christus
1971 2892 2088 2926 Domi-

1198 2949 1256 2973 nus
1270 2939 1416 2982 quaedam
1430 2940 1485 2972 sua
1497 2939 1582 2973 dicta
1606 2941 1641 2974 in
1655 2940 1739 2973 solas
1757 2939 2007 2984 Discipulorum
2020 2954 2090 2986 per·

1197 2991 1312 3029 sonas,
1339 3001 1406 3023 non
1435 2990 1482 3022 inv
1497 2989 1640 3033 ipsorum
1661 2990 1859 3033 successores
1871 3001 1928 3026 aut
1950 3004 2088 3028 omnem

1199 3039 1376 3074 Ecclesiam
1397 3038 1575 3081 direxerit,
1600 3040 1646 3075 est
1670 3036 1813 3075 omnind
1827 3052 1956 3077 verum.
1984 3042 2089 3077 Atta-

1199 3101 1274 3125 men
1290 3090 1488 3123 discretione
1499 3088 1555 3123 hic
1567 3101 1650 3134 opus
1663 3091 1709 3125 est
1722 3116 1730 3124 .
1759 3090 1811 3126 Ex
1823 3091 1885 3127 isto
1894 3092 1982 3127 enim
2000 3093 2088 3137 prin-

1197 3141 1286 3184 cipio
1300 3140 1402 3175 foedas
1423 3139 1646 3175 conclusiones
1666 3140 1778 3176 elicuit
1797 3141 1904 3187 lapsus
1925 3145 1965 3178 ad
1978 3141 2086 3177 Mon-4

1199 3202 1313 3226 tanum
1326 3190 1554 3224 Tertullianus
1573 3191 1608 3225 in
1633 3190 1718 3226 libro
1728 3192 1769 3227 de
1788 3192 1868 3239 fuga
1879 3194 1914 3227 in
1932 3195 2084 3237 persecu-

1200 3243 1293 3276 tione
1312 3264 1323 3280 ‚
1348 3253 1386 3275 ac
1409 3242 1443 3274 in
1468 3239 1553 3274 libro
1577 3241 1618 3275 de
1638 3239 1805 3279 Pudicitia
1830 3241 2029 3280 Lutheranis
2049 3243 2086 3280 δι

1202 3291 1392 3326 Calvinistis
1410 3289 1544 3336 praebuit
1556 3291 1704 3328 fomenta
1715 3318 1724 3326 .

1631 3443 1661 3478 L
1717 3454 1736 3492 3
1938 3432 2038 3479 Dedu-
