2346 3724
71 2624 152 2652 Orat.
164 2629 210 2648 zc-

98 3088 146 3124 ΞΡ.
166 3088 214 3114 61.

725 260 768 307 C
837 275 866 305 A
1028 274 1044 303 1
1115 273 1139 301 τ

237 350 386 383 hominum
402 345 458 389 fib}
478 347 635 380 admodum
655 352 824 381 caventium
847 367 855 377 .
880 341 1055 377 Provenire
1075 341 1108 375 id

228 400 366 433 affirmat
380 408 416 431 ac
431 397 626 431 lamentatur
637 409 677 431 ex
688 393 902 443 graffantibus
924 392 1008 427 inter
1016 391 1107 426 Chri·

227 449 349 482 stianos
370 447 549 482 mendaciis
560 448 593 481 ὅ(
605 447 691 482 dolis
703 472 712 480 .
741 445 903 493 roirca
919 443 1018 478 etiam
1031 443 1109 476 affir-

227 509 295 532 mat
309 499 393 532 inter
404 497 588 540 primitivos
607 497 719 532 fideles
728 497 819 530 fuiffe
831 499 954 529 tantam
967 492 1111 527 fraterni-

227 558 328 583 tatem
345 572 355 588 ‚
382 556 418 581 ut
432 548 512 581 nulli
525 549 624 582 effent
638 548 726 588 doli,
754 545 848 578 nullae
861 544 1012 584 fraudes,
1039 541 1109 576 nul·

229 598 269 632 1ae
296 598 368 632 lites
384 624 394 637 ‚
420 598 507 631 nulla
521 598 690 631 mendacia
703 621 714 637 ‚
741 595 879 638 ideoque
890 594 924 628 &
938 594 1027 627 nulla
1051 593 1109 627 Se-

935 275 958 303 l)

230 657 317 682 creta
332 673 342 688 ‚
369 647 422 682 sed
445 648 539 691 plena
562 647 681 690 ubique
700 657 763 690 pax
780 654 875 687 atque
886 643 1107 679 confidentia.

228 698 377 745 Qisque
389 709 446 741 pro
457 699 559 732 altero
585 708 651 732 erat
665 697 748 730 mori
763 705 904 740 paratus:
933 694 976 728 Et
999 702 1109 738 praeter

226 758 345 781 uxores
371 748 484 782 omnia
510 758 601 782 erant
628 745 785 782 omnibus
806 745 995 779 communia
1021 768 1028 776 .
1065 743 1108 776 Et

225 796 306 832 hinc
317 799 350 831 in
364 797 523 842 prioribus
534 798 574 832 ad
587 795 783 831 Corinthios
797 795 912 829 litteris
929 792 1107 837 Apostolus

159 879 168 887 ,
203 874 207 883 ,
228 847 338 881 scribit
351 860 357 879 :
385 850 446 881 sed
455 860 507 882 vos
520 846 783 889 injuriamsacttts
795 869 806 884 ,
837 846 870 878 ὦ·
873 846 1053 889 fraudatis,
1075 843 1108 876 Θ·

225 897 276 930 hoc
279 897 436 939 fratribus
450 922 457 929 .
482 897 634 930 Affirmat
660 906 796 930 omnem
809 893 954 928 fraudem
977 906 1015 928 ac
1029 892 1106 935 inju-

223 948 309 982 riam
323 949 385 981 effe
397 946 592 981 Christianis
612 945 806 990 generaliter
819 944 953 979 vetitam
970 956 976 975 :
1004 942 1058 976 sed
1072 941 1107 974 il·

225 997 292 1030 lam
305 1022 315 1037 ‚
343 1009 411 1041 quae
421 997 453 1030 in
469 997 579 1031 fratres
591 995 628 1029 fit
639 1020 648 1035 ‚
662 997 723 1029 esse
737 993 975 1028 intolerabilem
985 1016 992 1023 .
1004 991 1106 1038 Qod

225 1046 345 1088 nempe
358 1046 592 1081 fraternitatem
604 1054 726 1079 evertat
737 1068 744 1076 .
773 1043 897 1077 Eadem
918 1043 1048 1076 sanstus
1058 1040 1107 1083 Jo-

226 1106 329 1129 annes
347 1095 543 1128 lamentatur
568 1095 603 1127 in
626 1092 766 1135 superius
790 1092 923 1127 laudato
939 1091 1107 1131 sermone,

228 1154 328 1186 atque
351 1144 521 1188 adjungit:
550 1151 610 1180 Hoc
632 1153 707 1176 nunc
721 1154 772 1176 nos
795 1143 927 1184 primum
938 1146 1106 1174 imitemur.

231 1193 362 1237 Etiamfi
370 1195 460 1227 valde*
473 1194 557 1227 nobis
574 1193 729 1235 inferiores
739 1193 799 1234 fiat
821 1194 915 1235 ahqui
928 1216 938 1232 ‚
966 1189 1043 1235 ipsos
1056 1196 1107 1224 mi-

229 1243 339 1284 nisterii
360 1243 523 1277 nominibus
547 1245 730 1285 appellemus
745 1256 756 1276 .·
782 1246 855 1275 Non
874 1241 967 1285 solum
981 1242 1085 1274 liberos
1099 1264 1109 1280 ,

226 1293 281 1337 sed
291 1293 429 1336 &servos
442 1307 455 1335 ,-
483 1305 539 1326 non
555 1291 650 1335 solum
671 1294 784 1326 divites
795 1316 805 1332 ,
827 1290 885 1334 sed
893 1293 926 1325 Θ
935 1299 1083 1333 pauperes
1102 1314 1109 1322 .

231 1345 275 1377 Et
301 1344 369 1386 post
394 1343 555 1386 quaedam:
583 1347 656 1376 Haec
680 1348 800 1381 omnia,
827 1341 954 1375 Divina
974 1341 1110 1384 &Apo-

228 1392 343 1426 stolica
365 1393 406 1426 de
428 1392 635 1426 fraternitatis
656 1391 878 1435 appellatione
899 1391 1052 1425 mandata
1065 1399 1110 1423 at-

228 1453 294 1485 que
305 1442 452 1484 exempla
464 1466 473 1481 ,
500 1452 565 1474 cum
577 1441 714 1473 audimus
729 1464 741 1480 ,
765 1450 876 1473 omnem
887 1446 1088 1482 arrogantiam
1100 1464 1110 1480 ‚

225 1490 403 1531 (arfastum,
415 1490 616 1529 &stultitiam
626 1501 664 1522 ex
675 1495 780 1522 anima
791 1488 888 1529 nostra
901 1490 1086 1530 expellamus
1101 1513 1111 1528 ,

222 1540 378 1581 studioque
395 1541 485 1572 multo
507 1540 542 1572 td
563 1539 641 1571 reete
654 1538 831 1580 faciamus,
848 1536 1057 1579 famtltartbus
1078 1538 1112 1571 (9

228 1589 368 1624 bonorem
393 1587 571 1623 habentibus
585 1589 750 1621 nominibus
764 1587 883 1629 fratres
906 1588 1109 1630 appellantes.

231 1642 324 1682 ,Quod
344 1640 411 1672 licet
421 1648 506 1672 tenue
517 1648 590 1680 opus
601 1640 742 1672 videatur
754 1662 765 1677 ,
790 1646 926 1671 attamen
939 1649 1111 1681 magnorum

229 1690 368 1723 bonorum
393 1687 481 1731 causa
502 1689 559 1729 est.
588 1691 667 1720 sicut
680 1692 714 1723 (v
728 1689 839 1721 multas
860 1686 1066 1731 saepenumero
1077 1688 1109 1720 It·

227 1747 278 1773 tes
290 1740 528 1782 &contentiones
539 1737 616 1779 fecit
629 1739 756 1781 omissum
768 1763 775 1770 .

279 1788 436 1823 Eruditus
457 1788 507 1821 vir
517 1789 643 1822 Fronto
658 1789 793 1822 Ducaeus
811 1787 901 1821 dedit
914 1785 979 1821 hoc
991 1786 1111 1830 margi-

227 1838 303 1872 nale
315 1837 472 1871 Scholion
489 1851 496 1870 :
524 1840 651 1871 Fratris
664 1848 765 1869 nomen
777 1836 982 1879 usurpandum
995 1861 1002 1868 .
1026 1837 1111 1870 Cen—

226 1890 276 1922 set
288 1887 375 1929 quo'd
389 1888 523 1921 Sanctus
535 1886 674 1928 Ioannes
698 1886 910 1921 fraternitatis
921 1885 1110 1930 appellatio-

226 1948 303 1972 nem
321 1937 428 1971 doleat
440 1936 525 1980 apud
548 1947 609 1969 nos
622 1934 810 1970 exstinctam
825 1960 837 1977 ,
862 1937 1015 1978 &jubeat
1029 1937 1108 1969 resu-

224 1987 378 2022 mendam
390 2011 397 2018 .
427 1986 575 2020 Primum
588 1986 633 2019 est
646 1996 757 2020 verum
769 2010 780 2025 ,
796 1985 972 2020 secundum
987 1986 1108 2020 deviat.

222 2037 361 2071 Etenim
382 2037 518 2069 Sanctus
542 2035 682 2076 Joannes
696 2034 791 2074 vult,
812 2044 848 2068 ut
870 2034 962 2068 dives
987 2045 1108 2078 paupe-

223 2096 314 2126 rem,
342 2084 377 2118 &
397 2083 521 2118 nobilis
541 2082 726 2129 ignobilem
743 2108 754 2125 ‚
780 2083 858 2118 licet
880 2096 948 2119 non
969 2083 1109 2128 amplius

222 2134 366 2178 appellet
381 2134 535 2173 fratrem,
562 2133 672 2167 saltem
696 2133 862 2178 impartiat
881 2133 1019 2169 honesto
1034 2135 1108 2169 titu-

221 2185 261 2219 lo
271 2209 281 2225 ,
308 2184 365 2226 qui
384 2182 438 2217 vel
448 2195 488 2218 ex
501 2183 569 2227 ejus
581 2182 761 2218 ministerio
773 2184 812 2218 fit
822 2184 1011 2228 desumptus
1020 2209 1031 2225 ‚
1057 2183 1107 2218 vel

224 2235 342 2268 saltem
379 2231 535 2267 exhibeat
570 2232 730 2267 honorem
767 2245 805 2267 ac
832 2233 1105 2268 familiaritatem.

224 2285 328 2318 Hanc
351 2294 416 2317 rem
438 2284 559 2317 fatetur
578 2284 642 2316 effe
665 2283 791 2324 levem,
821 2282 912 2317 addit
924 2293 1032 2318 tamen
1044 2283 1106 2317 effe

226 2334 355 2368 causam
369 2332 508 2375 plurium
523 2331 686 2366 bonorum
699 2357 706 2364 .
735 2332 779 2366 Et
798 2344 840 2366 ex
856 2333 925 2375 ejus
936 2333 1107 2366 omiffione

225 2385 412 2428 frequenter
432 2381 507 2415 lites
528 2381 808 2415 &contentiones
827 2382 999 2414 emerfiffe.
1025 2380 1106 2414 Ete-

226 2433 299 2468 nim
322 2430 513 2466 Modestum
525 2454 537 2471 ‚
565 2428 709 2475 Augusti
729 2429 880 2464 Valentis
894 2429 1080 2464 Praefectum
1095 2454 1105 2471 ,

226 2484 453 2527 quimagnum
467 2479 619 2514 Bafilium
638 2504 649 2521 ‚
673 2480 792 2514 omisso
815 2480 968 2523 Episcopi
983 2480 1105 2518 titulo,

226 2533 415 2576 simpliciter
427 2529 643 2574 appellaverat
656 2529 808 2564 Balilium
820 2553 830 2570 ,
841 2530 984 2575 graviter
1000 2530 1105 2574 arguit

226 2584 363 2617 sanetus
386 2581 566 2625 Gregorius
585 2579 831 2614 Nazianzenus.
861 2579 904 2614 Et
925 2577 1104 2623 Theophi-

226 2635 298 2666 lum
321 2630 527 2664 Alexandriae
546 2627 767 2663 Patriarcham
781 2652 792 2668 ‚
815 2629 906 2673 quod
930 2629 963 2663 in
980 2628 1103 2670 libelli,

227 2694 296 2726 quo
317 2681 469 2714 Sanstum
492 2680 651 2722 Ioannem
664 2678 934 2722 Chrysostomum
957 2679 997 2713 ad
1015 2680 1103 2713 suam

227 2734 263 2768 in
286 2731 390 2765 hortis
412 2729 611 2763 Ruffinianis
634 2729 807 2771 synodum
819 2728 956 2769 citarat,
981 2729 1104 2774 epigra-

227 2782 296 2828 phe
310 2780 414 2814 solum
438 2779 525 2812 illius
538 2789 662 2814 nomen
686 2779 753 2812 slne
765 2778 919 2823 Episcopi
940 2778 1039 2812 titulo
1050 2790 1104 2821 po-

229 2832 336 2867 suisset
347 2855 357 2871 ,
379 2830 413 2863 in
425 2829 560 2873 dialogo
571 2839 648 2863 cum
659 2827 845 2863 Theodoro
857 2827 1014 2862 Romano
1025 2828 1102 2863 Dia-

229 2893 317 2917 cono
341 2879 480 2925 graviter
498 2879 607 2922 arguit
619 2877 785 2913 Palladius
806 2878 985 2922 Episcopus
997 2877 1102 2912 Hele·-

229 2931 443 2974 nopolitanus
454 2954 462 2961 .
479 2928 533 2961 =Et
546 2929 579 2961 in
591 2929 750 2972 Joannem
763 2928 1003 2972 Hierosolyma}
1014 2927 1102 2971 Epis-

229 2992 369 3025 copum,
397 2979 414 3012 a
436 2989 503 3022 quo
523 2977 626 3011 fuerat
647 2979 713 3012 fine
724 2977 904 3021 Presbyteri
921 2977 1022 3012 titulo
1031 2978 1101 3012 fim-

230 3033 359 3077 pliciter
377 3028 556 3073 appellatus
577 3027 827 3071 Hieronymus,
854 3027 1012 3063 declamat
1023 3027 1099 3061 san-

229 3084 297 3117 &us
309 3079 551 3119 Hieronymus:
581 3078 663 3119 ,ραις
682 3088 728 3110 me
744 3079 928 3122 degradavit
939 3078 957 3108 3
983 3077 1026 3110 Et
1039 3076 1099 3110 Li-

229 3132 358 3167 beratus
369 3117 503 3172 Byzacii
524 3125 647 3160 Primas
668 3137 741 3160 cum
769 3128 824 3160 sua
837 3127 976 3170 Synodo
987 3126 1026 3160 ad
1039 3125 1099 3160 Bo·

231 3181 388 3216 nifacium
410 3175 702 3220 Carthaginensem
727 3176 924 3220 Episcopum
953 3201 964 3217 ‚
998 3175 1099 3210 totius

231 3231 393 3265 Africanae
414 3227 601 3261 Dioeceseos
621 3225 797 3262 Primatem
821 3250 832 3266 ‚
859 3225 968 3260 retulit
993 3225 1099 3269 plures

231 3281 355 3318 causas,
379 3279 412 3312 δε
424 3276 593 3319 adjunxit:
619 3279 846 3318 Utinprooemio
855 3275 1036 3318 epistolarum
1044 3277 1099 3313 alt·

231 3331 306 3372 quid
314 3328 508 3370 beneficentiae
519 3326 665 3360 addatur.
679 3326 722 3360 Et
733 3325 926 3360 Bonifacius
936 3325 1095 3369 rescripsit:

228 3381 278 3411 De
283 3382 419 3420 prooemio
430 3378 570 3409 mutando
580 3378 633 3409 illa
645 3387 694 3408 nos
705 3375 778 3419 poffe
795 3375 898 3416 facere
906 3375 1076 3418 profitemur
1083 3401 1095 3417 ,

226 3438 296 3471 quoe
307 3429 326 3459 ti
337 3424 420 3458 vobis
432 3430 572 3457 intimata
577 3425 647 3468 sunt
658 3450 664 3457 .
683 3425 874 3462 Bonifacius
889 3426 1017 3462 videtur
1027 3426 1097 3461 istis

321 3473 514 3515 chrum-opi
525 3478 621 3517 Opera
638 3477 738 3510 T.1X.

1106 2865 1123 3573 1

1209 273 1316 303 ts
1423 260 1559 304 XX.

1875 280 1966 324 203

1176 342 1345 386 Episcopis
1367 342 1438 376 suos
1459 343 1572 377 titulos
1595 352 1663 376 non
1687 341 1878 385 adscripsisie
1893 369 1900 376 .
1928 348 2040 383 Exstat

1174 390 1325 434 Synodus
1348 393 1382 427 in
1403 393 1579 438 Spicilegio
1607 393 1703 429 Lucae
1715 391 1887 427 Dacherii.
1916 395 2041 431 Ibidem

1172 442 1274 475 exstat
1294 442 1404 487 regula
1428 443 1764 491 Sane'tiCrodogangi
1792 442 1944 476 Merenfis
1956 445 2044 486 Epis-

1173 491 1245 535 copi
1259 516 1270 532 ,
1296 493 1354 526 suo
1369 492 1469 527 Clero
1482 492 1691 537 praecipientis
1704 517 1715 533 ,
1741 503 1778 527 ut
1798 493 1935 536 quisque
1946 494 2045 527 etiam

1173 543 1206 576 in
1227 542 1380 577 familiari
1402 543 1594 584 colloquio,
1621 543 1700 577 dum
1722 544 1814 576 suum
1837 543 2046 577 Confratrem

1173 592 1342 631 nominat,
1368 592 1434 635 ejus
1448 593 1576 627 nomini
1595 593 1685 627 addit
1696 593 1833 638 gradum
1844 593 1878 626 δε
1890 592 2023 627 titulum
2037 618 2045 626 .

1176 641 1215 674 Et
1228 654 1268 675 ex
1282 642 1332 676 his
1342 643 1458 676 iterum
1474 653 1562 686 patet
1573 665 1582 681 ‚
1603 640 1692 687 quod
1707 654 1766 677 nos
1778 643 1795 677 a
1809 643 1971 686 primitiva
1985 643 2048 677 Ec-

1171 692 1267 725 clefiae
1290 693 1460 737 disciplina
1474 693 1650 736 plurimum
1670 692 1898 728 defecerimus.
1925 693 2045 726 Frater-

1173 742 1283 775 nitatis
1305 742 1479 786 appellatio
1495 744 1528 777 &
1549 743 1701 777 executio
1724 744 1874 777 videntur
1897 741 1968 786 post
1991 754 2049 776 ex-

1173 791 1299 826 stindtas
1310 793 1485 838 gentilium
1495 792 1513 826 a
1526 803 1650 840 magno
1661 793 1884 827 Constantino
1906 792 2049 835 persecu-

1172 841 1278 875 tiones
1294 843 1444 877 defecisse
1456 868 1463 875 .
1491 842 1624 878 Etenim
1638 853 1718 877 tunc
1730 842 1910 877 Christiani
1930 842 2046 888 populi

1172 892 1401 936 multiplicatio
1429 894 1529 936 coepit
1554 905 1620 927 non
1644 894 1852 937 magnificare
1878 892 2047 927 laetitiam:

1173 942 1328 976 Romanae
1343 942 1540 986 Reipublicae
1552 943 1715 977 Primores
1732 943 1907 977 noluerunt
1918 954 2048 987 pauper-

1170 992 1276 1025 culam
1290 993 1414 1036 plebem
1427 993 1585 1036 appellare
1599 995 1710 1027 fratres
1725 1018 1731 1025 .
1750 994 1851 1041 Qod
1868 994 1926 1027 suo
1939 991 2047 1027 adhue
2064 994 2122 1026 [ὦ.
2143 1004 2199 1026 1.c.

1171 1053 1315 1085 tempore
1328 1044 1468 1087 viguerit
1491 1043 1549 1077 ista
1563 1043 1682 1087 pietas,
1710 1044 1814 1087 palam
1834 1043 1964 1078 testatur
1989 1044 2049 1077 La*
2071 1040 2165 1070 ¹5⁴⁶·

1171 1092 1309 1125 stantius
1326 1093 1525 1127 Firmianus.

1221 1141 1331 1175 Restat
1342 1143 1475 1185 quaessio
1487 1166 1498 1181 ,
1525 1141 1708 1188 Qomodo
1728 1143 1957 1176 Tertullianus
1969 1143 2050 1177 affir-

1171 1202 1235 1226 met
1251 1191 1459 1226 fraternitatis
1481 1193 1734 1234 appellationem
1748 1193 1808 1225 esse
1821 1193 1947 1226 Noram
1962 1193 2053 1236 Apo·

1172 1241 1292 1275 stolicae
1306 1241 1477 1276 Ecclefiae?
1506 1241 1608 1275 Ratio
1625 1242 1796 1277 dubitandi
1811 1242 1874 1276 est:
1903 1242 1992 1290 Qia
2005 1253 2053 1276 et-

1172 1292 1235 1325 iam
1258 1291 1397 1326 haeretici
1420 1292 1452 1325 ὃς
1480 1291 1675 1327 schismatici
1701 1293 1775 1327 sunt
1798 1293 1901 1327 nostri
1921 1293 2054 1332 fratres,

1172 1341 1311 1385 ideoque
1322 1341 1380 1375 ista
1391 1342 1569 1385 appellatio
1594 1342 1638 1375 est
1663 1342 1729 1376 illis
1741 1343 1775 1376 δε
1789 1342 1887 1376 nobis
1899 1353 2052 1377 commu-

1173 1391 1239 1426 nis.
1270 1391 1468 1434 Respondeo
1481 1390 1625 1424 notanda
1638 1394 1700 1426 effe
1722 1393 1888 1433 sequentia
1901 1392 2053 1436 Septimii

1172 1440 1263 1475 verba
1279 1455 1289 1475 .-
1310 1443 1391 1485 ,Quae
1399 1442 1474 1481 jura
1487 1451 1544 1473 non
1564 1444 1627 1474 alta
1648 1447 1726 1475 ratio
1745 1447 1840 1485 regit,
1869 1445 1962 1485 quam
1981 1440 2057 1485 ejas-

1173 1493 1240 1524 dem
1251 1493 1434 1524 sacramenti
1443 1502 1505 1524 una
1515 1492 1639 1523 traditio
1652 1518 1659 1524 .
1681 1491 1869 1536 Distinguit
1887 1490 2054 1535 duplicem

1173 1540 1426 1573 fraternitatem:
1455 1539 1566 1573 Aliam
1579 1551 1650 1583 quae
1664 1541 1765 1574 solam
1777 1541 2028 1584 appellationem
2045 1565 2056 1580 ,

1171 1589 1267 1623 aliam
1281 1601 1351 1633 quae
1362 1587 1480 1623 habeat
1500 1590 1600 1623 etiam
1617 1590 1706 1624 istius
1718 1590 1947 1635 appellationis
1962 1591 2030 1633 jura
2041 1615 2048 1622 .

1174 1640 1217 1672 Et
1240 1639 1274 1672 in
1287 1638 1538 1684 Carthaginensi
1553 1640 1737 1674 collatione
1760 1641 1846 1676 dixit
1865 1641 1903 1675 ad
1916 1641 2057 1676 Donati-

1176 1688 1381 1723 stasSanstus
1396 1689 1614 1733 Augustinus:
1643 1692 1785 1734 ,Quotidie
1800 1690 1979 1734 quibusdam
1999 1703 2057 1725 non
2074 1694 2132 1725 Lib.
2150 1700 2210 1732 3·c.'

1175 1738 1320 1781 nobiscum
1331 1744 1363 1772 tn
1375 1749 1434 1771 una
1447 1739 1572 1780 Ecclefia
1584 1765 1594 1780 ‚
1620 1752 1671 1774 nec
1684 1747 1716 1772 in
1741 1740 1845 1783 iisdem
1857 1744 2057 1775 sacramentis
2075 1747 2140 1772 242·

1173 1789 1336 1828 constitutis
1359 1790 1484 1821 dicimus
1503 1812 1514 1828 ,
1535 1792 1667 1822 Frater.
1694 1792 1851 1824 Sodomitis
1873 1797 1966 1824 etiam
1977 1793 2059 1825 dixit

1175 1837 1274 1878 Loth,
1302 1841 1446 1871 Fratres.
1475 1842 1582 1881 Uthue
1605 1841 1650 1871 ad
1667 1841 1836 1873 leniendam
1860 1842 1974 1874 illorum
1996 1849 2061 1874 ant-

1173 1888 1331 1929 mofitatem
1345 1912 1356 1928 ‚
1382 1898 1441 1922 non
1451 1890 1495 1922 ad
1504 1895 1652 1932 cognitam
1658 1889 1890 1931 fraternitatem
1902 1915 1911 1930 ,
1935 1893 1970 1926 Θ
1981 1889 2063 1934 quafi

1173 1944 1261 1971 unius
1284 1937 1472 1972 baereditatts
1496 1937 1668 1981 consortium
1691 1963 1698 1972 .
1738 1941 1850 1984 ltaque
1874 1942 2059 1975 fraternitas

1172 1989 1215 2022 est
1229 1989 1315 2022 varia
1330 2000 1338 2020 :
1359 1987 1423 2022 Per
1437 1998 1586 2022 naturam
1599 2013 1609 2029 ,
1638 2001 1692 2032 per
1704 1989 1844 2032 ejusdem
1858 1991 2000 2024 civitatis
2010 1991 2059 2024 in-

1173 2036 1410 2072 habitationem
1422 2062 1434 2078 ,
1460 2048 1513 2081 per
1540 2039 1726 2072 societatem
1743 2040 1776 2072 &
1794 2040 2000 2074 nativitatem
2013 2052 2056 2076 ex

1172 2086 1286 2121 iisdem
1299 2088 1514 2122 Sacramentis
1526 2111 1536 2126 ,
1557 2099 1612 2129 per
1627 2089 1813 2122 societatem
1836 2089 1869 2122 in
1886 2090 2029 2126 Ecclesia
2042 2115 2054 2131 ‚

1172 2149 1227 2180 per
1240 2138 1425 2172 societatem
1452 2138 1485 2170 in
1508 2136 1628 2178 justitia
1642 2138 1756 2181 &jure
1772 2139 1812 2172 ad
1826 2149 1978 2174 aeternam
1990 2139 2054 2174 hae-

1171 2188 1357 2220 reditatem.
1387 2185 1490 2234 Qdd
1515 2187 1716 2222 Francorum
1734 2189 1844 2233 Reges
1869 2189 1914 2224 ob
1938 2191 2051 2236 Regni
2068 2194 2138 2234 Cap.
2149 2207 2179 2233 9·

1171 2236 1356 2270 societatem
1369 2237 1598 2271 consueverint
1612 2238 1676 2272 sese
1689 2237 1806 2272 mutuo
1822 2240 1984 2283 appellare
1993 2243 2050 2276 sra-

1170 2296 1229 2318 tres
1241 2311 1250 2326 ,
1261 2286 1344 2319 lucet
1355 2296 1397 2320 ex
1410 2285 1559 2320 formulis
1573 2287 1758 2332 Marculphi
1771 2313 1778 2320 .
1793 2289 1887 2336 Qin
1900 2290 1934 2324 dc
1946 2290 2049 2326 Chos-

1169 2346 1238 2367 roes
1251 2334 1417 2368 Persarum
1431 2335 1505 2368 Rex
1518 2337 1745 2378 Imperatorem
1758 2338 1975 2380 Iustinianum
1997 2353 2047 2376 ea-

1168 2383 1239 2416 dem
1253 2383 1293 2416 de
1304 2384 1397 2417 causa
1410 2383 1546 2418 vocabat
1560 2385 1689 2420 fratrem
1703 2412 1710 2419 .
1740 2388 1787 2421 lta
1799 2386 1899 2424 habes
1916 2391 1948 2424 in
1963 2392 2046 2437 frag·

1168 2433 1287 2466 mentis
1315 2433 1492 2467 Menandri
1519 2434 1729 2470 protectoris.
1753 2438 1905 2481 Ejusdem
1926 2441 2045 2485 qualis-

1167 2493 1307 2526 cumque
1320 2483 1522 2526 profesfionis
1535 2496 1589 2519 aut
1600 2487 1678 2520 artis
1699 2486 1849 2522 homines
1860 2491 2042 2525 etiamnum

1168 2531 1265 2566 hodie
1277 2532 1419 2566 scribunt
1438 2534 1469 2567 se
1482 2535 1609 2570 fratres.
1638 2536 1731 2570 Hinc
1749 2539 1847 2573 etiam
1863 2540 2042 2584 Episcopos

1169 2582 1339 2616 Romanus
1362 2581 1519 2618 Pontifex
1541 2586 1672 2625 fratres,
1698 2587 1828 2629 quosvis
1844 2589 1924 2624 alios
1935 2592 2040 2634 appel·

1166 2632 1206 2665 lat
1228 2632 1314 2666 filios
1327 2658 1334 2664 .
1364 2633 1520 2668 Haeretici
1540 2634 1619 2680 ergo
1639 2637 1671 2670 δε
1689 2636 1884 2674 schismatici
1909 2651 2039 2684 propter

1165 2680 1294 2716 eosdem
1305 2693 1346 2716 ex
1358 2694 1439 2727 aqua
1454 2684 1486 2718 δε
1497 2685 1617 2728 Spiritu
1629 2685 1747 2721 Sansto
1759 2688 1879 2721 natales
1892 2690 1965 2722 sunt
1979 2701 2037 2722 no-

1165 2731 1217 2764 stri
1230 2732 1340 2766 fratres
1352 2756 1362 2772 ‚
1389 2733 1501 2767 verum
1514 2734 1580 2768 sola
1593 2735 1828 2778 appellatione,
1856 2747 1923 2769 non
1945 2737 2014 2778 jure
2027 2761 2034 2769 .

1163 2781 1243 2815 Sunt
1256 2782 1366 2815 fratres
1375 2782 1477 2816 domo
1488 2783 1565 2824 pulsi
1578 2793 1634 2815 aut
1655 2784 1786 2827 fugitivi
1800 2808 1809 2823 ‚
1836 2795 1931 2828 atque
1941 2785 2037 2829 exhe-

1163 2831 1284 2864 redati:
1313 2829 1579 2865 Utilsmaelfuit
1594 2832 1689 2865 frater
1701 2832 1804 2866 Isaac.
1835 2834 2035 2869 Unde&i1-

1163 2882 1202 2915 lis
1216 2891 1279 2914 non
1291 2880 1573 2915 communicamus
1583 2892 1638 2924 per
1654 2882 1821 2917 Formatas
1833 2883 1966 2926 litteras,
1979 2897 2034 2920 ne-

1160 2942 1222 2974 que
1242 2942 1316 2964 cum
1340 2930 1405 2963 illis
1425 2932 1673 2965 contefferamus
1687 2930 1956 2975 hospitalitatem.
1988 2936 2033 2970 Et

1160 2982 1199 3014 fic
1213 2981 1269 3014 issa
1280 2982 1462 3014 fraternitas
1472 2992 1540 3015 non
1553 2981 1599 3015 est
1612 2981 1704 3016 Nota
1718 2981 1912 3026 Apostolicae
1921 2985 1954 3019 δε
1967 2986 2031 3021 Ca-

1160 3030 1291 3065 tholicae
1306 3030 1466 3065 Ecclefiae.
1854 3032 1857 3035 '

1209 3080 1356 3115 Laudata
1377 3079 1642 3124 Carthaginenfis
1657 3083 1795 3118 collatio
1809 3095 1920 3119 movet
1933 3084 2028 3120 nobis

1157 3131 1190 3164 δε
1210 3131 1306 3164 aliam
1328 3131 1539 3174 quaestionem
1563 3156 1570 3163 .
1600 3131 1731 3167 Etenim
1758 3134 1825 3168 illic
1848 3135 2028 3169 Petilianus

1158 3180 1437 3215 Constantinenfis
1472 3180 1717 3217 Donatistarum
1740 3183 1921 3229 Episcopus
1941 3186 2027 3219 dixit

1157 3231 1196 3263 ad
1208 3231 1360 3265 Sansturn
1373 3229 1593 3275 Augustinum
1606 3245 1616 3263 :
1642 3234 1686 3265 Tu
1706 3238 1773 3275 quis
1796 3236 1848 3268 es?
1875 3235 1972 3268 Filius
1993 3246 2025 3268 es
2042 3239 2103 3270 Lib.
2123 3250 2153 3276 3:

1156 3280 1310 3313 Caeciltant
1321 3305 1332 3321 ,
1358 3292 1399 3314 an
1412 3291 1468 3313 non
1479 3280 1496 3312 ἒ
1524 3280 1566 3313 Et
1576 3279 1647 3324 post
1666 3283 1787 3316 variam
1799 3283 2023 3319 velitationem
2037 3288 2099 3318 Cssp·
2109 3290 2172 3314 ²27·

1157 3330 1289 3364 Sanstus
1302 3330 1503 3375 Augustinus
1515 3331 1679 3374 respondit
1692 3346 1703 3366 .-
1727 3335 1904 3367 Caectltanus
1917 3345 1974 3368 non
1986 3335 2024 3376 est

1158 3381 1249 3412 Pater
1258 3390 1356 3413 meus.
1386 3381 1428 3414 Et
1441 3380 1576 3415 iterum:
1605 3384 1680 3415 Ecce
1690 3383 1775 3423 dico,
1801 3389 1907 3427 quottes
1927 3385 2022 3419 volue—
2037 3396 2110 3434 (Ἀρ,
2125 3379 2191 3431 ἐμ.

1157 3435 1219 3464 rtns
1231 3453 1243 3471 ‚
1267 3429 1351 3474 dico,
1375 3431 1552 3467 Caecilianus
1567 3442 1624 3467 non
1646 3431 1683 3472 est
1700 3440 1788 3475 pater
1812 3445 1912 3468 meus.
1939 3436 2023 3477 ‚Quia

1598 3483 1621 3518 S
1671 3491 1694 3517 2
1893 3485 1980 3518 audio

2055 425 2138 455 Tom.
2148 426 2175 453 6.
