2346 3724
230 902 323 933 *eum
333 918 342 927 .
370 894 490 929 Eidem
501 896 622 930 Secreti
635 895 752 939 regulae
763 894 923 938 subjacere
936 893 1048 928 nostrae
1060 891 1124 926 ani-

88 1032 152 1065 FoI·
162 1041 229 1070 250.

89 1147 153 1180 1³01.
162 1157 232 1187 ²79·

99 2105 178 2144 Cap.
189 2115 234 2136 10⁶

192 2645 194 2647 '
230 2653 239 2661 s
254 2636 434 2672 Anomaeus
457 2635 491 2668 in
518 2638 613 2680 ipfius
633 2638 771 2671 exordio
795 2647 909 2682 rogat:
938 2641 985 2671 An
997 2636 1138 2680 Cbristia·
1162 2657 1164 2661 ν

698 153 741 200 C
813 168 841 197 Λ
911 168 932 197 P
1002 164 1019 195 1
1089 166 1114 195 T
1184 167 1202 199 1
1271 164 1292 195 s
1399 146 1621 196 XXVI.
1904 168 1997 213 231

244 246 323 281 rium
343 239 431 276 vobis
453 239 536 274 dico.
564 236 613 275 Et
631 235 742 275 denuo
761 237 921 284 Origenes
935 251 946 273 .·
974 235 1120 280 Apostolus
1184 245 1261 283 pore
1281 235 1420 281 viguerit
1447 233 1513 270 haec
1535 232 1709 278 disciplina
1728 256 1740 276 ‚
1763 234 1810 270 est
1839 236 1934 273 valde
1955 237 2067 274 ambi-

243 305 313 329 mox
323 290 405 336 quafi
415 302 523 326 arcano
538 288 660 334 scriptis
682 292 727 324 ad
732 290 859 334 posteros
875 287 1013 332 prodito,
1041 286 1124 321 baud
1185 297 1286 337 guum
1299 309 1307 319 .
1335 285 1500 322 Existimo
1517 284 1613 323 illum
1635 284 1728 329 loqui
1740 284 1831 327 juxta
1843 289 1993 324 Anomaei
2010 291 2074 324 seu

241 343 325 389 [ιι-ἴα
335 353 369 376 ac
379 344 569 381 decutteum,
594 341 778 385 quiposteris
792 364 812 382 ,.
828 350 895 384 quae
908 336 1121 381 fibiinnotuis-
1189 336 1391 372 Eunomiani
1423 337 1529 371 saeculi
1549 334 1756 380 disciplinam
1779 359 1787 367 .
1827 334 2075 374 Eandemsorae

241 392 309 438 sent
327 391 482 436 descripta
503 392 677 436 relinqueret
702 417 714 433 ,
735 391 861 436 subdit,
886 390 974 424 Ecce
996 389 1122 432 myste-
1187 399 1273 423 mam
1284 388 1408 423 secutus
1420 388 1465 422 est
1478 389 1642 431 Scriptor,
1671 387 1727 431 qui
1740 384 1976 421 Laudicensem
1989 388 2067 423 San-

240 444 330 480 1ium
351 443 443 478 vobis
465 442 543 478 dico
556 468 563 476 .
591 444 684 488 ,Quod
691 444 751 486 dici
769 441 839 486 solet
851 442 889 475 de
900 440 984 474 rebus
991 437 1125 482 secretio·
1185 441 1226 474 cti
1239 436 1410 473 Athanasii
1431 450 1508 473 cum
1533 436 1738 473 haerefiarcha
1762 435 1847 470 Ario
1869 435 2072 479 disputatio--¹

240 492 327 529 ribus
339 516 350 532 ,
371 504 423 527 nec
432 494 655 538 cuivisevulgo
666 492 931 526 communicandis.
960 494 1047 524 Nam
1065 513 1076 530 ‚
1092 498 1125 522 ut
1189 501 1264 523 nem
1283 488 1380 523 finxit
1393 513 1401 521 .
1429 489 1561 524 Etenim
1584 489 1619 524 &
1636 486 1817 522 Athanasio
1839 486 1874 521 δι
1894 484 2001 525 Ario,
2028 486 2071 521 de

242 546 277 578 in
288 541 378 576 Tobia
388 544 495 588 legitur
505 568 520 584 ,
542 546 762 577 Sacramentum
773 546 861 585 Regis
890 540 1063 584 abscondere
1076 540 1123 573 bo·
1189 539 1255 575 Dei
1265 538 1366 575 Verbi
1380 549 1492 574 natura
1501 550 1547 573 *ac
1557 538 1687 583 origine
1708 547 1818 573 coram
1831 535 1943 572 Probo
1955 535 2080 585 Praese·-

240 603 316 627 omm
326 592 363 631 est
374 618 386 633 ,
411 593 548 627 'cateron-
559 601 646 637 opera
659 598 718 627 Dei
729 594 879 637 magnifice
896 589 1066 634 dispensata
1081 590 1127 624 ad
1189 593 1241 625 <sto
1257 615 1267 633 ,
1279 589 1369 633 quod
1381 588 1485 624 horno
1497 588 1630 635 gentilis
1638 589 1716 624 esset
1725 613 1736 630 ,
1747 587 1911 632 disputare
1922 587 2071 620 recusan-

237 643 406 677 utilitatem
415 643 565 678 bominum
579 669 590 684 ‚
616 650 759 678 veraciter
778 645 822 677 ad
833 641 922 686 ipsius
941 643 1070 686 gloriam
1079 651 1125 673 re·
1190 641 1276 675 tibus
1287 640 1341 674 ille
1353 638 1534 684 respondit:
1563 643 1622 672 Hoc
1633 638 1671 679 est
1681 644 1804 683 utique„
1823 637 1910 681 quod
1927 642 1999 670 totis
2024 642 2074 671 vi-

1189 691 1272 724 ribus
1283 689 1444 737 cognoscere
1462 696 1546 734 cupio
1557 714 1569 730 ‚
1596 689 1672 732 quid
1684 688 1723 732 fit
1735 688 1847 723 redum
1861 687 1896 722 &
1907 687 2076 730 veridicum

1191 745 1325 786 Dogma,
1352 747 1385 775 in
1407 752 1463 784 quo
1484 753 1532 774 me
1553 749 1683 781 oporteat
1705 740 1807 775 occulti
1828 737 1949 778 mysterii
1967 739 2075 771 Sacra-

1191 800 1290 825 menta
1308 798 1458 836 percipere
1470 817 1477 823 .
1508 796 1613 834 Neque
1629 795 1708 825 em’m
1731 789 1815 823 modo
1828 787 1904 822 mibi
1918 787 2085 830 profunda.

1191 842 1381 885 mysteriorum
1396 847 1514 876 Arcana
1531 840 1668 885 patefieri
1689 835 1839 880 desidero,
1861 836 1984 883 sedilia
1997 847 2075 870 nune

1187 892 1290 936 flagito
1315 893 1527 934 demonstrari,
1554 903 1621 936 quae
1641 892 1674 926 t‘n
1696 889 1794 931 vestra
1813 887 1878 931 fide
1890 885 2079 931 extrinsitci'ts
2134 920 2136 922 ,

1192 942 1340 976 habentur
1353 943 1723 986 &publicepraedicantur
1738 964 1750 982 ,
1774 940 1810 975 id
1817 938 1854 979 est
1867 964 1878 980 ,
1907 939 1987 982 quod
1999 948 2078 972 unus

1193 1003 1226 1025 ac
1240 994 1317 1026 idem
1339 1004 1427 1028 verus
1442 997 1525 1028 Deus
1542 992 1582 1035 fit
1593 991 1752 1034 visibilium
1761 1002 1796 1034 ac
1808 989 2000 1031 invifibilium
2012 997 2082 1021 con·

1193 1044 1272 1076 ditor
1295 1053 1391 1078 rerum
1404 1068 1411 1076 .
1441 1047 1486 1077 Et
1494 1049 1568 1087 quia
1592 1043 1656 1078 baec
1669 1054 1724 1076 vos
1737 1053 1795 1077 uno
1816 1038 2007 1083 oreprofiteri
2020 1047 2080 1071 non

1194 1092 1308 1136 nescio,
1333 1104 1402 1135 quae
1424 1093 1512 1137 causa
1535 1092 1700 1134 exstiterit,
1726 1099 1759 1126 ut
1777 1096 1809 1124 in
1821 1100 1886 1123 tam
1905 1088 2082 1131 variatdi-

1193 1145 1345 1176 vt‘damim'
1358 1143 1457 1177 sedas
1470 1168 1477 1175 .
1505 1145 1586 1188 ,ραι
1597 1142 1672 1186 sunt
1694 1151 1788 1181 vera,
1815 1142 1849 1174 o·
1862 1137 2082 1183 qoaesuntjal-

1160 1230 1162 1232 ,
1189 1191 1249 1237 sa,
1274 1193 1401 1237 intelligi
1423 1195 1539 1227 omnino
1562 1194 1620 1225 non
1637 1193 1762 1234 pamm,
1783 1188 1962 1231 priusquam
1988 1187 2084 1227 vestro

1175 1222 1179 1272 l
1194 1248 1354 1277 certamine
1381 1268 1392 1284 ,
1426 1244 1517 1287 digno
1546 1246 1703 1284 patientiae
1737 1241 1935 1274 moderamine
1961 1237 2084 1278 habito,

1196 1294 1273 1336 quid
1277 1290 1313 1335 fit
1323 1304 1480 1338 congruum
1495 1317 1506 1333 ‚
1532 1293 1705 1335 diligentias
1717 1288 1918 1334 cognoscamus
1932 1313 1940 1321 .
1969 1289 2021 1324 Ex
2033 1286 2085 1320 his

1196 1343 1285 1377 vides
1304 1345 1403 1376 etiam
1426 1342 1544 1375 Divini
1570 1341 1672 1377 Verbi
1696 1350 1843 1374 naturam
1867 1351 1904 1373 ac
1919 1338 2086 1382 originem

1196 1392 1289 1427 fuisse
1301 1402 1405 1426 unum
1417 1392 1550 1425 illorum
1561 1416 1571 1431 ‚
1599 1402 1668 1434 quae
1682 1388 1864 1423 Dominica
1887 1389 1941 1422 lex
1957 1386 2088 1421 vetabat

1198 1441 1333 1477 canibus
1354 1443 1388 1476 ὅ(
1399 1441 1505 1486 porcis
1516 1439 1650 1485 aperiri.
1682 1440 1726 1492 ξε
1740 1439 1833 1473 istam
1860 1439 1967 1484 legem
1985 1437 2094 1472 etiarn

1200 1493 1316 1526 Ariani
1329 1502 1410 1525 tunc
1435 1489 1586 1535 religiose
1598 1488 1814 1524 observabant
1826 1513 1833 1521 .

1250 1541 1399 1574 Eandem
1411 1540 1622 1583 disciplinam
1634 1535 1891 1571 constantissime
1905 1534 2089 1581 praedicavit

1199 1602 1238 1626 ac
1257 1590 1365 1624 tenuit
1390 1590 1525 1624 sanetus
1537 1588 1718 1634 Gregorius
1745 1588 1998 1622 Nazianzenus.
2026 1585 2089 1619 Et-

1199 1641 1337 1676 enimin
1363 1639 1478 1684 magni
1491 1638 1661 1674 Athanasii
1678 1639 1836 1673 encomio
1858 1637 1966 1681 arguit
1978 1636 2092 1672 Seleu-

1180 1695 1184 1734 1
1199 1692 1343 1725 ciensem
1355 1689 1530 1734 Synodum
1543 1714 1554 1729 ,
1580 1689 1670 1734 quod
1696 1687 1826 1728 mysticas
1844 1687 2014 1731 quaestiones
2023 1685 2090 1730 spe·
2105 1684 2190 1712 Orat.
2202 1687 2247 1716 ²3·

1181 1737 1184 1741 ’
1200 1742 1302 1775 clame
1312 1741 1402 1784 vulgo
1415 1740 1562 1783 trac‘laffet
1575 1763 1583 1771 .
1612 1738 1747 1783 Utique
1757 1738 1952 1782 quaestiones
1976 1737 2018 1771 de
2031 1736 2091 1770 Di-

1202 1791 1271 1824 vini
1283 1789 1387 1824 Verbi
1399 1790 1531 1835 origine
1540 1800 1579 1823 ac
1590 1799 1704 1823 natura
1717 1813 1724 1820 .
1755 1789 1798 1821 Et
1810 1790 1844 1821 in
1856 1788 1959 1831 prima
1973 1786 2091 1821 Theo·

1200 1841 1310 1886 logica
1332 1839 1484 1887 oratione
1507 1838 1640 1873 scribit:
1667 1841 1731 1871 Cur
1744 1841 1800 1871 Det
1815 1843 2036 1881 generationem
2057 1838 2091 1871 ffb·

1199 1896 1395 1929 creationem,
1423 1891 1457 1924 Θ
1470 1893 1567 1923 Deum
1585 1900 1624 1922 ex
1646 1888 1737 1923 nihilo
1758 1898 1855 1921 ortum
1880 1912 1891 1927 ,
1917 1899 1973 1922 cur.
1990 1886 2096 1930 stho·

1199 1954 1253 1975 nes
1265 1966 1277 1982 ,
1294 1942 1329 1975 (ὃ
1340 1939 1495 1981 divifiones
1507 1963 1518 1979 ‚
1530 1941 1565 1973 (τ
1577 1938 1763 1982 resolutiones
1781 1938 1832 1972 ille
1842 1939 1927 1971 audit
1941 1962 1952 1978 ,
1977 1935 2093 1980 quisae-

1182 1998 1185 2024 !
1200 2003 1239 2025 vo
1249 2000 1341 2032 atque
1353 1988 1461 2032 offenso
1471 1995 1570 2022 animo
1579 1987 1747 2031 hujusmodi
1756 1987 1905 2030 sermones
1917 1988 2063 2029 expendit
2077 1987 2090 2019 2

1200 2041 1285 2086 Agit
1308 2040 1349 2073 de
1370 2040 1489 2084 gentili
1514 2038 1636 2073 nostras
1659 2038 1899 2080 disputationes
1910 2037 2067 2071 audiente
2081 2061 2089 2069 .

1202 2090 1246 2133 Et
1267 2088 1464 2124 Catholicos
1484 2089 1518 2123 ἀ
1533 2087 1674 2122 Arianos
1695 2088 1804 2132 arguit
1819 2111 1829 2127 ‚
1855 2088 1945 2132 quod
1966 2088 2007 2121 de
2024 2087 2092 2120 Dei

1200 2138 1304 2175 Verbi
1318 2150 1430 2173 natura
1454 2151 1492 2173 ac
1503 2138 1635 2183 origine
1656 2149 1768 2172 coram
1786 2138 1970 2183 gentilibus
1992 2136 2092 2170 disce·

1201 2191 1341 2235 ptarint.
1371 2188 1457 2223 istud
1482 2189 1587 2232 ipsum
1610 2189 1722 2232 culpat
1745 2189 1780 2222 in
1804 2189 1950 2223 carmine
1971 2188 2013 2221 de
2037 2189 2092 2220 sua

1201 2242 1284 2274 vita.
1313 2239 1557 2274 Lamentatura
1570 2237 1751 2284 gentilibus
1765 2240 1871 2284 magis
1885 2237 2092 2283 philosophi·

1199 2301 1238 2325 ca
1252 2314 1264 2330 ‚
1277 2290 1376 2333 quam
1387 2290 1405 2324 a
1418 2288 1515 2322 nobis
1527 2287 1651 2324 Divina
1664 2288 1809 2323 aestimari
1825 2289 1995 2333 Dogmata
2011 2314 2018 2321 .
2046 2288 2091 2321 Et

1199 2339 1351 2382 adjungit
1361 2340 1421 2372 suae
1433 2338 1681 2374 lamentationis
1701 2341 1831 2373 causam
1849 2351 1856 2371 :
1884 2340 2016 2372 Gentiles
2030 2342 2068 2370 iis
2081 2362 2092 2378 ,

1198 2394 1322 2431 quinon
1345 2387 1451 2431 iisdem
1462 2389 1562 2421 Sacris
1583 2393 1703 2421 initiati
1722 2388 1817 2432 sunt,
1841 2400 1975 2423 cruorem
1983 2389 2089 2431 potitis

1194 2437 1284 2482 suum
1298 2463 1309 2480 ,
1333 2439 1424 2481 qudm
1430 2435 1580 2480 sermones
1593 2437 1736 2482 quosdam
1745 2445 1939 2481 impartirent
1950 2465 1957 2471 .
1990 2440 2090 2473 Istam

1199 2489 1342 2523 nostram
1355 2489 1588 2532 loquacitatem
1598 2489 1803 2524 demonstrat
1825 2490 1890 2524 effe
1902 2488 2090 2524 obnoxiam

1199 2538 1394 2584 graviffimis
1407 2538 1647 2573 incommodis.
1677 2540 1719 2572 Et
1733 2540 1766 2573 in
1779 2540 1945 2574 Oratione
1959 2540 1993 2572 in
2013 2540 2093 2573 San-

1199 2591 1287 2623 ssum
1308 2588 1473 2632 Baptisma
1486 2588 1619 2623 scribit:
1647 2589 1749 2625 Habes
1768 2602 1839 2632 quae
1863 2592 1900 2624 de
1912 2589 2092 2632 mysteriofo-
2109 2603 2191 2634 om„
2200 2614 2247 2639 40·

1197 2651 1251 2672 ras
1273 2647 1452 2681 exportare,
1479 2648 1571 2681 atque
1588 2639 1633 2671 ad
1650 2641 1732 2683 vulgi
1753 2652 1842 2674 aures
1871 2640 1977 2681 afferre
2001 2640 2090 2673 licet.

1198 2691 1413 2726 Caetnaintiis
1427 2715 1437 2731 ,
1460 2692 1616 2723 Trinitate
1626 2691 1764 2731 juvante
1777 2715 1788 2730 ‚
1814 2689 1953 2732 addisces
1966 2702 1978 2721 .·
2004 2691 2088 2731 ‚Quae

1199 2745 1291 2774 etiam
1300 2738 1396 2783 ipsam
1407 2741 1496 2783 apud
1504 2737 1632 2781 teipsum
1642 2741 1751 2772 occulta
1778 2740 1814 2772 &
1826 2737 1925 2781 clausa
1937 2737 2063 2771 babebis
2080 2763 2089 2770 .

1202 2788 1314 2826 Palam
1329 2790 1440 2824 laudat
1452 2787 1688 2832 Apostolicum
1701 2787 1898 2830 Symbolum
1912 2801 1924 2820 :
1954 2787 1997 2820 Et
2009 2787 2094 2821 affir-

1201 2836 1438 2882 mat‘quosdam
1457 2838 1526 2882 ejus
1537 2836 1694 2871 articulos
1706 2838 1793 2881 poffe
1804 2861 1815 2877 ,
1843 2835 2002 2879 quosdam
2018 2849 2087 2872 non

255 2895 353 2920 tutum
364 2884 451 2926 m'nf
446 2891 522 2918 uerit
534 2910 545 2926 ³
571 2886 789 2931 n1fi⁶0gn⁰ver⁰
799 2885 934 2931 quisnam
945 2889 995 2922 ille
1002 2888 1039 2930 fit
1051 2914 1062 2930 ,
1087 2897 1139 2934 qut
1183 2878 1186 2911 l
1204 2890 1291 2935 posse
1303 2888 1407 2934 vulgo
1431 2887 1611 2933 propalari.
1640 2887 1683 2921 Et
1698 2888 1732 2920 in
1745 2887 1848 2931 prima
1859 2887 2009 2922 adversus
2024 2887 2090 2922 Im-

256 2936 310 2970 hoc
327 2935 537 2977 percutiamur
565 2960 577 2976 ,
603 2948 639 2969 ne
656 2937 741 2979 sorte*
761 2945 920 2980 comperiar
942 2938 1067 2972 canibus
1090 2953 1138 2975 res
1201 2950 1381 2985 peratorem
1402 2938 1570 2983 Julianum
1591 2938 1750 2972 invectiva
1775 2937 1904 2972 scribit:
1933 2939 2025 2981 Apud
2034 2949 2091 2972 nos·
2106 2960 2226 2996 osam.

253 2985 402 3031 scindas,
429 2988 462 3019 &¹
468 2990 567 3027 porcis
592 2993 775 3031 margaritas
793 2991 936 3030 projicere
949 3013 956 3020 .
984 2992 1112 3025 Etenim
1112 2990 1143 3033 fi
1201 3002 1314 3034 quoque
1338 2989 1437 3023 abditi
1461 2989 1586 3033 quidam
1616 2989 1652 3021 (9·
1672 2985 1796 3028 abstrufi
1808 2987 1959 3032 sermones
1996 2987 2089 3031 sunt.

259 3037 336 3079 quid
351 3046 388 3068 ex
401 3047 446 3068 me
466 3047 584 3078 quaeras
596 3061 607 3076 ,
633 3037 772 3079 &fueris
794 3049 832 3072 ex
851 3038 987 3081 fidelium
1001 3050 1116 3074 numero
1129 3066 1140 3083 ,
1182 3010 1332 3085 'Nempe
1351 3039 1552 3084 metaphorae
1568 3039 1603 3072 δε
1625 3037 1787 3083 allegoriae
1804 3061 1816 3077 ‚
1841 3034 1960 3084 quibus
1986 3039 2090 3072 Divi-

258 3092 311 3130 qut'
332 3085 469 3125 mysteriis
483 3091 643 3120 initiantur
656 3110 667 3127 ‚
690 3090 828 3129 prompte
846 3090 882 3122 id
899 3090 980 3131 quod
997 3101 1046 3132 ego
1052 3088 1141 3134 sum,
1183 3084 1187 3137 ἶ
1205 3103 1282 3126 nam
1295 3090 1472 3126 Effentiam
1482 3114 1495 3132 ‚
1525 3087 1671 3134 quaedam
1684 3087 1853 3124 Attributa
1865 3115 1876 3132 ,
1900 3091 1935 3124 ἀ
1950 3089 2089 3132 mystica

260 3136 322 3172 eibi
344 3138 469 3178 dixero;
495 3137 568 3179 quid
579 3135 618 3178 fit
636 3145 736 3171 autem
754 3137 871 3179 fidelem
892 3140 965 3182 effe,
990 3151 1048 3173 non
1060 3141 1142 3176 dixe·
1201 3153 1301 3186 opera
1323 3141 1523 3176 involvimus
1542 3140 1577 3174 ὅς
1599 3138 1803 3174 occultamus
1825 3165 1832 3172 .
1872 3141 1923 3174 Ita
1947 3139 2089 3183 exponit

261 3197 316 3228 ro,
342 3197 379 3220 ne
385 3184 427 3228 fis
430 3185 514 3228 forte
519 3188 658 3232 Judaeur
671 3211 682 3227 ,
708 3193 760 3230 qai
783 3199 829 3222 me
849 3194 1015 3232 interrogas
1029 3215 1037 3223 .
1063 3190 1141 3226 Isto·
1205 3192 1294 3227 Elias
1315 3191 1495 3227 Cretenfis.
1524 3189 1664 3224 Etlucet
1686 3190 1949 3235 exsequentibus
1961 3189 2088 3234 Grego-

263 3247 337 3271 rum
365 3236 576 3282 dialogorum
604 3236 776 3272 authorem
803 3238 866 3272 effe
889 3263 901 3279 ,
925 3241 982 3282 qui
1005 3239 1142 3284 septimo
1205 3243 1246 3277 rii
1259 3241 1384 3278 verbis.-
1412 3242 1519 3275 Veram
1535 3251 1676 3283 quaenam
1687 3240 1817 3283 duplicis
1828 3251 1927 3275 eorum
1932 3238 2039 3283 finitis
2048 3236 2088 3279 est

266 3286 382 3320 saeculo
395 3288 501 3328 vixit,
527 3287 681 3322 Sandium
707 3285 873 3323 Abbatem
899 3299 937 3323 ac
957 3289 1140 3335 Martyrem
1204 3298 1302 3332 ratio,
1328 3294 1440 3335 &qua
1457 3297 1531 3331 vis,
1556 3301 1593 3324 ac
1596 3289 1763 3332 facultas?

264 3332 452 3372 Maximum
463 3362 474 3378 ‚
500 3337 546 3373 est
557 3337 647 3383 supra
660 3337 841 3373 ostensum.
869 3339 914 3374 Et
924 3351 967 3391 an
983 3339 1052 3384 ejus
1065 3351 1143 3377 tem·
1256 3341 1360 3391 Qod
1373 3342 1454 3376 inter
1464 3341 1541 3376 istos
1553 3352 1687 3376 arcanos
1706 3342 1867 3378 sermones
1877 3340 1974 3376 suerit
1986 3339 2086 3375 etiam

1947 3389 1978 3425 A
1983 3402 2036 3435 po·

241 693 347 728 velare
361 692 468 728 bonum
488 694 543 735 esi.
571 694 718 730 Proinde
742 705 796 739 per
817 694 875 728 ista
901 692 996 726 verba
1011 716 1024 732 ,
1050 694 1125 725 Ecce

241 742 402 783 »asterium
413 744 496 779 vobis
508 746 590 787 dico,
619 745 798 789 Apostolus
818 743 905 789 quasi
920 744 951 778 se
971 742 1124 779 retinuit,

241 802 288 827 ne
299 803 417 829 areana
443 796 527 830 ultra
547 796 671 831 limites
688 794 892 830 enuntiaret.
921 794 964 827 Et
984 792 1061 827 hinc
1084 791 1125 824 vi-

242 840 302 878 des
312 842 432 879 Tobiae
444 846 565 880 librum
572 846 659 889 apud
671 845 853 889 origenem
880 844 973 878 fuisse
983 840 1125 877 Canoni-

243 952 308 977 mae
326 943 588 979 incarnationem
602 970 613 984 ,
640 946 694 980 seu
719 945 856 979 modurn
879 955 946 987 quo
968 944 1079 977 anima
1093 942 1126 975 in

244 1001 363 1037 eorpus
386 994 404 1029 a
427 994 581 1032 Domino
594 994 671 1029 Deo
694 994 834 1029 mittitur
848 1016 860 1033 ,
885 993 994 1028 scribit
1014 991 1127 1036 Orige-

244 1052 302 1077 nes
314 1041 436 1078 ibidem
458 1045 494 1078 in
508 1045 629 1087 quinto
642 1043 744 1078 libro.

296 1093 341 1126 Et
353 1091 389 1125 in
399 1091 732 1137 sextolibroinfignia
755 1094 829 1128 sunt
851 1091 916 1127 haec
928 1092 997 1136 ejus
1010 1091 1106 1126 verba
1121 1104 1127 1124 :

247 1140 394 1176 Ezechiel
413 1142 522 1185 accipit
537 1150 626 1186 caput
647 1142 717 1177 libet
736 1141 883 1186 fi'riptum
901 1144 920 1176 ἄ
936 1142 1043 1186 fronte
1066 1144 1130 1177 &ci

246 1198 329 1236 eergo
350 1198 386 1225 in
406 1203 463 1236 quo
483 1198 583 1227 inerat
605 1196 784 1228 Lomentum
797 1220 807 1235 ,
833 1195 868 1228 Θ
889 1198 1068 1234 Canticum,
1095 1195 1128 1227 <5

247 1242 323 1277 Vae.
353 1245 397 1275 Et
413 1243 507 1285 jussus
530 1244 640 1277 librum
665 1245 810 1277 devorat.
839 1249 890 1277 Ne
900 1255 964 1277 eum
971 1242 1085 1285 scribat
1096 1254 1130 1275 ac

246 1293 350 1335 vulget
373 1295 507 1337 indignis
523 1318 531 1325 .
556 1296 604 1327 De
616 1295 647 1336 J
649 1305 742 1327 oanne
757 1304 869 1336 quoque
886 1291 1029 1337 scribitur
1044 1294 1128 1335 quid·

248 1342 323 1375 dam
336 1340 430 1384 fimile
452 1354 517 1376 eum
538 1343 641 1385 vidiffe
669 1345 703 1377 (9
716 1342 816 1386 fecisse
844 1367 851 1375 .
889 1345 936 1376 Sic
957 1344 991 1376 ὃ·
1014 1344 1129 1376 Paulus

248 1393 378 1426 audivit
398 1392 494 1425 verba
517 1391 683 1432 ineffabilia
704 1417 715 1434 ,
741 1404 809 1435 quae
829 1403 887 1426 non
911 1394 979 1426 licet
997 1393 1131 1435 proloqui
1159 1408 1163 1440 j

246 1442 338 1483 apud
353 1440 502 1473 hommes.
530 1445 576 1474 Et
597 1441 647 1473 his
668 1443 803 1474 omnibus
827 1441 1072 1485 maj0rJESUS
1093 1443 1131 1476 le·

243 1494 332 1534 gitur
342 1488 502 1532 Discipulis
514 1496 663 1531 privatim
673 1492 786 1523 locutus
808 1492 933 1524 verbum
950 1493 1008 1524 Det
1019 1515 1030 1531 ,
1052 1500 1131 1535 pre-

244 1535 354 1583 sertim
376 1544 408 1571 in
420 1537 563 1583 ficeffibus
578 1565 586 1572 .
612 1540 671 1572 sed
680 1541 757 1582 quid
764 1545 808 1573 eis
831 1541 969 1579 dixerit,
996 1551 1053 1572 non
1063 1542 1131 1584 legi-

244 1597 300 1624 tur
312 1614 320 1621 .
349 1593 422 1622 Non
433 1596 512 1623 em'm
524 1589 705 1623 videbantur
716 1591 793 1623 talia
817 1591 904 1634 vulgo
917 1587 1074 1633 scribenda
1085 1590 1136 1624 vel

246 1640 462 1683 praedicanda.
491 1641 584 1682 ,Quod
595 1639 624 1681 fi
643 1641 710 1673 lice‘t
722 1650 826 1674 verum
837 1640 873 1673 de
889 1644 984 1672 tantis
995 1645 1075 1673 viris
1089 1641 1133 1672 dt·

247 1699 314 1723 cere
323 1712 335 1730 ,
360 1695 406 1720 aio
434 1690 535 1722 melias
548 1691 672 1723 Platone
693 1689 745 1722 hos
760 1690 862 1732 vidffe
873 1698 927 1732 per
936 1695 1071 1734 gratiam
1082 1692 1131 1722 Dt-

248 1736 580 1782 vinamfibiconceffam
595 1764 606 1780 ,
631 1749 695 1773 tum
713 1741 790 1783 quid
793 1739 984 1783 scribendum
1005 1749 1058 1773 aut
1070 1751 1133 1783 quo—

252 1789 362 1828 modo,
387 1791 462 1830 quid
484 1801 542 1822 non
557 1788 746 1833 scribendum
766 1801 818 1823 nec
826 1791 1047 1834 evulgandum,
1070 1799 1135 1826 tum

247 1839 327 1882 quid
340 1839 571 1880 predicandum
582 1865 591 1879 ,
617 1841 695 1881 quid
709 1851 766 1871 non
780 1864 787 1870 .
814 1843 900 1877 Hanc
906 1838 1133 1881 scribendorum

250 1890 355 1923 &non
359 1886 578 1930 scribendorum
595 1888 798 1930 differentiam
808 1891 912 1922 docens
925 1901 978 1922 nos
986 1893 1019 1936 J
1022 1901 1133 1929 oannes

253 1937 342 1982 aitse
352 1938 458 1982 audisse
468 1945 601 1972 tonitrua
610 1939 723 1983 septem
730 1965 741 1980 ,
762 1944 887 1972 'Arcana
906 1943 1049 1982 quaedam
1058 1941 1134 1973 indi-

252 1994 356 2023 cantia
385 2013 397 2031 ,
432 1996 628 2031 vetantiaque
654 2000 689 2022 ne
714 1988 898 2029 referrentur
927 1995 960 2022 in
992 1992 1133 2023 litteras.

251 2038 390 2072 Etenim
403 2040 487 2071 sacer
503 2038 740 2081 Apocalypsios
750 2038 882 2071 Textus
894 2038 1010 2072 diserte
1022 2038 1113 2073 addit
1127 2052 1134 2071 ε

252 2090 346 2131 Signa
367 2099 434 2130 quae
457 2088 551 2121 locuta
568 2085 643 2130 sunt
651 2086 767 2131 septem
791 2093 946 2128 tonitrua,
973 2091 1079 2123 &noli
1098 2100 1135 2122 ea

250 2135 396 2181 scribae.
424 2137 475 2171 Ex
495 2137 545 2171 his
557 2138 719 2182 Origenes
739 2138 820 2172 reste
841 2138 1012 2173 concludit
1033 2151 1072 2173 ac
1085 2138 1138 2173 de-

252 2187 413 2222 monstrat
424 2186 546 2222 Secreti
557 2187 663 2232 legem
677 2189 740 2222 effe
752 2189 912 2223 Divinam
929 2201 966 2222 ac
979 2190 1135 2234 antiquis·

247 2238 385 2271 limam:
413 2237 578 2271 Servatam
598 2239 617 2271 a
640 2237 811 2281 Prophetis
825 2263 835 2278 ,
863 2238 996 2274 Christo
1017 2240 1135 2273 Domi-

252 2299 321 2328 no,
348 2299 386 2321 ac
410 2288 479 2330 ejus
496 2286 667 2331 Apostolis
681 2313 688 2319 .
717 2288 824 2322 Docet
846 2288 957 2322 audita
979 2289 997 2323 a
1017 2289 1137 2323 Sandto

251 2337 359 2372 Paulo
373 2337 406 2370 in
419 2337 573 2372 Paradiso
587 2337 680 2371 verba
691 2337 783 2371 fuiffe
795 2349 862 2371 non
874 2338 914 2371 ad
925 2349 1043 2372 omnes
1054 2340 1134 2373 inef-

253 2386 389 2426 fabilia,
414 2386 515 2420 sedad
534 2387 620 2420 solos
634 2387 802 2428 incapaces
820 2398 858 2420 ac
871 2386 1028 2430 indignos
1041 2411 1048 2418 .

305 2436 431 2469 Eadem
442 2436 612 2479 disciplina
636 2436 807 2479 permansit
831 2436 931 2470 etiam
942 2436 1012 2479 post
1025 2436 1135 2471 datam

253 2485 407 2521 Ecclefiis
418 2486 459 2520 ab
471 2486 667 2530 Imperatore
683 2485 906 2520 Constantino
925 2497 1033 2529 pacem
1044 2512 1052 2519 .
1082 2487 1136 2521 Et-

251 2536 343 2572 enim
356 2536 442 2580 apud
455 2535 621 2581 Magnum
634 2535 851 2571 Athanasium
866 2536 970 2570 exstat
988 2535 1135 2572 eruditus

251 2586 341 2622 inter
364 2585 600 2622 orthodoxum
622 2587 656 2621 &
681 2585 881 2621 Anomaeum
904 2587 1077 2632 dialogus,
1104 2590 1138 2622 ὃς

256 2698 313 2720 nus
323 2687 377 2719 es?
405 2686 493 2729 ,Quid
513 2686 550 2727 est
560 2686 804 2730 christianismus
819 2690 831 2721 ἒ
860 2689 904 2722 Et
915 2687 1137 2724 Orthodoxus

256 2736 299 2771 ad
314 2736 453 2779 primum
464 2736 635 2779 respondet
645 2737 834 2772 affirmative
844 2762 855 2778 ,
879 2746 977 2782 atque
988 2738 1138 2785 adjungit

259 2786 302 2821 de
313 2786 476 2819 secundo:
503 2790 608 2820 Dicere
631 2789 751 2830 quidem
774 2788 878 2830 necesse
883 2787 973 2828 fuit,
998 2789 1139 2832 quodfim

251 2836 360 2880 servus
381 2835 489 2875 Christi
503 2860 514 2875 ,
540 2839 635 2870 dicere
659 2841 729 2871 vero
740 2838 861 2880 quidfit
871 2837 1114 2881 christianismus
1128 2866 1137 2882 ,

2108 2372 2248 2406 Orat.33.
2284 2370 2297 2377 “
