2346 3724
96 348 168 386 Cap.
190 359 235 387 ²5·

103 392 150 419 26.

126 3208 202 3246 Cap.
213 3216 256 3246 13·

687 141 731 189 C
801 156 839 187 A·
898 157 922 187 ι)
991 153 1008 185 r
1079 153 1104 183 τ
1174 151 1192 184 1
1261 150 1282 181 s
1386 137 1624 183 XXXI.
1902 156 2003 205 257

250 231 285 266 ΞΩ
297 232 364 276 ejus
376 227 442 264 „fta
456 226 620 264 Fenndus
639 228 814 263 Diaconus
835 224 1124 271 Carthaginenfis.
1189 222 1306 267 jussum
1328 220 1421 255 fuisse
1441 220 1483 256 ab
1505 221 1659 263 Abbate,
1682 223 1717 258 δε
1736 228 1880 271 ceffaffe,
1905 228 2017 265 scribit
2032 230 2070 265 in

249 282 295 318 Et
316 282 356 316 de
374 280 490 314 Sansto
511 279 676 325 Gregorio
689 278 934 314 Turonenfium
957 275 1124 319 Episcopo
1190 271 1422 319 Leodienfium
1446 272 1686 318 Episcoporum
1709 273 1841 313 historia
1873 279 2068 316 Canonicus

250 332 359 368 scribit
382 328 572 364 authentica
593 324 660 375 ejus
679 330 766 365 vita:
793 329 934 363 Multam
950 325 1049 369 salute
1060 325 1126 359 Ian·
1189 321 1331 367 ejusdem
1355 322 1505 358 Ecclefiae
1529 323 1722 358 Anselmus.
1750 324 1841 360 Idem
1860 330 1997 366 eandem
2019 331 2068 368 ob

244 386 400 429 guentium
418 380 594 422 operabatur
605 406 616 422 ,
642 392 710 424 quae
729 389 830 414 tamen
851 376 908 422 sub
920 376 1041 411 obtentu
1052 377 1126 409 san·
1191 373 1318 409 caulam
1329 372 1446 408 Sancto
1458 374 1595 419 Spinulo
1606 374 1698 410 fuisse
1708 373 1727 408 a
1737 374 1855 409 Sansto
1878 376 2066 424 Hydulpho

249 433 377 473 aarum,
405 443 527 474 quorum
549 432 702 475 Reliquias
718 431 848 474 perinde
859 427 1006 471 ferebat,
1032 424 1125 470 &suis
1192 423 1322 461 Abbate
1345 425 1535 460 Senonienfi
1558 426 1767 460 interdietum
1789 426 1971 463 affirmatin
1989 431 2065 474 ejus.

251 488 367 518 meritis
376 482 530 516 excludere
541 482 691 516 nitebatur
706 507 714 516 .
745 480 790 515 Et
810 481 965 516 Sanetum
986 477 1127 512 Wolbo-
1191 476 1265 511 dem
1289 475 1445 512 coenobii
1466 476 1637 512 Chronico
1661 475 1851 512 Monachus
1873 477 2076 514 Richerius.¹

2079 308 2144 348 Cap

2162 317 2210 345 70³

249 533 330 568 dum
350 532 568 567 Leodiensem
582 533 802 577 Episcopum,
829 531 865 565 in
876 528 986 566 Sancti
1002 527 1126 564 ibidem
1194 527 1291 562 Plura
1313 528 1387 561 sunt
1408 525 1589 582 istiusmodi
1600 528 1768 573 exempla.
1795 527 1959 563 Miracula
1980 529 2068 566 enim
2088 538 2186 570 mm,

250 582 422 618 Laurentii
434 583 636 618 Monasterio
647 583 827 627 sepultum,
854 580 944 626 quod
957 576 1127 624 frequenti·
1193 579 1257 613 suis
1272 576 1486 622 patratoribus
1505 579 1704 623 quandoque
1724 578 1862 615 obfuisse
1882 579 2020 613 affirmat
2034 580 2070 616 in
2087 587 2150 617 cap.
2164 587 2204 615 13·

251 633 313 667 bus
324 632 487 667 miraculis
499 634 655 677 populum
670 631 885 677 undequaque
906 631 946 666 ad
967 631 999 665 se
1014 639 1129 664 evoca·
1196 629 1260 663 suis
1273 629 1364 672 super
1374 627 1483 662 Sancti
1496 624 1648 664 Matthaei
1662 628 1879 674 Evangelium
1900 627 2048 665 homiliis
2060 655 2073 672 ,

250 689 300 718 ‘tet
319 707 332 724 ,
356 692 453 727 atque
473 683 521 718 it‘a
544 683 741 728 inquietaret
766 681 956 718 Monachus
974 705 987 723 ‚
1013 679 1129 716 ceffare
1193 690 1233 714 ac
1252 677 1455 713 demonstrat
1476 677 1610 712 Sanctus
1630 680 1770 723 Joannes
1790 678 2046 722 Chrysostomus
2060 706 2071 715 .

593 892 1222 988 CAPUT
1369 904 1737 1002 XXXI.

550 1087 901 1170 Parabalei
950 1083 1238 1195 fleminis
1294 1091 1363 1170 in
1418 1094 1772 1174 haereticos

1009 1200 1308 1312 expofita
1326 1268 1343 1287 .

418 1387 488 1439 Ed
521 1387 579 1438 ab
613 1385 780 1439 excessu
814 1403 1004 1439 revertar
1038 1386 1097 1438 ad
1130 1389 1506 1458 principalitatem
1540 1390 1748 1441 veritatis
1770 1425 1784 1451 ‚
1836 1392 1881 1440 δε
1915 1389 2096 1458 posteri-

454 1473 593 1508 tatem
629 1458 848 1507 mendacii
897 1457 1203 1525 disputandam
1231 1496 1245 1520 ‚
1299 1478 1355 1511 ex
1389 1462 1510 1511 illius
1544 1478 1727 1527 quoque
1762 1459 1980 1527 parabolae
2013 1478 2093 1529 pa-

451 1529 675 1587 trocini03
711 1544 809 1594 quae
844 1525 1008 1576 bonum
1043 1527 1186 1576 semen
1219 1529 1428 1578 frumenti
1462 1528 1490 1577 ὲ
1524 1533 1726 1578 Domino
1760 1528 2018 1578 seminatum
2046 1533 2094 1579 in

452 1600 643 1666 primore
690 1597 918 1647 constituit
954 1635 969 1660 ,
1016 1613 1254 1648 avenarum
1289 1615 1436 1648 autem
1482 1598 1641 1648 sterilis
1687 1599 1796 1648 foeni
1830 1597 2095 1655 adulterium

254 1668 315 1720 ab
349 1668 533 1717 inimico
564 1667 766 1718 Diabolo
800 1665 949 1736 postea
984 1666 1228 1735 superducit
1255 1705 1268 1716 .
1322 1668 1499 1737 Proprie
1548 1671 1665 1719 enim
1700 1668 1992 1719 doctrinarum
2026 1668 2096 1719 di-

255 1739 530 1787 stinctionem
572 1736 728 1801 figurat
762 1774 776 1799 ‚
811 1739 918 1804 quia
951 1741 995 1787 &
1030 1738 1137 1788 alibi
1178 1738 1359 1788 verbum
1395 1741 1486 1788 Dei
1520 1738 1694 1788 seminis
1729 1740 1968 1789 fimilitudo
2002 1739 2098 1788 est.

254 1811 329 1858 Ita
364 1825 416 1856 ex
453 1806 547 1875 ipso
580 1808 734 1856 ordine
769 1807 1067 1857 manifestatur
1094 1845 1107 1869 ‚
1143 1807 1190 1856 id
1224 1807 1307 1859 effe
1343 1810 1631 1858 Dominicum
1669 1814 1713 1858 &
1748 1826 1934 1869 verum,
1968 1806 2096 1876 quod

255 1877 310 1929 sit
344 1877 464 1946 prius
500 1876 740 1926 traditum:
778 1876 831 1924 Id
865 1892 1014 1926 autem
1048 1893 1299 1927 extraneum
1334 1882 1378 1928 &
1405 1878 1556 1928 falsum
1586 1915 1600 1940 ,
1638 1877 1762 1945 quod
1797 1878 1849 1928 fit
1885 1878 2100 1946 posterius

254 1946 489 2002 immissum
519 1983 532 1995 .
580 1951 647 1996 Ea
680 1945 892 1996 sententia
940 1947 1136 1998 manebit
1183 1949 1394 2000 adversus
1439 1948 1695 2015 posteriores
1731 1947 1923 2016 quasque
1968 1949 2102 1998 haere-

255 2019 318 2069 ses
345 2055 359 2078 ,
400 2018 562 2081 quibus
597 2017 719 2064 nulla
750 2015 996 2066 constantia
1041 2017 1098 2067 de
1129 2017 1394 2068 conscicntia
1429 2020 1646 2086 competit
1686 2017 1744 2069 ad
1779 2017 2099 2069 defendendam

256 2088 339 2138 fibi
371 2087 607 2137 veritatem
623 2119 637 2132 .
1949 2112 1957 2119 ·

1212 2232 1327 2263 tritici:
1353 2232 1401 2262 Er
1424 2228 1522 2263 abur.
1547 2233 1627 2263 Cum
1645 2238 1747 2264 autem
1767 2231 1899 2274 creviffet
1922 2229 2013 2264 herba
2026 2253 2037 2271 ,
2063 2230 2100 2265 <it

1207 2279 1346 2321 frudum
1372 2277 1488 2323 fectffet
1509 2304 1521 2321 ,
1546 2289 1618 2314 tunc
1643 2288 1847 2323 apparuerunt
1883 2282 1917 2315 Ca·
1940 2283 2096 2314 leanla.

1215 2329 1350 2363 Zizania
1359 2330 1535 2372 Septimius
1543 2328 1623 2364 reste
1633 2340 1873 2365 commentatur
1883 2344 1895 2364 .-
1924 2335 2099 2364 avenarum

1206 2377 1318 2417 sterilis
1332 2377 1414 2419 foent
1432 2380 1612 2413 adulterium
1624 2404 1631 2412 .
1660 2380 1796 2415 Etenim
1821 2381 1913 2415 bono
1928 2381 2041 2415 tritico
2052 2381 2100 2414 se·

1214 2427 1378 2462 minatum
1390 2439 1507 2473 agrum
1519 2429 1674 2464 inimicus
1686 2429 1791 2464 homo
1813 2431 1985 2465 consuevit
1997 2430 2100 2465 istius-

277 2522 279 2524 ·
1209 2477 1303 2512 modi
1327 2478 1410 2512 lolio
1432 2479 1705 2523 superseminare.
1735 2480 1780 2514 Et
1803 2481 1894 2516 suam
1909 2481 2099 2524 parabolam

258 2552 260 2554 -
337 2525 382 2561 Er
399 2526 563 2563 excelsum
577 2525 877 2573 Dostorintelligit
889 2525 1122 2573 digteffionem
1134 2551 1146 2568 ,
1208 2527 1275 2571 ipse
1290 2528 1460 2562 Dominus
1479 2528 1528 2563 est
1552 2529 1795 2573 interpretatus:
1823 2533 1893 2574 ,Qui
1904 2529 2038 2572 seminat
2049 2530 2099 2563 bo-

359 2588 426 2619 qua
443 2577 676 2612 demonstravit
703 2577 924 2613 Valentinum
946 2601 959 2619 ,
992 2577 1148 2612 Marcio·
1206 2576 1408 2620 numsemen,
1431 2577 1471 2619 est
1479 2579 1564 2622 filius
1575 2578 1708 2613 hominis
1721 2604 1728 2612 .
1755 2584 1831 2624 Ager
1843 2590 1947 2614 autem
1958 2581 1997 2620 est
2010 2591 2097 2613 mun·

262 2637 343 2661 nem
369 2651 380 2667 ,
407 2626 580 2670 Apenem.
606 2627 807 2673 Nigidium,
833 2639 872 2662 ac
897 2627 1146 2672 Hermogenem
1204 2627 1283 2660 dus.
1309 2629 1428 2661 Bonum
1449 2631 1523 2662 verb
1540 2626 1661 2671 semen,
1686 2629 1720 2663 bl
1735 2628 1879 2673 suntfilff
1894 2634 2010 2674 Regni.
2038 2632 2094 2661 Zi-

262 2677 332 2710 effe
343 2673 544 2720 Apostolicis
561 2677 762 2721 temporibus
779 2678 972 2722 posteriores
985 2702 996 2719 ,
1020 2677 1149 2712 nostros
1203 2682 1297 2711 xanta
1306 2676 1559 2723 autemsuntfilli
1568 2690 1713 2722 nequam.
1743 2684 1885 2713 Inimicus
1914 2689 2016 2713 autem
2040 2683 2097 2720 qut

264 2725 427 2769 apostatas
445 2751 457 2767 ,
490 2727 639 2771 adeoque
674 2728 711 2762 &
737 2728 926 2763 manifestos
958 2727 1144 2762 haereticos.
1199 2726 1367 2771 seminavit
1384 2740 1442 2768 ea,
1464 2728 1505 2768 est
1526 2729 1692 2762 D1abolus.
1720 2729 1765 2762 Et
1783 2729 1842 2761 filii
1865 2729 1960 2771 regni
1980 2729 2015 2761 &
2031 2727 2096 2761 filii

267 2774 371 2810 Nunc
382 2775 467 2811 redit
476 2776 518 2811 ad
529 2776 673 2811 veritatis
684 2778 953 2822 principalitatem
967 2802 978 2819 ,
1000 2777 1037 2810 ἀ
1058 2788 1148 2813 men·
1206 2788 1347 2823 nequam
1371 2788 1442 2812 non
1461 2777 1664 2813 seminantur
1680 2789 1691 2809 2
1741 2788 1848 2819 neque
1866 2776 1887 2809 ὲ
1915 2777 2069 2811 Domino
2083 2800 2099 2818 ,

265 2825 354 2860 dacii
368 2826 584 2868 posteritatem
595 2826 823 2870 disputandam
835 2852 846 2869 ,
867 2827 902 2861 id
919 2826 966 2861 est
979 2851 991 2867 ,
1015 2825 1058 2861 ab
1068 2827 1150 2862 invi·
1206 2839 1314 2872 neque
1332 2828 1353 2862 a
1372 2826 1522 2862 Diabolo
1539 2850 1549 2857 -
1576 2825 1637 2859 ille
1657 2826 1891 2870 Evangelicam
1916 2827 2094 2861 seminavit

265 2874 616 2921 cemdiffluguendas:
642 2876 699 2911 Ad
716 2875 1028 2918 demonstrandum,
1056 2869 1168 3114 quod!
1206 2878 1378 2913 veritatem
1398 2902 1412 2919 ‚
1443 2875 1500 2911 hic
1523 2876 1793 2919 superseminavit
1818 2877 1908 2910 varia
1942 2887 2094 2912 errorum

483 2229 917 2277 Scitotrou.

349 2365 428 2416 Sed
461 2370 512 2417 ab
544 2363 686 2431 exceffit
718 2384 893 2415 revertar
914 2404 930 2429 ,
973 2371 1069 2415 &a

268 2925 386 2960 veritas
395 2925 433 2959 fit
456 2927 580 2970 semper
596 2926 783 2971 principalis
800 2928 974 2972 &prima,
996 2926 1148 2972 adeoque
1205 2927 1377 2963 mendacia
1394 2949 1407 2967 ,
1434 2938 1477 2963 ex
1500 2925 1622 2969 quibus
1643 2926 1681 2961 δε
1698 2926 1791 2960 electi
1814 2927 1850 2961 ὃς
1875 2927 2007 2975 reprobi
2028 2927 2093 2962 filii

266 2986 371 3010 omne
381 2974 545 3019 posterum
565 2987 603 3010 ac
615 2987 739 3013 novum
748 2977 784 3012 fit
799 2978 1010 3012 mendacium
1036 2989 1074 3012 ac
1086 2978 1147 3013 hae·
1205 2980 1281 3014 sunt
1301 2978 1372 3012 nati
1394 2976 1587 3021 hucusque,
1609 2976 1645 3010 ὅ(
1667 2977 1771 3020 usque
1790 2976 1834 3011 ad
1859 2977 1965 3012 saeculi
1988 2977 2092 3011 finem

269 3027 364 3061 telis.
390 3025 445 3060 Ad
465 3026 748 3061 demonstrandam
759 3026 846 3063 hanc
864 3028 1146 3064 fundamentalem
1208 3030 1398 3064 nascentur.
1422 3027 1476 3062 Ita
1495 3027 1672 3062 &bonum
1693 3027 1802 3061 semen
1817 3027 1988 3062 &zizania
2013 3029 2092 3062 San·

265 3075 541 3120 prascriptionem
562 3101 572 3109 .
599 3075 645 3110 Et
665 3076 768 3120 ipsam
784 3078 849 3113 effe
868 3077 1087 3114 Dominicam
1106 3090 1147 3114 ac
1204 3080 1251 3114 cti
1272 3079 1386 3114 Patres
1418 3077 1611 3113 constanter
1631 3077 1670 3110 ἀ
1686 3076 1811 3121 semper
1830 3078 2089 3113 intellexerunt.

267 3125 508 3171 Evangelicam
517 3123 716 3161 demonstrat
725 3138 765 3162 ex
773 3127 958 3163 Dominica
968 3127 1055 3171 apud
1070 3129 1148 3164 San·

267 3178 360 3212 lium
379 3175 576 3211 Matthaeum
597 3174 749 3220 parabola
765 3190 775 3210 z
798 3177 1032 3221 Similefallum
1041 3178 1082 3219 est
1093 3182 1149 3213 Re·

270 3227 510 3269 gnumcoetomm
530 3225 644 3260 bomini
658 3249 670 3267 ,
692 3231 748 3270 qui
759 3225 927 3270 seminavit
935 3227 1150 3272 bonumfemen

270 3279 307 3309 dn
315 3287 385 3320 agro
397 3276 452 3320 suo
463 3302 473 3310 .
496 3280 575 3310 Cum
594 3286 696 3311 autem
705 3278 868 3311 donnerent
886 3277 1041 3319 homines,
1065 3285 1151 3312 vemt

269 3329 409 3362 duum:
427 3328 497 3371 <ius
508 3351 522 3370 ,
542 3325 842 3372 &superseminavit
859 3333 984 3364 zizania
1001 3334 1035 3362 m
1054 3330 1152 3364 medlo

1208 3130 1300 3175 Ergo
1318 3129 1370 3164 uti
1398 3137 1499 3162 nemo
1522 3127 1694 3162 Dominus
1712 3127 1878 3171 proprium
1891 3152 1902 3168 ,
1927 3127 1982 3162 sed
2002 3126 2090 3161 solus

1208 3179 1360 3215 inimicus
1372 3178 1516 3213 alienum
1535 3187 1675 3222 agrum,
1695 3178 1733 3212 &
1747 3188 1815 3212 non
1834 3179 1985 3212 triticum
2009 3177 2093 3212 triti-

1205 3241 1272 3272 co,
1295 3229 1351 3265 sed
1375 3230 1501 3272 semper
1517 3227 1602 3262 lolia
1617 3227 1848 3271 superseminat
1857 3240 1873 3269 5
1901 3228 1946 3262 ita
1957 3237 2091 3272 quoque

1210 3292 1266 3325 per
1275 3276 1508 3315 Haereliarchas
1530 3278 1604 3323 agit
1616 3277 1783 3313 Diabolus
1807 3278 1841 3312 in
1855 3278 1944 3312 hunc
1956 3277 2090 3312 Divinas

1211 3330 1391 3374 Majestatis
1402 3326 1564 3365 mundum
1574 3352 1590 3372 ,
1612 3327 1762 3373 adeoque
1772 3328 1932 3374 quidquid
1934 3328 1981 3413 ¹iaen
1995 3325 2091 3362 Chri·

1965 3388 2043 3412 iano
