2346 3724
666 146 697 169 υ
760 129 1503 188 ἐτγνῇειιηοιὶυψ-

234 230 240 253 ι
271 213 452 261 Nequitias
1001 211 1106 261 338-1·

218 266 393 303 Valentini
400 271 520 297 errores
529 285 539 293 -
989 273 1033 310 35
1040 274 1068 309 9·
1076 273 1103 298 1¹

222 317 422 356 valentinus
434 312 664 356 Episcopatum
677 311 797 347 ambit.
825 321 904 360 243.
920 322 949 348 1.
976 323 1057 359 245.
1074 323 1104 346 2.

273 364 390 402 Valuit
418 363 556 408 ingenio
575 387 587 404 ,
610 364 646 398 ἀ
666 364 820 406 eloquio.
848 364 922 397 ibid.
956 363 1034 397 Fuit
1058 361 1106 396 vir

232 440 240 452 .
270 414 466 460 doctissimus
481 439 488 446 .
514 423 626 462 243.2.
652 415 779 449 Incerta
790 412 858 456 ejus
869 412 987 448 Patria.
999 410 1102 450 108-2·

345 489 352 496 .
380 473 413 498 2.

221 475 419 555 Vaidnstinus
429 512 448 548 ὲ
461 514 596 550 Simone
607 515 713 559 Mago
725 523 820 549 natus
831 514 952 560 fungus
963 539 971 546 .
1002 524 1068 562 ¹07·
1078 524 1104 548 1.

270 564 444 601 Amalrico
456 589 467 605 ,
493 565 671 611 Beggardis
682 589 694 604 ,
719 564 895 610 Begginis‚
914 566 948 599 ἀ
961 564 1106 598 Calvino

236 617 247 651 i
272 617 309 650 in
322 627 428 650 errore
440 616 574 658 praelufit
586 640 595 647 .
621 614 727 649 ibid.2.
753 614 934 650 Platonicae
945 616 1088 650 sectator
1099 639 1106 646 .

232 684 242 694 r
278 664 399 708 1083.x
416 665 494 709 Ejus
507 663 621 700 fabulae
629 675 670 699 ex
682 663 827 700 Thalete
836 690 843 696 .
992 664 1065 698 ibid.
1075 675 1107 699 2.

223 716 358 763 Veritas
366 714 442 751 fidei
453 716 623 761 quaerenda
634 716 670 750 in
680 726 745 751 una
755 740 767 758 ,
791 717 828 750 ἀ
841 716 870 751 A
875 714 1034 761 postolica
1049 714 1109 748 Ec-

274 766 369 801 clesia
378 792 388 799 .
985 777 1001 802 1
1032 765 1062 801 6.
1078 776 1106 801 1-

223 815 357 852 Veritas
367 816 470 852 haerefi
481 818 517 852 &
529 816 700 852 mendacio
714 816 819 861 prior.
846 826 923 863 240.
937 826 971 852 2.
996 776 1030 850 ὅ9ε
1045 817 1108 859 seq.

271 877 296 901 2
346 876 387 903 .1.

223 879 357 953 VeriStZs
368 928 436 953 non
446 917 493 953 est
506 917 592 962 apud
603 916 770 952 haereticos
782 917 952 961 quaerenda
964 942 972 950 .
1000 925 1108 964 1341.

276 970 398 1013 136-1-
424 968 466 1003 &a
480 969 542 1012 fitq-
562 968 658 1014 Ner-2
666 968 754 1013 apud
781 979 840 1002 eos
850 991 861 1008 ,
887 969 944 1011 qui
955 964 1111 1010 perpetuo

233 1044 241 1053 ,,
269 1016 426 1053 dubitant
438 1042 447 1050 .
996 1023 1063 1060 159.
1077 1025 1109 1050 2.

1879 149 1945 196 40
1957 154 1985 195 3·

1216 224 1296 247 nem
1314 209 1530 246 continentia:
1548 234 1558 251 .
1590 211 1644 247 sed
1664 213 1763 250 etiam
1783 214 2045 255 Ecclefiasticum

1217 263 1363 297 officium
1378 287 1388 302 ,
1415 262 1645 307 Magistratum
1657 286 1668 303 ‚
1693 265 1806 300 summi
1818 266 1953 303 honoris
1964 270 2053 304 fasti-'

1214 314 1307 358 gium
1319 338 1329 353 ,
1354 313 1389 347 ὅ(
1403 313 1435 345 in
1447 311 1585 355 solemni
1599 312 1746 347 Ecclefiae
1758 326 1921 353 conventu
1941 319 2048 355 Praefi.

1218 363 1380 397 dentiam.
1408 361 1480 396 ibid.
1509 361 1563 396 Ad
1576 374 1648 397 eam
1660 363 1877 406 requirebatur
1892 370 2048 415 sexageffi

1217 424 1291 448 mus
1310 423 1433 448 annus.
1456 413 1532 447 ibid.
1560 412 1616 447 Ad
1636 423 1707 447 eam
1722 413 1812 456 juxta
1826 414 2045 460 Apostolum,

1217 465 1322 498 sacros
1342 463 1520 504 canones,
1546 463 1579 497 &
1600 464 1654 498 SS.
1666 462 1777 498 Patres
1793 464 2049 504 admittebantur

1214 523 1281 548 tam
1295 515 1454 547 Diaconae
1478 512 1575 558 quam
1592 513 1806 557 Presbyterae.
1835 516 1879 551 ι8.
1893 525 1929 550 2.
1954 518 2050 560 Juxta

1217 563 1464 598 Tertullianum
1477 564 1552 599 solae
1563 563 1759 607 Presbyterae
1769 589 1776 596 .
1975 565 2052 599 ibid.

1168 615 1202 648 P.
1231 613 1424 648 Vinckelius
1442 625 1483 648 ex
1494 613 1634 648 verfibus
1656 613 1850 658 Virgilianis
1861 612 2054 660 elegantiffi·

1216 663 1270 698 me
1290 664 1504 700 concinnavit
1516 664 1617 699 vitam
1648 665 1680 699 S.
1696 664 1840 700 Thomae
1849 663 1890 699 de
1901 666 2053 701 Villano·

1220 726 1277 748 va.
1615 722 1617 726 ·
1940 726 1994 761 04.
2023 727 2052 752 ι.

1171 764 1354 809 Virginalis
1373 764 1577 800 consecratio
1604 765 1687 800 olim
1709 765 1827 808 quibus
1851 724 2053 809 tem{oribus

1219 815 1387 849 facienda.
1414 825 1504 862 43.2.
1532 815 1627 850 Olim
1647 817 1682 849 in
1711 815 1918 860 Epiphania,
1946 816 1997 850 vel
2019 815 2053 849 in

1220 865 1359 899 secunda
1381 866 1460 900 feria
1486 863 1615 900 Paschae
1636 890 1647 906 ‚
1675 876 1732 900 aut
1756 866 1791 900 in
1815 864 2055 909 Apostolorum

1218 914 1407 949 Natalitiis.
1438 915 1510 949 ibid.
1539 915 1786 959 Excipecasum
1799 916 1906 961 gravis
1919 915 2062 960 languor'

1220 966 1278 1000 ris.
1307 965 1379 999 ibid.
1408 966 1505 1008 Juxta
1518 967 1747 1001 Romanorum
1762 965 1960 1001 pontificale
1981 964 2059 1007 adji-

1217 1016 1354 1050 ciuntur
1368 1026 1483 1050 omnes
1495 1016 1682 1051 Dominicae
1698 1041 1706 1047 .
1979 1015 2054 1048 ibid.

187 1095 191 1100 .
225 1062 358 1100 Veritas
382 1068 448 1101 fine
458 1069 559 1106 fuco,
582 1067 759 1110 &propter
780 1064 844 1099 boc
855 1066 961 1109 pueris
970 1066 1109 1100 credita.
1172 1065 1355 1109 Virginalis
1366 1065 1466 1100 status
1480 1067 1623 1111 dignitas
1638 1090 1645 1098 .
1670 1064 1765 1102 282.
1790 1064 1968 1100 inchoatus
1988 1066 2006 1099 a
2024 1064 2056 1098 S.

271 1117 364 1150 61-1-

221 1161 371 1197 Vestitus
392 1162 549 1198 modestia
561 1161 779 1206 Christianis,
806 1165 979 1208 praesertim
1003 1165 1109 1200 foemi-

271 1212 324 1246 nis
343 1213 461 1248 merito
471 1214 719 1249 commendata.
971 1224 1050 1264 372.
1082 1226 1109 1251 1.

219 1261 624 1308 Vespafianus‘lmperator
637 1264 745 1300 utrum
756 1275 829 1300 vera
842 1265 998 1301 miracula
1010 1275 1111 1310 patra·

270 1313 376 1347 verit?
823 1326 904 1365 379.
921 1326 948 1350 1.
974 1314 1054 1362 380.
1081 1325 1108 1350 1.

219 1361 334 1398 Vidua
355 1363 442 1407 apud
454 1363 585 1399 Graecos
608 1364 834 1406 benedicitur,
857 1367 891 1400 ὅ(
908 1365 945 1401 iu
958 1364 1112 1401 Abbatis-

268 1414 334 1448 sam
346 1413 499 1459 eligitur.
996 1426 1056 1462 40.
1080 1426 1109 1451 1.

216 1462 405 1498 Viduarum
419 1475 522 1499 ccetus
534 1464 655 1509 duplex
668 1491 676 1498 .
881 1477 960 1511 194.
987 1477 1065 1504 201
1079 1477 1110 1503 2·

217 1512 404 1549 viduarum
426 1516 587 1550 sacrarum
612 1527 715 1561 genus
737 1517 871 1551 tertium
893 1543 900 1549 .
940 1516 1014 1550 ibid.
1053 1518 1109 1550 Ad

268 1564 432 1598 vidualem
456 1565 641 1600 castitatem
669 1567 886 1610 profitendam
916 1579 983 1601 non
1006 1567 1110 1611 elige-

271 1613 390 1648 bantur
416 1613 457 1649 ab
479 1615 667 1659 Episcopo,
692 1616 747 1650 sed
770 1618 885 1660 sponte
906 1618 960 1650 sua
980 1617 1110 1651 accede-

268 1663 350 1698 bant
363 1690 370 1697 .
400 1666 473 1698 ibid.
503 1665 633 1701 Votum
645 1667 739 1700 suum
751 1667 1019 1702 demonstrabant
1033 1667 1108 1701 velo

265 1714 300 1747 ὃς
317 1716 412 1759 nigra
423 1716 508 1750 veste
520 1740 528 1747 .
1034 1717 1111 1751 ibid.

215 1759 403 1798 viduarum
423 1766 592 1800 Sacrarum
618 1766 833 1812 Magistratus
860 1767 948 1802 varia
971 1768 1110 1812 require-

267 1812 323 1847 bat
345 1838 353 1845 .
386 1812 499 1847 Primo
523 1815 663 1850 debebat
685 1819 747 1852 effe
772 1818 843 1860 post
867 1819 1111 1852 consummatas

263 1863 396 1906 nuptias
408 1863 504 1896 vidua
520 1886 531 1902 ‚
557 1874 628 1896 non
652 1863 746 1906 virgo
761 1876 769 1895 :
796 1866 947 1899 Secundo
969 1866 1111 1900 debebat

263 1923 333 1946 non
345 1921 475 1946 tantum
490 1910 700 1952 genuiffe‚sed
714 1912 749 1942 δε
761 1911 848 1942 filios
859 1913 943 1944 bene
952 1915 1109 1945 educasse.

263 1958 385 1992 Tertio
405 1957 545 1992 debebat
556 1957 618 1992 elie
628 1968 744 1992 ornata
756 1961 882 1994 cunstis
894 1971 950 2003 per
969 1963 999 1993 A
1004 1961 1111 2004 posto-

265 2008 336 2042 lum
347 2007 505 2052 requifitis
527 2007 720 2042 virtutibus.
745 2007 872 2054 Qarto
895 2010 1041 2045 emittere
1065 2012 1111 2044 so-

265 2058 374 2093 lemne
385 2068 501 2092 votum
514 2069 672 2102 perpetuae
683 2058 843 2094 castitatis
857 2085 864 2092 .
890 2060 1024 2107 Qintd
1045 2061 1111 2096 effe

265 2108 434 2154 sexaginta
446 2120 609 2143 annorum
628 2135 637 2141 .
1037 2121 1081 2145 21.
1091 2126 1110 2144 ι.

218 2155 408 2194 Viduarum
428 2160 597 2193 Sacrarum
627 2158 876 2195 Praefidentium
887 2161 1016 2197 officia.
1043 2161 1109 2195 Pri-

263 2210 324 2244 mo
333 2209 553 2245 Matrimonia
566 2220 643 2243 cum
657 2209 757 2245 Clero
770 2211 966 2252 conciliare,
991 2213 1026 2247 &
1048 2223 1112 2246 ma·

265 2259 407 2294 ritandis
416 2259 601 2303 junioribus
611 2260 782 2303 providere
796 2287 804 2294 .
816 2261 970 2297 Secundo
982 2288 990 2295 .
1016 2263 1113 2297 Flen-

267 2318 316 2344 tes
327 2309 369 2344 ad
381 2309 545 2354 publicam
560 2309 790 2355 poenitentiarn
812 2312 966 2357 suffragio
989 2314 1049 2348 suo
1059 2313 1113 2347 ad-

265 2360 410 2395 mittere.
443 2360 583 2395 Tertio.
611 2361 739 2395 Docere
752 2362 939 2405 imperitas,
966 2364 999 2397 &
1020 2362 1108 2397 rusti-

265 2422 322 2444 cas
346 2410 521 2451 mulieres,
547 2420 694 2454 tempore
708 2422 775 2455 quo
800 2412 1006 2457 baptizandae
1018 2414 1111 2447 sunt.

267 2460 422 2507 Qarto.
444 2461 633 2496 Solemnem
659 2472 735 2495 cum
761 2462 863 2496 Clero
890 2462 1111 2498 psalmodiam

267 2520 380 2553 agere.
408 2508 558 2554 Qinto.
584 2511 795 2547 incarceratis
820 2512 1028 2556 Martyribus
1045 2515 1114 2547 suc·

268 2569 417 2593 currere.
443 2557 545 2594 sexte>
559 2582 569 2592 .
592 2561 811 2605 Baptizandis
833 2562 1024 2597 mulieribus
1044 2563 1114 2597 affi-

269 2608 370 2643 ssere.
866 2613 973 2647 abida.
1000 2615 1035 2648 ὅ(
1050 2615 1111 2658 seq.

222 2657 409 2693 viduarum
422 2659 590 2695 Sacrarum
603 2660 849 2696 Praelidentium
862 2664 948 2696 varia
958 2662 1111 2708 dignitas.

270 2707 386 2743 Primo
397 2720 466 2744 non
477 2721 569 2745 erant
584 2711 696 2745 velatae
714 2712 749 2746 in
764 2712 912 2747 Eccleliae
926 2723 1111 2748 conventu.

272 2758 445 2800 Secundo,
468 2760 558 2806 quod
579 2760 615 2794 in
640 2761 784 2796 Ecclesia
806 2763 970 2807 dignitate
987 2764 1115 2798 emine·-

273 2817 369 2842 rent.
395 2809 540 2851 Tertio,
567 2809 656 2854 quod
668 2811 702 2844 in
725 2812 823 2847 Sacro
844 2812 1114 2851 Tribunalicum

274 2857 475 2902 presbyteris
487 2860 632 2895 sederent
659 2872 697 2895 ac
709 2863 924 2905 praefiderent.
1027 2862 1113 2901 ι8...

225 2905 348 2943 Viduae
359 2911 527 2944 nonnullae
540 2935 551 2952 ‚
577 2922 647 2955 quae
656 2910 704 2946 ob
716 2912 866 2958 inopiam
886 2913 1115 2949 Ecclefiasticis

278 2961 426 3003 pecuniis
439 2960 606 2995 alebantur
618 2986 626 2993 .
1028 2962 1113 3002 18.2.

223 3008 347 3044 viduae
369 3011 460 3046 sacrae
479 3011 514 3046 in
528 3012 679 3047 Ecclefiae
701 3012 920 3049 membrorum
942 3025 1113 3049 numerum

275 3060 399 3095 relatae.
428 3071 503 3108 19.1.
529 3060 687 3100 Nostu&
700 3063 842 3098 interdiu
855 3064 1015 3108 psallunt.
1031 3066 1113 3099 vibid.

279 3108 337 3145 Ad
357 3111 550 3155 exemplum
577 3113 782 3158 Evangelicae
805 3113 906 3148 viduae
926 3139 937 3155 ,
964 3126 1033 3158 quae
1055 3126 1115 3151 nec

281 3162 375 3195 ¹2er
386 3186 398 3202 ,
423 3172 483 3196 nec
493 3161 547 3196 die
559 3160 744 3198 discedebat
755 3163 773 3197 ὲ
786 3164 910 3207 templo
921 3189 929 3196 .
956 3165 1029 3198 ibid.
1058 3165 1113 3201 Ad

280 3204 375 3248 hujus
395 3212 473 3245 sacri
503 3221 609 3246 coetus
627 3215 774 3258 regimen
795 3213 948 3258 Apostoli
970 3215 1114 3251 institue·

279 3266 356 3290 runt
372 3259 489 3303 septem
511 3262 633 3307 primos
649 3263 838 3300 Diaconos.
1042 3265 1112 3299 ibid.

233 3304 387 3342 viduitas
410 3310 495 3347 sacra
515 3312 706 3349 continebat
719 3325 788 3349 non
808 3313 938 3351 tautum
950 3315 1112 3361 profeffio-

1219 1114 1360 1160 Virgine
1375 1115 1483 1150 Maria
1496 1141 1503 1148 .
1529 1116 1604 1149 ibid.
1629 1116 1664 1149 ὅ(
1678 1127 1728 1163 31.
1746 1128 1772 1152 1.
1799 1115 1878 1159 Ejus
1891 1117 2057 1150 consecra-

1220 1165 1269 1199 tio
1282 1177 1349 1199 non
1361 1165 1557 1200 conceditur
1568 1166 1776 1200 Monialibus
1785 1166 1952 1199 ordinum
1963 1165 2058 1198 Men-

1220 1214 1403 1250 dicantium
1416 1240 1423 1247 .
1450 1226 1506 1260 41.
1525 1226 1553 1250 1.
1582 1215 1639 1248 Est
1654 1215 1873 1248 Ecclesiastica
1892 1214 2060 1259 dignitaS,

1220 1276 1299 1309 quas
1309 1266 1438 1300 cunctas
1450 1264 1579 1309 profesti
1590 1264 1837 1299 mendicitatem
1848 1263 1968 1299 debent
1980 1274 2060 1297 con-

1221 1325 1364 1350 temnere
1384 1338 1394 1347 .
1985 1312 2058 1346 ibid.

1170 1365 1355 1410 Virginalis
1378 1364 1477 1399 status
1501 1363 1536 1398 δε
1555 1363 1830 1405 consecrationis,
1856 1364 1955 1399 etiam
1971 1362 2060 1406 apud.

1219 1416 1372 1456 Groecos,
1398 1415 1586 1459 incapacem
1600 1413 1707 1449 reddit
1719 1413 1828 1458 quivis
1846 1414 1995 1458 expletus
2017 1412 2061 1447 la·

1218 1466 1291 1509 psus
1309 1466 1416 1500 carnis
1431 1491 1441 1498 .
1942 1473 1999 1511 40.
2025 1473 2058 1498 2·

1173 1516 1353 1560 Virgines,
1380 1516 1479 1550 etiam
1504 1526 1572 1549 non
1593 1516 1785 1550 consecratae
1807 1539 1820 1556 ,
1842 1523 1997 1550 tenentur
2018 1511 2061 1546 ad

1221 1567 1402 1609 susceptum
1414 1565 1623 1609 Propositum
1641 1566 1819 1610 virginale.
1871 1574 1954 1611 341.
1981 1573 2061 1608 41.2·

1172 1615 1327 1661 Virgines
1340 1616 1483 1659 profeffae
1493 1640 1505 1657 ‚
1533 1627 1600 1649 non
1617 1626 1732 1650 omnes
1754 1615 1839 1650 olim
1851 1615 2060 1652 consecratae,

1223 1677 1282 1700 nec
1294 1667 1383 1700 sacro
1398 1667 1559 1700 velamine
1570 1666 1659 1700 testae
1674 1690 1681 1697 .
1833 1674 1888 1710 33.
1899 1673 1931 1698 2.
1960 1672 2011 1708 34.
2029 1670 2060 1695 1.

1173 1716 1329 1760 Virgines
1351 1717 1466 1757 sacrae,
1492 1717 1529 1749 in
1555 1715 1695 1749 solemni
1720 1713 1869 1750 Eccleliae
1891 1720 2063 1748 conventu

1222 1766 1338 1801 Sedern
1350 1779 1421 1800 non
1434 1765 1617 1800 habebant.
1966 1771 2021 1808 33.
2034 1771 2062 1796 1-

1173 1815 1329 1860 Virgines
1341 1817 1435 1847 sacrae
1452 1836 1463 1851 ,
1488 1814 1565 1845 licet
1583 1823 1642 1845 nec
1662 1813 1984 1851 sacrumTribunal,
2012 1822 2066 1845 ne·

1221 1875 1283 1909 que
1312 1863 1518 1896 Clericorum
1543 1861 1725 1893 Sacrarium
1749 1862 1963 1894 ascenderent
1989 1884 2000 1900 ‚
2027 1862 2064 1894 in

1222 1910 1356 1953 publico
1382 1921 1495 1943 tamen
1519 1909 1667 1943 Ecclefiae
1690 1920 1857 1944 conventu
1870 1910 2064 1955 singularem

1221 1959 1402 1994 habuerunt
1428 1960 1462 1992 &
1487 1958 1733 1994 honoratiorem
1755 1959 1866 1993 locum
1889 1984 1898 1992 .

1222 2012 1325 2044 Erant
1346 2009 1460 2043 vicinae
1477 2010 1568 2043 sacro
1587 2008 1789 2044 Tribunali.

1173 2059 1333 2105 Virgines
1345 2060 1437 2094 sacrae
1447 2060 1530 2093 olim
1545 2059 1733 2093 consecratae
1743 2084 1751 2091 .
1855 2071 1941 2108 32.1.
1952 2061 1984 2094 ὃς
1998 2062 2061 2104 seq.

1173 2108 1492 2155 Virginibusinvitis
1514 2120 1582 2145 non
1597 2109 1642 2143 est
1664 2111 1790 2144 sacrum
1799 2110 2063 2155 velamenimpo·

1223 2159 1390 2195 nendum.
1944 2161 2000 2205 38.
2033 2172 2063 2198 1.

1947 1971 2005 2007 44.
2032 1971 2062 1994 2.

1988 2011 2062 2043 ibid.

1151 2211 1153 2214 '
1174 2210 1309 2256 Virgini
1320 2212 1356 2244 in
1372 2210 1479 2246 laicali
1502 2211 1567 2246 vita
1584 2210 1679 2255 lapsae
1691 2222 1759 2246 non
1772 2211 1869 2247 datur
1892 2210 1987 2254 plena
2002 2212 2065 2246 vir-

1226 2261 1347 2306 ginalis
1360 2261 1564 2297 consecratio
1579 2287 1585 2294 .
1986 2271 2063 2310 39.1.

1175 2310 1324 2357 Virginis
1332 2312 1555 2347 consecrandae
1565 2321 1638 2347 aetas
1650 2338 1658 2345 .
1682 2319 1740 2358 37.
1752 2323 1772 2346 ι.
1801 2311 1980 2356 Episcopus
2008 2325 2065 2356 po-

1223 2372 1304 2396 terat
1316 2363 1352 2395 in
1365 2373 1401 2396 ea
1413 2363 1596 2406 dispensare
1611 2389 1618 2395 .
1989 2363 2064 2396 ibid.

1175 2411 1362 2457 Virginitas
1373 2414 1529 2448 Domino
1542 2414 1619 2447 Deo
1630 2424 1685 2457 per
1698 2412 1842 2447 solemne
1854 2424 1967 2448 votum
1985 2424 2066 2447 con-

1226 2463 1345 2497 secrata
1368 2488 1375 2494 .
1397 2474 1452 2509 29.
1480 2477 1513 2501 2.
1543 2462 1626 2498 Non
1652 2462 1787 2498 tantum
1809 2464 1844 2497 in
1865 2463 2039 2499 Coenobiis
2054 2487 2067 2503 ,

1225 2512 1280 2547 sed
1302 2513 1402 2547 etiam
1425 2515 1460 2547 in
1483 2522 1639 2558 paterna,
1664 2524 1722 2549 aut
1743 2513 1807 2548 alia
1817 2512 1943 2557 privata
1959 2513 2064 2547 domo

1225 2562 1376 2606 promissa
1390 2589 1398 2597 .
1990 2564 2065 2596 ibid.

1174 2612 1361 2657 Virginitas
1381 2612 1524 2657 duplex,
1550 2615 1672 2648 mentis
1697 2615 1731 2648 ὄε
1755 2614 1917 2657 corporis.
1945 2614 2061 2658 373·¹-

1223 2663 1345 2697 mentis
1357 2663 1402 2697 est
1414 2661 1612 2705 integrafides
1625 2686 1636 2702 ,
1651 2662 1828 2703 J'oltdaspes
1843 2683 1856 2700 ‚
1873 2661 1983 2702 sanila
1997 2660 2066 2694 cba-

1225 2718 1303 2745 ritas
1317 2736 1324 2744 .
1992 2710 2064 2743 ibid.

1174 2761 1363 2807 Virginitas
1380 2760 1567 2795 Gentilium
1578 2771 1647 2794 non
1667 2759 1731 2794 fuit
1742 2768 1894 2804 perpetua
1908 2786 1916 2793 .
1972 2771 2061 2808 311.1.

1176 2812 1361 2857 Virginitas
1400 2820 1552 2856 perpetua
1588 2810 1674 2854 apud
1712 2811 1798 2850 solos
1837 2809 2061 2846 Christianos,

1227 2873 1283 2911 30-
1297 2874 1327 2899 2.
1357 2869 1432 2904 311-
1448 2872 1476 2897 1.

1175 2913 1390 2958 virginitatis
1408 2910 1578 2946 encomia.
1608 2921 1664 2958 29.
1688 2922 1719 2948 2.
1742 2911 1839 2957 &31.
1869 2920 1897 2944 1.
1924 2909 2066 2956 Angeli-

1225 2974 1301 2997 cum
1313 2963 1387 2997 vitae
1397 2972 1499 3006 genus
1510 2987 1521 3002 ,
1539 2962 1557 2995 a
1574 2960 1796 2996 Constantino
1808 2960 1936 3006 Magno
1948 2972 1986 2995 ac
1996 2960 2064 3003 ejus

1225 3024 1330 3048 matre
1347 3013 1481 3046 Helena
1492 3010 1698 3046 venerationi
1710 3009 1859 3045 habitum
1870 3035 1878 3042 .
1973 3020 2028 3058 30.
2039 3023 2061 3044 1.

1176 3064 1358 3108 Virginurn
1370 3061 1463 3097 chori
1484 3062 1520 3096 in
1532 3060 1725 3104 quibusdam
1737 3060 1876 3096 novellis
1887 3059 2038 3095 Ecclefiis
2051 3085 2059 3093 .

1227 3127 1249 3152 2
1276 3139 1284 3146 .
1314 3125 1343 3150 1.

1177 3125 1356 3210 Virg9inum
1370 3162 1577 3197 consecratio
1590 3173 1658 3197 non
1680 3162 1744 3197 fuit
1755 3161 1836 3197 novi
1847 3159 2061 3195 Testamenti

1224 3216 1467 3250 Sacramentum
1478 3237 1486 3245 .
1515 3223 1566 3260 35.
1585 3225 1614 3249 1-
1643 3212 1721 3256 Ejus
1735 3211 1889 3246 Minister
1899 3212 1985 3255 apud
1999 3212 2064 3246 La-

1227 3267 1316 3300 tinos
1328 3263 1506 3306 Episcopos
1518 3287 1526 3295 .
1553 3261 1606 3310 36.
1624 3273 1651 3298 ι.
1679 3263 1790 3297 Etiam
1811 3261 1984 3304 Presbyter
1999 3271 2065 3296 cer·

1226 3316 1269 3352 tis
1281 3314 1415 3351 casibus.
1442 3313 1513 3346 ibid.
1530 3312 1562 3347 A
1573 3308 1708 3357 simplici
1723 3312 1918 3356 Presbytero
1929 3312 1971 3345 fit
1983 3312 2061 3345 sem-

1957 3369 2014 3404 pet
