<?xml version="1.0" encoding="UTF-8"?>
<!DOCTYPE html PUBLIC "-//W3C//DTD XHTML 1.0 Transitional//EN"
    "http://www.w3.org/TR/xhtml1/DTD/xhtml1-transitional.dtd">
<html xmlns="http://www.w3.org/1999/xhtml" xml:lang="en" lang="en">
 <head>
  <title>
</title>
<meta http-equiv="Content-Type" content="text/html;charset=utf-8" />
  <meta name='ocr-system' content='tesseract 3.04.00' />
  <meta name='ocr-capabilities' content='ocr_page ocr_carea ocr_par ocr_line ocrx_word'/>
</head>
<body>
  <div class='ocr_page' id='page_1' title='image "./operaomniastudio09lupuuoft/operaomniastudio09lupuuoft_0084.png"; bbox 0 0 2346 3724; ppageno 0'>
   <div class='ocr_carea' id='block_1_1' title="bbox 182 163 1216 298">
    <p class='ocr_par' dir='ltr' id='par_1_1' title="bbox 182 163 1216 298">
     <span class='ocr_line' id='line_1_1' title="bbox 395 163 1118 214; baseline -0.012 -3"><span class='ocrx_word' id='word_1_1' title='bbox 395 169 460 214; x_wconf 80' lang='lat'><em>82</em></span> <span class='ocrx_word' id='word_1_2' title='bbox 887 163 916 206; x_wconf 84' lang='lat' dir='ltr'>S</span> <span class='ocrx_word' id='word_1_3' title='bbox 989 175 1016 204; x_wconf 85' lang='lat' dir='ltr'><em>c</em></span> <span class='ocrx_word' id='word_1_4' title='bbox 1089 175 1118 203; x_wconf 83' lang='lat' dir='ltr'><em>H</em></span> 
     </span>
     <span class='ocr_line' id='line_1_2' title="bbox 182 249 1216 298; baseline -0.013 -7"><span class='ocrx_word' id='word_1_5' title='bbox 182 255 238 290; x_wconf 64' lang='lat'><em>1³¹³</em></span> <span class='ocrx_word' id='word_1_6' title='bbox 264 267 284 284; x_wconf 84' lang='lat'><em>¹-</em></span> <span class='ocrx_word' id='word_1_7' title='bbox 318 257 458 291; x_wconf 69' lang='lat' dir='ltr'><em>:Sanctus</em></span> <span class='ocrx_word' id='word_1_8' title='bbox 480 254 626 298; x_wconf 79' lang='lat' dir='ltr'>Optatus</span> <span class='ocrx_word' id='word_1_9' title='bbox 655 250 835 294; x_wconf 74' lang='lat' dir='ltr'>Episcopus</span> <span class='ocrx_word' id='word_1_10' title='bbox 862 249 1081 282; x_wconf 82' lang='lat' dir='ltr'><em>Milevitanus</em></span> <span class='ocrx_word' id='word_1_11' title='bbox 1103 260 1109 279; x_wconf 91' lang='lat'><strong>:</strong></span> <span class='ocrx_word' id='word_1_12' title='bbox 1139 250 1216 279; x_wconf 87' lang='lat' dir='ltr'><em>Cum</em></span> 
     </span>
    </p>
   </div>
   <div class='ocr_carea' id='block_1_2' title="bbox 1186 172 1416 202">
    <p class='ocr_par' dir='ltr' id='par_1_2' title="bbox 1186 172 1416 202">
     <span class='ocr_line' id='line_1_3' title="bbox 1186 172 1416 202; baseline 0 0"><span class='ocrx_word' id='word_1_13' title='bbox 1186 173 1222 202; x_wconf 89' lang='lat' dir='ltr'>O</span> <span class='ocrx_word' id='word_1_14' title='bbox 1290 172 1316 202; x_wconf 83' lang='lat' dir='ltr'><strong>L</strong></span> <span class='ocrx_word' id='word_1_15' title='bbox 1387 173 1416 202; x_wconf 77' lang='lat'><em>1:</em></span> 
     </span>
    </p>
   </div>
   <div class='ocr_carea' id='block_1_3' title="bbox 1471 170 1606 202">
    <p class='ocr_par' dir='ltr' id='par_1_3' title="bbox 1471 170 1606 202">
     <span class='ocr_line' id='line_1_4' title="bbox 1471 170 1606 202; baseline -0.007 0"><span class='ocrx_word' id='word_1_16' title='bbox 1471 170 1606 202; x_wconf 39' lang='grc' dir='ltr'>’.ΟΝ</span> 
     </span>
    </p>
   </div>
   <div class='ocr_carea' id='block_1_4' title="bbox 1273 242 2291 288">
    <p class='ocr_par' dir='ltr' id='par_1_4' title="bbox 1273 242 2291 288">
     <span class='ocr_line' id='line_1_5' title="bbox 1273 242 2291 288; baseline -0.006 -7"><span class='ocrx_word' id='word_1_17' title='bbox 1273 256 1389 280; x_wconf 90' lang='lat' dir='ltr'><em>zenus:</em></span> <span class='ocrx_word' id='word_1_18' title='bbox 1417 246 1519 278; x_wconf 83' lang='lat' dir='ltr'><em>Vidua</em></span> <span class='ocrx_word' id='word_1_19' title='bbox 1538 243 1680 285; x_wconf 69' lang='lat' dir='ltr'><em>,remanst&#39;t</em></span> <span class='ocrx_word' id='word_1_20' title='bbox 1697 242 1827 288; x_wconf 60' lang='lat' dir='ltr'><em>Ecclesia</em></span> <span class='ocrx_word' id='word_1_21' title='bbox 1843 248 1893 279; x_wconf 63' lang='lat' dir='ltr'><em>,ita</em></span> <span class='ocrx_word' id='word_1_22' title='bbox 1913 254 2030 279; x_wconf 78' lang='lat' dir='ltr'><em>annum</em></span> <span class='ocrx_word' id='word_1_23' title='bbox 2046 254 2157 281; x_wconf 69' lang='lat' dir='ltr'><em>unum,</em></span> <span class='ocrx_word' id='word_1_24' title='bbox 2179 243 2240 277; x_wconf 72' lang='lat' dir='ltr'><em>Lib.</em></span> <span class='ocrx_word' id='word_1_25' title='bbox 2263 257 2291 276; x_wconf 65' lang='grc' dir='ltr'><em>ι.</em></span> 
     </span>
    </p>
   </div>
   <div class='ocr_carea' id='block_1_5' title="bbox 183 291 2298 348">
    <p class='ocr_par' dir='ltr' id='par_1_5' title="bbox 183 291 2298 348">
     <span class='ocr_line' id='line_1_6' title="bbox 183 291 2298 348; baseline -0.004 -10"><span class='ocrx_word' id='word_1_26' title='bbox 183 295 240 329; x_wconf 60' lang='lat'><em>50¹·</em></span> <span class='ocrx_word' id='word_1_27' title='bbox 256 305 269 332; x_wconf 83' lang='lat'>3</span> <span class='ocrx_word' id='word_1_28' title='bbox 277 299 301 325; x_wconf 75' lang='lat'><em>3.</em></span> <span class='ocrx_word' id='word_1_29' title='bbox 316 303 521 348; x_wconf 68' lang='lat' dir='ltr'><em>schismaticis</em></span> <span class='ocrx_word' id='word_1_30' title='bbox 545 303 709 336; x_wconf 83' lang='lat' dir='ltr'><em>haereticos</em></span> <span class='ocrx_word' id='word_1_31' title='bbox 734 297 846 344; x_wconf 78' lang='lat' dir='ltr'><em>sociasti</em></span> <span class='ocrx_word' id='word_1_32' title='bbox 863 324 873 333; x_wconf 81' lang='grc'><em>,.</em></span> <span class='ocrx_word' id='word_1_33' title='bbox 906 302 951 330; x_wconf 89' lang='lat' dir='ltr'><em>Et</em></span> <span class='ocrx_word' id='word_1_34' title='bbox 978 310 1037 330; x_wconf 87' lang='lat' dir='ltr'><em>non</em></span> <span class='ocrx_word' id='word_1_35' title='bbox 1060 291 1228 335; x_wconf 71' lang='lat' dir='ltr'><em>attendisti¹</em></span> <span class='ocrx_word' id='word_1_36' title='bbox 1273 297 1317 330; x_wconf 84' lang='lat' dir='ltr'><em>Et</em></span> <span class='ocrx_word' id='word_1_37' title='bbox 1335 296 1370 329; x_wconf 87' lang='lat' dir='ltr'><em>in</em></span> <span class='ocrx_word' id='word_1_38' title='bbox 1384 296 1534 339; x_wconf 75' lang='lat' dir='ltr'><em>vigesima</em></span> <span class='ocrx_word' id='word_1_39' title='bbox 1556 295 1692 338; x_wconf 86' lang='lat' dir='ltr'><em>septima</em></span> <span class='ocrx_word' id='word_1_40' title='bbox 1718 297 1872 331; x_wconf 86' lang='lat' dir='ltr'><em>oratione</em></span> <span class='ocrx_word' id='word_1_41' title='bbox 1882 297 2018 330; x_wconf 70' lang='lat' dir='ltr'><em>Sanctus</em></span> <span class='ocrx_word' id='word_1_42' title='bbox 2035 295 2160 342; x_wconf 89' lang='lat' dir='ltr'><em>Grego-</em></span> <span class='ocrx_word' id='word_1_43' title='bbox 2174 295 2243 326; x_wconf 69' lang='lat'><em>⁴³²9·</em></span> <span class='ocrx_word' id='word_1_44' title='bbox 2273 297 2298 316; x_wconf 84' lang='lat'><em>¹·</em></span> 
     </span>
    </p>
   </div>
   <div class='ocr_carea' id='block_1_6' title="bbox 151 347 1215 3397">
    <p class='ocr_par' dir='ltr' id='par_1_6' title="bbox 301 347 1215 1398">
     <span class='ocr_line' id='line_1_7' title="bbox 320 347 1215 398; baseline -0.011 -10"><span class='ocrx_word' id='word_1_45' title='bbox 320 362 399 389; x_wconf 86' lang='lat' dir='ltr'><em>inter</em></span> <span class='ocrx_word' id='word_1_46' title='bbox 419 353 617 398; x_wconf 80' lang='lat' dir='ltr'><em>schismaticos</em></span> <span class='ocrx_word' id='word_1_47' title='bbox 641 353 837 386; x_wconf 74' lang='lat' dir='ltr'><em>&amp;haereticos</em></span> <span class='ocrx_word' id='word_1_48' title='bbox 862 352 955 391; x_wconf 72' lang='lat' dir='ltr'><em>qutim</em></span> <span class='ocrx_word' id='word_1_49' title='bbox 972 347 1012 390; x_wconf 85' lang='lat' dir='ltr'><em>fit</em></span> <span class='ocrx_word' id='word_1_50' title='bbox 1035 359 1146 391; x_wconf 86' lang='lat' dir='ltr'><em>magna</em></span> <span class='ocrx_word' id='word_1_51' title='bbox 1160 348 1215 379; x_wconf 84' lang='lat' dir='ltr'><em>di-</em></span> 
     </span>
     <span class='ocr_line' id='line_1_8' title="bbox 311 396 1215 447; baseline -0.011 -8"><span class='ocrx_word' id='word_1_52' title='bbox 311 406 426 447; x_wconf 72' lang='lat' dir='ltr'><em>stanua</em></span> <span class='ocrx_word' id='word_1_53' title='bbox 438 429 445 437; x_wconf 89' lang='lat'>.</span> <span class='ocrx_word' id='word_1_54' title='bbox 472 406 547 437; x_wconf 62' lang='lat' dir='ltr'><em>{Inde</em></span> <span class='ocrx_word' id='word_1_55' title='bbox 558 404 595 443; x_wconf 80' lang='lat' dir='ltr'><em>est</em></span> <span class='ocrx_word' id='word_1_56' title='bbox 605 403 687 445; x_wconf 84' lang='lat' dir='ltr'><em>quod</em></span> <span class='ocrx_word' id='word_1_57' title='bbox 695 407 813 445; x_wconf 78' lang='lat' dir='ltr'><em>ignoras</em></span> <span class='ocrx_word' id='word_1_58' title='bbox 827 424 837 439; x_wconf 91' lang='lat'>‚</span> <span class='ocrx_word' id='word_1_59' title='bbox 866 401 899 432; x_wconf 66' lang='grc' dir='ltr'><em>ὠ·</em></span> <span class='ocrx_word' id='word_1_60' title='bbox 909 396 1022 441; x_wconf 71' lang='lat' dir='ltr'><em>quaesi‘t</em></span> <span class='ocrx_word' id='word_1_61' title='bbox 1032 396 1143 440; x_wconf 58' lang='lat' dir='ltr'><em>santia</em></span> <span class='ocrx_word' id='word_1_62' title='bbox 1156 401 1184 429; x_wconf 85' lang='lat' dir='ltr'><em>E</em></span> <span class='ocrx_word' id='word_1_63' title='bbox 1188 409 1215 430; x_wconf 80' lang='lat' dir='ltr'><em>c-</em></span> 
     </span>
     <span class='ocr_line' id='line_1_9' title="bbox 312 446 1214 496; baseline -0.012 -7"><span class='ocrx_word' id='word_1_64' title='bbox 312 454 415 496; x_wconf 76' lang='lat' dir='ltr'><em>clefia.</em></span> <span class='ocrx_word' id='word_1_65' title='bbox 444 459 490 488; x_wconf 87' lang='lat' dir='ltr'><em>Et</em></span> <span class='ocrx_word' id='word_1_66' title='bbox 498 454 650 496; x_wconf 75' lang='lat' dir='ltr'><em>ficomnia</em></span> <span class='ocrx_word' id='word_1_67' title='bbox 668 450 808 494; x_wconf 77' lang='lat' dir='ltr'><em>miscuilli</em></span> <span class='ocrx_word' id='word_1_68' title='bbox 824 473 829 480; x_wconf 92' lang='lat'><em>.</em></span> <span class='ocrx_word' id='word_1_69' title='bbox 855 448 1042 484; x_wconf 76' lang='lat' dir='ltr'><em>catholicam</em></span> <span class='ocrx_word' id='word_1_70' title='bbox 1052 447 1138 491; x_wconf 84' lang='lat' dir='ltr'><em>facit</em></span> <span class='ocrx_word' id='word_1_71' title='bbox 1144 446 1214 488; x_wconf 80' lang='lat' dir='ltr'><em>sim·</em></span> 
     </span>
     <span class='ocr_line' id='line_1_10' title="bbox 309 497 1213 549; baseline -0.01 -10"><span class='ocrx_word' id='word_1_72' title='bbox 309 507 387 549; x_wconf 81' lang='lat' dir='ltr'><em>plex</em></span> <span class='ocrx_word' id='word_1_73' title='bbox 409 506 539 540; x_wconf 74' lang='lat' dir='ltr'><em>&amp;vetus</em></span> <span class='ocrx_word' id='word_1_74' title='bbox 554 502 739 541; x_wconf 59' lang='lat' dir='ltr'><em>mundius,</em></span> <span class='ocrx_word' id='word_1_75' title='bbox 768 500 933 543; x_wconf 83' lang='lat' dir='ltr'><em>intelligere</em></span> <span class='ocrx_word' id='word_1_76' title='bbox 952 497 1101 543; x_wconf 78' lang='lat' dir='ltr'><em>singulare</em></span> <span class='ocrx_word' id='word_1_77' title='bbox 1115 510 1151 530; x_wconf 86' lang='lat' dir='ltr'><em>ac</em></span> <span class='ocrx_word' id='word_1_78' title='bbox 1164 508 1213 530; x_wconf 76' lang='lat' dir='ltr'><em>w-</em></span> 
     </span>
     <span class='ocr_line' id='line_1_11' title="bbox 313 546 1211 596; baseline -0.012 -6"><span class='ocrx_word' id='word_1_79' title='bbox 313 557 454 596; x_wconf 71' lang='lat' dir='ltr'><em>riffimum</em></span> <span class='ocrx_word' id='word_1_80' title='bbox 467 558 706 589; x_wconf 82' lang='lat' dir='ltr'><em>sacramentum,</em></span> <span class='ocrx_word' id='word_1_81' title='bbox 727 553 764 584; x_wconf 63' lang='grc' dir='ltr'><em>(ν</em></span> <span class='ocrx_word' id='word_1_82' title='bbox 775 556 879 583; x_wconf 82' lang='lat' dir='ltr'><em>unitas</em></span> <span class='ocrx_word' id='word_1_83' title='bbox 904 555 1072 582; x_wconf 77' lang='lat' dir='ltr'><em>animorum</em></span> <span class='ocrx_word' id='word_1_84' title='bbox 1088 573 1099 588; x_wconf 89' lang='lat'>,</span> <span class='ocrx_word' id='word_1_85' title='bbox 1121 546 1211 592; x_wconf 87' lang='lat' dir='ltr'><em>schis-</em></span> 
     </span>
     <span class='ocr_line' id='line_1_12' title="bbox 313 596 1209 647; baseline -0.012 -7"><span class='ocrx_word' id='word_1_86' title='bbox 313 618 367 641; x_wconf 85' lang='lat' dir='ltr'><em>ma</em></span> <span class='ocrx_word' id='word_1_87' title='bbox 390 608 465 639; x_wconf 70' lang='lat' dir='ltr'><em>vero</em></span> <span class='ocrx_word' id='word_1_88' title='bbox 486 629 496 645; x_wconf 89' lang='lat'>,</span> <span class='ocrx_word' id='word_1_89' title='bbox 520 601 622 647; x_wconf 89' lang='lat' dir='ltr'><em>sponso</em></span> <span class='ocrx_word' id='word_1_90' title='bbox 639 602 759 645; x_wconf 73' lang='lat' dir='ltr'><em>coagulo</em></span> <span class='ocrx_word' id='word_1_91' title='bbox 776 606 863 643; x_wconf 73' lang='lat' dir='ltr'><em>pacis</em></span> <span class='ocrx_word' id='word_1_92' title='bbox 882 626 892 640; x_wconf 92' lang='lat'>,</span> <span class='ocrx_word' id='word_1_93' title='bbox 917 600 1060 641; x_wconf 84' lang='lat' dir='ltr'><em>diffipatis</em></span> <span class='ocrx_word' id='word_1_94' title='bbox 1080 596 1209 641; x_wconf 78' lang='lat' dir='ltr'><em>sensibus</em></span> 
     </span>
     <span class='ocr_line' id='line_1_13' title="bbox 307 647 1208 699; baseline -0.01 -9"><span class='ocrx_word' id='word_1_95' title='bbox 307 666 498 699; x_wconf 80' lang='lat' dir='ltr'><em>generatur,</em></span> <span class='ocrx_word' id='word_1_96' title='bbox 521 656 614 688; x_wconf 83' lang='lat' dir='ltr'><em>livore</em></span> <span class='ocrx_word' id='word_1_97' title='bbox 646 658 780 685; x_wconf 81' lang='lat' dir='ltr'><em>nutritur</em></span> <span class='ocrx_word' id='word_1_98' title='bbox 799 676 811 691; x_wconf 76' lang='grc'><strong><em>,</em></strong></span> <span class='ocrx_word' id='word_1_99' title='bbox 837 651 1024 684; x_wconf 79' lang='lat' dir='ltr'><em>aemulatione</em></span> <span class='ocrx_word' id='word_1_100' title='bbox 1050 650 1083 681; x_wconf 51' lang='grc' dir='ltr'><em>(η’</em></span> <span class='ocrx_word' id='word_1_101' title='bbox 1102 647 1208 681; x_wconf 84' lang='lat' dir='ltr'><em>litibus</em></span> 
     </span>
     <span class='ocr_line' id='line_1_14' title="bbox 309 697 1208 746; baseline -0.014 -5"><span class='ocrx_word' id='word_1_102' title='bbox 309 707 468 741; x_wconf 75' lang='lat' dir='ltr'><em>roboratur</em></span> <span class='ocrx_word' id='word_1_103' title='bbox 482 730 492 746; x_wconf 92' lang='lat'>,</span> <span class='ocrx_word' id='word_1_104' title='bbox 518 715 552 738; x_wconf 89' lang='lat' dir='ltr'><em>ut</em></span> <span class='ocrx_word' id='word_1_105' title='bbox 576 701 693 746; x_wconf 80' lang='lat' dir='ltr'><em>deserta</em></span> <span class='ocrx_word' id='word_1_106' title='bbox 715 705 816 736; x_wconf 80' lang='lat' dir='ltr'><em>Matre</em></span> <span class='ocrx_word' id='word_1_107' title='bbox 838 699 996 733; x_wconf 75' lang='lat' dir='ltr'><em>catholica</em></span> <span class='ocrx_word' id='word_1_108' title='bbox 1018 703 1106 739; x_wconf 82' lang='lat' dir='ltr'><em>impii</em></span> <span class='ocrx_word' id='word_1_109' title='bbox 1120 697 1183 738; x_wconf 75' lang='lat' dir='ltr'><em>filii</em></span> <span class='ocrx_word' id='word_1_110' title='bbox 1196 722 1208 738; x_wconf 88' lang='lat'>,</span> 
     </span>
     <span class='ocr_line' id='line_1_15' title="bbox 312 749 1206 801; baseline -0.011 -12"><span class='ocrx_word' id='word_1_111' title='bbox 312 757 388 789; x_wconf 76' lang='lat' dir='ltr'><em>dum</em></span> <span class='ocrx_word' id='word_1_112' title='bbox 397 755 487 801; x_wconf 85' lang='lat' dir='ltr'><em>foras</em></span> <span class='ocrx_word' id='word_1_113' title='bbox 507 763 619 788; x_wconf 82' lang='lat' dir='ltr'><em>exeunt</em></span> <span class='ocrx_word' id='word_1_114' title='bbox 631 778 641 794; x_wconf 91' lang='lat'>‚</span> <span class='ocrx_word' id='word_1_115' title='bbox 665 749 740 795; x_wconf 72' lang='lat' dir='ltr'><em>&amp;se</em></span> <span class='ocrx_word' id='word_1_116' title='bbox 763 750 907 795; x_wconf 82' lang='lat' dir='ltr'><em>separant</em></span> <span class='ocrx_word' id='word_1_117' title='bbox 927 751 949 781; x_wconf 73' lang='grc' dir='ltr'><em>ἃ</em></span> <span class='ocrx_word' id='word_1_118' title='bbox 970 749 1068 781; x_wconf 81' lang='lat' dir='ltr'><em>radice</em></span> <span class='ocrx_word' id='word_1_119' title='bbox 1093 751 1206 780; x_wconf 85' lang='lat' dir='ltr'><em>Matris</em></span> 
     </span>
     <span class='ocr_line' id='line_1_16' title="bbox 314 799 1207 848; baseline -0.011 -9"><span class='ocrx_word' id='word_1_120' title='bbox 314 805 472 848; x_wconf 73' lang='lat' dir='ltr'><em>Ecdefiae,</em></span> <span class='ocrx_word' id='word_1_121' title='bbox 499 805 626 837; x_wconf 65' lang='lat' dir='ltr'><em>invidia</em></span> <span class='ocrx_word' id='word_1_122' title='bbox 639 802 779 846; x_wconf 80' lang='lat' dir='ltr'><em>falcibus</em></span> <span class='ocrx_word' id='word_1_123' title='bbox 802 805 956 843; x_wconf 84' lang='lat' dir='ltr'><em>amputati</em></span> <span class='ocrx_word' id='word_1_124' title='bbox 979 823 990 839; x_wconf 86' lang='lat'>‚</span> <span class='ocrx_word' id='word_1_125' title='bbox 1013 799 1145 832; x_wconf 82' lang='lat' dir='ltr'><em>errando</em></span> <span class='ocrx_word' id='word_1_126' title='bbox 1159 809 1207 834; x_wconf 81' lang='lat' dir='ltr'><em>re-</em></span> 
     </span>
     <span class='ocr_line' id='line_1_17' title="bbox 311 850 1206 899; baseline -0.01 -8"><span class='ocrx_word' id='word_1_127' title='bbox 311 855 405 891; x_wconf 84' lang='lat' dir='ltr'><em>belles</em></span> <span class='ocrx_word' id='word_1_128' title='bbox 426 855 590 899; x_wconf 80' lang='lat' dir='ltr'><em>abscedunt</em></span> <span class='ocrx_word' id='word_1_129' title='bbox 612 878 622 887; x_wconf 88' lang='lat'><em>.</em></span> <span class='ocrx_word' id='word_1_130' title='bbox 648 858 716 887; x_wconf 85' lang='lat' dir='ltr'><em>Nec</em></span> <span class='ocrx_word' id='word_1_131' title='bbox 733 851 847 895; x_wconf 84' lang='lat' dir='ltr'><em>poffunt</em></span> <span class='ocrx_word' id='word_1_132' title='bbox 878 861 987 882; x_wconf 82' lang='lat' dir='ltr'><em>novum</em></span> <span class='ocrx_word' id='word_1_133' title='bbox 1007 850 1134 890; x_wconf 78' lang='lat' dir='ltr'><em>aliquod</em></span> <span class='ocrx_word' id='word_1_134' title='bbox 1149 858 1206 882; x_wconf 86' lang='lat' dir='ltr'><em>aut</em></span> 
     </span>
     <span class='ocr_line' id='line_1_18' title="bbox 310 896 1205 950; baseline -0.01 -10"><span class='ocrx_word' id='word_1_135' title='bbox 310 907 401 939; x_wconf 81' lang='lat' dir='ltr'><em>aliud</em></span> <span class='ocrx_word' id='word_1_136' title='bbox 424 916 529 950; x_wconf 80' lang='lat' dir='ltr'><em>agere,</em></span> <span class='ocrx_word' id='word_1_137' title='bbox 555 902 616 946; x_wconf 80' lang='lat' dir='ltr'><em>nifi·</em></span> <span class='ocrx_word' id='word_1_138' title='bbox 627 904 707 945; x_wconf 87' lang='lat' dir='ltr'><em>quod</em></span> <span class='ocrx_word' id='word_1_139' title='bbox 718 904 788 942; x_wconf 87' lang='lat' dir='ltr'><em>jam</em></span> <span class='ocrx_word' id='word_1_140' title='bbox 811 901 928 933; x_wconf 82' lang='lat' dir='ltr'><em>dudum</em></span> <span class='ocrx_word' id='word_1_141' title='bbox 939 896 1116 941; x_wconf 80' lang='lat' dir='ltr'><em>apudsuam</em></span> <span class='ocrx_word' id='word_1_142' title='bbox 1126 898 1205 931; x_wconf 78' lang='lat' dir='ltr'><em>didi-</em></span> 
     </span>
     <span class='ocr_line' id='line_1_19' title="bbox 309 949 1203 993; baseline -0.009 -5"><span class='ocrx_word' id='word_1_143' title='bbox 309 965 414 989; x_wconf 77' lang='lat' dir='ltr'><em>cerant</em></span> <span class='ocrx_word' id='word_1_144' title='bbox 440 959 572 991; x_wconf 81' lang='lat' dir='ltr'><em>Matrem</em></span> <span class='ocrx_word' id='word_1_145' title='bbox 593 978 600 985; x_wconf 91' lang='lat'><strong>.</strong></span> <span class='ocrx_word' id='word_1_146' title='bbox 627 956 751 993; x_wconf 70' lang='lat' dir='ltr'><em>Heretici</em></span> <span class='ocrx_word' id='word_1_147' title='bbox 777 954 848 983; x_wconf 77' lang='lat' dir='ltr'><em>vero</em></span> <span class='ocrx_word' id='word_1_148' title='bbox 874 972 885 988; x_wconf 90' lang='lat'><strong>,</strong></span> <span class='ocrx_word' id='word_1_149' title='bbox 908 954 1057 983; x_wconf 79' lang='lat' dir='ltr'><em>veritatis</em></span> <span class='ocrx_word' id='word_1_150' title='bbox 1081 949 1203 989; x_wconf 80' lang='lat' dir='ltr'><em>exules,</em></span> 
     </span>
     <span class='ocr_line' id='line_1_20' title="bbox 310 997 1204 1048; baseline -0.007 -10"><span class='ocrx_word' id='word_1_151' title='bbox 310 1003 383 1048; x_wconf 82' lang='lat' dir='ltr'><em>sani</em></span> <span class='ocrx_word' id='word_1_152' title='bbox 404 1007 442 1039; x_wconf 50' lang='lat' dir='ltr'><em>(a</em></span> <span class='ocrx_word' id='word_1_153' title='bbox 452 1004 587 1044; x_wconf 83' lang='lat' dir='ltr'><em>verifflmi</em></span> <span class='ocrx_word' id='word_1_154' title='bbox 600 1001 721 1043; x_wconf 72' lang='lat' dir='ltr'><em>symboli</em></span> <span class='ocrx_word' id='word_1_155' title='bbox 734 999 898 1043; x_wconf 77' lang='lat' dir='ltr'><em>desertores</em></span> <span class='ocrx_word' id='word_1_156' title='bbox 910 1024 921 1039; x_wconf 94' lang='lat'>,</span> <span class='ocrx_word' id='word_1_157' title='bbox 945 1000 986 1032; x_wconf 87' lang='lat' dir='ltr'><em>de</em></span> <span class='ocrx_word' id='word_1_158' title='bbox 991 997 1060 1042; x_wconf 76' lang='lat' dir='ltr'><em>sinu</em></span> <span class='ocrx_word' id='word_1_159' title='bbox 1073 997 1204 1039; x_wconf 81' lang='lat' dir='ltr'><em>Ecclefiae</em></span> 
     </span>
     <span class='ocr_line' id='line_1_21' title="bbox 307 1047 1204 1101; baseline -0.006 -13"><span class='ocrx_word' id='word_1_160' title='bbox 307 1055 425 1098; x_wconf 69' lang='lat' dir='ltr'><em>sanc‘lae</em></span> <span class='ocrx_word' id='word_1_161' title='bbox 442 1053 574 1101; x_wconf 74' lang='lat' dir='ltr'><em>J‘enfibur</em></span> <span class='ocrx_word' id='word_1_162' title='bbox 608 1054 772 1096; x_wconf 84' lang='lat' dir='ltr'><em>depravati</em></span> <span class='ocrx_word' id='word_1_163' title='bbox 795 1076 804 1091; x_wconf 87' lang='lat'>‚</span> <span class='ocrx_word' id='word_1_164' title='bbox 842 1058 1004 1092; x_wconf 81' lang='lat' dir='ltr'><em>contempto</em></span> <span class='ocrx_word' id='word_1_165' title='bbox 1028 1049 1110 1092; x_wconf 85' lang='lat' dir='ltr'><em>quod</em></span> <span class='ocrx_word' id='word_1_166' title='bbox 1129 1047 1204 1083; x_wconf 76' lang='lat' dir='ltr'><em>bene</em></span> 
     </span>
     <span class='ocr_line' id='line_1_22' title="bbox 301 1101 1199 1151; baseline -0.007 -12"><span class='ocrx_word' id='word_1_167' title='bbox 301 1104 433 1151; x_wconf 79' lang='lat' dir='ltr'><em>fuerant</em></span> <span class='ocrx_word' id='word_1_168' title='bbox 451 1110 568 1150; x_wconf 82' lang='lat' dir='ltr'><em>geniti,</em></span> <span class='ocrx_word' id='word_1_169' title='bbox 596 1113 630 1136; x_wconf 87' lang='lat' dir='ltr'><em>ut</em></span> <span class='ocrx_word' id='word_1_170' title='bbox 654 1109 828 1146; x_wconf 76' lang='lat' dir='ltr'><em>ignorantes</em></span> <span class='ocrx_word' id='word_1_171' title='bbox 855 1102 993 1134; x_wconf 75' lang='lat' dir='ltr'><em>&amp;rudes</em></span> <span class='ocrx_word' id='word_1_172' title='bbox 1014 1101 1199 1141; x_wconf 80' lang='lat' dir='ltr'><em>deciperent,</em></span> 
     </span>
     <span class='ocr_line' id='line_1_23' title="bbox 310 1149 1202 1199; baseline -0.003 -11"><span class='ocrx_word' id='word_1_173' title='bbox 310 1157 349 1189; x_wconf 80' lang='lat' dir='ltr'><em>dc</em></span> <span class='ocrx_word' id='word_1_174' title='bbox 363 1154 396 1199; x_wconf 83' lang='lat' dir='ltr'><em>se</em></span> <span class='ocrx_word' id='word_1_175' title='bbox 412 1154 494 1198; x_wconf 80' lang='lat' dir='ltr'><em>nasci</em></span> <span class='ocrx_word' id='word_1_176' title='bbox 514 1154 688 1189; x_wconf 74' lang='lat' dir='ltr'><em>voluerunt.</em></span> <span class='ocrx_word' id='word_1_177' title='bbox 719 1155 764 1185; x_wconf 87' lang='lat' dir='ltr'><em>Et</em></span> <span class='ocrx_word' id='word_1_178' title='bbox 782 1159 836 1195; x_wconf 76' lang='lat' dir='ltr'><em>qui</em></span> <span class='ocrx_word' id='word_1_179' title='bbox 841 1153 910 1192; x_wconf 88' lang='lat' dir='ltr'><em>jam</em></span> <span class='ocrx_word' id='word_1_180' title='bbox 921 1151 1037 1183; x_wconf 84' lang='lat' dir='ltr'><em>dudum</em></span> <span class='ocrx_word' id='word_1_181' title='bbox 1055 1149 1202 1185; x_wconf 74' lang='lat' dir='ltr'><em>vitalibus</em></span> 
     </span>
     <span class='ocr_line' id='line_1_24' title="bbox 303 1190 1201 1250; baseline -0.008 -12"><span class='ocrx_word' id='word_1_182' title='bbox 303 1205 387 1250; x_wconf 79' lang='lat' dir='ltr'><em>pasti</em></span> <span class='ocrx_word' id='word_1_183' title='bbox 404 1205 536 1247; x_wconf 76' lang='lat' dir='ltr'><em>fuerant</em></span> <span class='ocrx_word' id='word_1_184' title='bbox 552 1205 628 1237; x_wconf 75' lang='lat' dir='ltr'><em>,cibis</em></span> <span class='ocrx_word' id='word_1_185' title='bbox 641 1226 654 1242; x_wconf 74' lang='lat'>‚</span> <span class='ocrx_word' id='word_1_186' title='bbox 677 1203 842 1244; x_wconf 78' lang='lat' dir='ltr'><em>corruptela</em></span> <span class='ocrx_word' id='word_1_187' title='bbox 855 1201 945 1233; x_wconf 84' lang='lat' dir='ltr'><em>malae</em></span> <span class='ocrx_word' id='word_1_188' title='bbox 954 1190 1122 1243; x_wconf 63' lang='lat' dir='ltr'><em>digestiostis</em></span> <span class='ocrx_word' id='word_1_189' title='bbox 1133 1225 1144 1241; x_wconf 82' lang='grc'><strong>,</strong></span> <span class='ocrx_word' id='word_1_190' title='bbox 1168 1204 1201 1231; x_wconf 80' lang='lat' dir='ltr'><em>in</em></span> 
     </span>
     <span class='ocr_line' id='line_1_25' title="bbox 303 1252 1199 1301; baseline -0.008 -12"><span class='ocrx_word' id='word_1_191' title='bbox 303 1261 436 1301; x_wconf 80' lang='lat' dir='ltr'><em>pernicie</em></span> <span class='ocrx_word' id='word_1_192' title='bbox 446 1253 616 1298; x_wconf 88' lang='lat' dir='ltr'><em>miserorum</em></span> <span class='ocrx_word' id='word_1_193' title='bbox 627 1252 877 1296; x_wconf 76' lang='lat' dir='ltr'><em>disputationibus</em></span> <span class='ocrx_word' id='word_1_194' title='bbox 887 1255 986 1291; x_wconf 78' lang='lat' dir='ltr'><em>impiis</em></span> <span class='ocrx_word' id='word_1_195' title='bbox 1001 1261 1116 1283; x_wconf 78' lang='lat' dir='ltr'><em>venena</em></span> <span class='ocrx_word' id='word_1_196' title='bbox 1126 1261 1199 1282; x_wconf 89' lang='lat' dir='ltr'><em>mor-</em></span> 
     </span>
     <span class='ocr_line' id='line_1_26' title="bbox 306 1300 1201 1350; baseline -0.008 -9"><span class='ocrx_word' id='word_1_197' title='bbox 306 1306 405 1350; x_wconf 60' lang='lat' dir='ltr'><em>tifera</em></span> <span class='ocrx_word' id='word_1_198' title='bbox 417 1314 611 1341; x_wconf 78' lang='lat' dir='ltr'><em>vomuerunt.</em></span> <span class='ocrx_word' id='word_1_199' title='bbox 638 1303 792 1339; x_wconf 79' lang='lat' dir='ltr'><em>Haetefim</em></span> <span class='ocrx_word' id='word_1_200' title='bbox 817 1300 1007 1337; x_wconf 78' lang='lat' dir='ltr'><em>&amp;Schisma</em></span> <span class='ocrx_word' id='word_1_201' title='bbox 1032 1300 1201 1346; x_wconf 79' lang='lat' dir='ltr'><em>insigniter</em></span> 
     </span>
     <span class='ocr_line' id='line_1_27' title="bbox 304 1356 512 1398; baseline -0.01 -8"><span class='ocrx_word' id='word_1_202' title='bbox 304 1356 485 1398; x_wconf 83' lang='lat' dir='ltr'><em>distinguit</em></span> <span class='ocrx_word' id='word_1_203' title='bbox 501 1379 512 1388; x_wconf 84' lang='grc'><strong><em>,</em></strong></span> 
     </span>
    </p>

    <p class='ocr_par' dir='ltr' id='par_1_7' title="bbox 304 1399 1199 1901">
     <span class='ocr_line' id='line_1_28' title="bbox 356 1399 1199 1445; baseline -0.004 -9"><span class='ocrx_word' id='word_1_204' title='bbox 356 1404 451 1441; x_wconf 81' lang='lat' dir='ltr'><em>Dicit</em></span> <span class='ocrx_word' id='word_1_205' title='bbox 467 1404 553 1436; x_wconf 86' lang='lat' dir='ltr'><em>varia</em></span> <span class='ocrx_word' id='word_1_206' title='bbox 573 1426 579 1433; x_wconf 91' lang='lat'>.</span> <span class='ocrx_word' id='word_1_207' title='bbox 608 1401 722 1435; x_wconf 72' lang='lat' dir='ltr'><em>Primo</em></span> <span class='ocrx_word' id='word_1_208' title='bbox 737 1426 748 1443; x_wconf 92' lang='lat'>,</span> <span class='ocrx_word' id='word_1_209' title='bbox 773 1401 861 1445; x_wconf 77' lang='lat' dir='ltr'><em>qnod</em></span> <span class='ocrx_word' id='word_1_210' title='bbox 888 1400 1062 1436; x_wconf 75' lang='lat' dir='ltr'><em>Ecclesiam</em></span> <span class='ocrx_word' id='word_1_211' title='bbox 1074 1399 1199 1435; x_wconf 87' lang='lat' dir='ltr'><em>Catho-</em></span> 
     </span>
     <span class='ocr_line' id='line_1_29' title="bbox 308 1449 1199 1494; baseline -0.007 -5"><span class='ocrx_word' id='word_1_212' title='bbox 308 1455 406 1489; x_wconf 88' lang='lat' dir='ltr'><em>licam</em></span> <span class='ocrx_word' id='word_1_213' title='bbox 420 1451 625 1488; x_wconf 81' lang='lat' dir='ltr'><em>constituant</em></span> <span class='ocrx_word' id='word_1_214' title='bbox 650 1453 753 1485; x_wconf 87' lang='lat' dir='ltr'><em>duos:</em></span> <span class='ocrx_word' id='word_1_215' title='bbox 781 1452 926 1494; x_wconf 83' lang='lat' dir='ltr'><strong>Simplex</strong></span> <span class='ocrx_word' id='word_1_216' title='bbox 946 1452 980 1487; x_wconf 69' lang='grc' dir='ltr'><em>ὃς</em></span> <span class='ocrx_word' id='word_1_217' title='bbox 993 1462 1087 1486; x_wconf 82' lang='lat' dir='ltr'><em>vetus</em></span> <span class='ocrx_word' id='word_1_218' title='bbox 1109 1449 1199 1484; x_wconf 88' lang='lat' dir='ltr'><em>intel-</em></span> 
     </span>
     <span class='ocr_line' id='line_1_30' title="bbox 308 1501 1197 1548; baseline -0.007 -9"><span class='ocrx_word' id='word_1_219' title='bbox 308 1507 406 1540; x_wconf 66' lang='lat' dir='ltr'><em>lectus</em></span> <span class='ocrx_word' id='word_1_220' title='bbox 418 1528 428 1543; x_wconf 90' lang='lat'>,</span> <span class='ocrx_word' id='word_1_221' title='bbox 442 1503 475 1538; x_wconf 83' lang='lat'>&amp;</span> <span class='ocrx_word' id='word_1_222' title='bbox 487 1503 597 1536; x_wconf 86' lang='lat' dir='ltr'><em>unitas</em></span> <span class='ocrx_word' id='word_1_223' title='bbox 610 1503 795 1548; x_wconf 86' lang='lat' dir='ltr'><em>animorum</em></span> <span class='ocrx_word' id='word_1_224' title='bbox 809 1526 816 1533; x_wconf 94' lang='lat'>.</span> <span class='ocrx_word' id='word_1_225' title='bbox 842 1502 1031 1535; x_wconf 66' lang='lat' dir='ltr'><em>intellectus</em></span> <span class='ocrx_word' id='word_1_226' title='bbox 1044 1501 1197 1534; x_wconf 78' lang='lat' dir='ltr'><em>verissimi</em></span> 
     </span>
     <span class='ocr_line' id='line_1_31' title="bbox 304 1551 1199 1598; baseline -0.009 -8"><span class='ocrx_word' id='word_1_227' title='bbox 304 1567 343 1590; x_wconf 77' lang='lat' dir='ltr'><em>ac</em></span> <span class='ocrx_word' id='word_1_228' title='bbox 366 1554 536 1598; x_wconf 81' lang='lat' dir='ltr'><em>singularis</em></span> <span class='ocrx_word' id='word_1_229' title='bbox 559 1552 775 1586; x_wconf 81' lang='lat' dir='ltr'><em>Sacramenti.</em></span> <span class='ocrx_word' id='word_1_230' title='bbox 806 1552 884 1585; x_wconf 83' lang='lat' dir='ltr'><em>Haec</em></span> <span class='ocrx_word' id='word_1_231' title='bbox 906 1551 996 1583; x_wconf 86' lang='lat' dir='ltr'><em>enim</em></span> <span class='ocrx_word' id='word_1_232' title='bbox 1007 1551 1123 1590; x_wconf 86' lang='lat' dir='ltr'><em>verba,</em></span> <span class='ocrx_word' id='word_1_233' title='bbox 1150 1554 1199 1583; x_wconf 79' lang='lat' dir='ltr'><em>In-</em></span> 
     </span>
     <span class='ocr_line' id='line_1_32' title="bbox 306 1600 1198 1649; baseline -0.007 -11"><span class='ocrx_word' id='word_1_234' title='bbox 306 1607 431 1649; x_wconf 74' lang='lat' dir='ltr'><em>telligere</em></span> <span class='ocrx_word' id='word_1_235' title='bbox 447 1603 595 1645; x_wconf 80' lang='lat' dir='ltr'><em>fingulare</em></span> <span class='ocrx_word' id='word_1_236' title='bbox 617 1614 651 1635; x_wconf 87' lang='lat' dir='ltr'><em>ac</em></span> <span class='ocrx_word' id='word_1_237' title='bbox 668 1603 842 1641; x_wconf 78' lang='lat' dir='ltr'><em>vcrifflmum</em></span> <span class='ocrx_word' id='word_1_238' title='bbox 868 1603 1091 1635; x_wconf 75' lang='lat' dir='ltr'><em>§aeramentum</em></span> <span class='ocrx_word' id='word_1_239' title='bbox 1106 1624 1116 1640; x_wconf 90' lang='lat'><em>,</em></span> <span class='ocrx_word' id='word_1_240' title='bbox 1143 1600 1198 1633; x_wconf 89' lang='lat' dir='ltr'><em>de-</em></span> 
     </span>
     <span class='ocr_line' id='line_1_33' title="bbox 309 1650 1198 1696; baseline -0.007 -7"><span class='ocrx_word' id='word_1_241' title='bbox 309 1656 384 1690; x_wconf 86' lang='lat' dir='ltr'><em>bent</em></span> <span class='ocrx_word' id='word_1_242' title='bbox 396 1654 503 1691; x_wconf 88' lang='lat' dir='ltr'><em>claudi</em></span> <span class='ocrx_word' id='word_1_243' title='bbox 518 1653 551 1686; x_wconf 88' lang='lat' dir='ltr'><em>in</em></span> <span class='ocrx_word' id='word_1_244' title='bbox 566 1650 743 1696; x_wconf 75' lang='lat' dir='ltr'><em>parenthesi</em></span> <span class='ocrx_word' id='word_1_245' title='bbox 756 1677 763 1683; x_wconf 96' lang='lat'>.</span> <span class='ocrx_word' id='word_1_246' title='bbox 782 1652 834 1685; x_wconf 82' lang='lat' dir='ltr'><em>Est</em></span> <span class='ocrx_word' id='word_1_247' title='bbox 848 1651 1095 1685; x_wconf 82' lang='lat' dir='ltr'><em>Sacramentum</em></span> <span class='ocrx_word' id='word_1_248' title='bbox 1109 1650 1198 1694; x_wconf 84' lang='lat' dir='ltr'><em>Apo-</em></span> 
     </span>
     <span class='ocr_line' id='line_1_34' title="bbox 306 1699 1197 1749; baseline -0.01 -8"><span class='ocrx_word' id='word_1_249' title='bbox 306 1706 416 1743; x_wconf 81' lang='lat' dir='ltr'><em>ssolici</em></span> <span class='ocrx_word' id='word_1_250' title='bbox 427 1703 597 1749; x_wconf 83' lang='lat' dir='ltr'><em>symboli.</em></span> <span class='ocrx_word' id='word_1_251' title='bbox 625 1702 674 1736; x_wconf 88' lang='lat' dir='ltr'><em>Ita</em></span> <span class='ocrx_word' id='word_1_252' title='bbox 696 1702 852 1736; x_wconf 83' lang='lat' dir='ltr'><em>&amp;statim</em></span> <span class='ocrx_word' id='word_1_253' title='bbox 881 1701 971 1745; x_wconf 71' lang='lat' dir='ltr'><em>supra</em></span> <span class='ocrx_word' id='word_1_254' title='bbox 995 1701 1082 1734; x_wconf 83' lang='lat' dir='ltr'><em>dixit</em></span> <span class='ocrx_word' id='word_1_255' title='bbox 1093 1699 1197 1744; x_wconf 82' lang='lat' dir='ltr'><em>dupli-</em></span> 
     </span>
     <span class='ocr_line' id='line_1_35' title="bbox 306 1749 1196 1796; baseline -0.008 -5"><span class='ocrx_word' id='word_1_256' title='bbox 306 1758 355 1791; x_wconf 74' lang='lat' dir='ltr'><em>cis</em></span> <span class='ocrx_word' id='word_1_257' title='bbox 383 1755 577 1789; x_wconf 87' lang='lat' dir='ltr'><em>Divinitatis</em></span> <span class='ocrx_word' id='word_1_258' title='bbox 604 1753 776 1789; x_wconf 83' lang='lat' dir='ltr'><em>fabulones</em></span> <span class='ocrx_word' id='word_1_259' title='bbox 797 1777 808 1794; x_wconf 87' lang='lat'><strong>,</strong></span> <span class='ocrx_word' id='word_1_260' title='bbox 834 1751 981 1796; x_wconf 86' lang='lat' dir='ltr'><em>aliosque</em></span> <span class='ocrx_word' id='word_1_261' title='bbox 1010 1749 1196 1795; x_wconf 82' lang='lat' dir='ltr'><em>Apostolici</em></span> 
     </span>
     <span class='ocr_line' id='line_1_36' title="bbox 308 1800 1196 1850; baseline -0.008 -9"><span class='ocrx_word' id='word_1_262' title='bbox 308 1805 460 1850; x_wconf 78' lang='lat' dir='ltr'><em>symboli</em></span> <span class='ocrx_word' id='word_1_263' title='bbox 477 1816 532 1849; x_wconf 84' lang='lat' dir='ltr'><em>per</em></span> <span class='ocrx_word' id='word_1_264' title='bbox 541 1805 691 1838; x_wconf 84' lang='lat' dir='ltr'><em>scelerata</em></span> <span class='ocrx_word' id='word_1_265' title='bbox 705 1804 791 1839; x_wconf 83' lang='lat' dir='ltr'><em>circa</em></span> <span class='ocrx_word' id='word_1_266' title='bbox 806 1802 966 1837; x_wconf 84' lang='lat' dir='ltr'><em>Divinam</em></span> <span class='ocrx_word' id='word_1_267' title='bbox 988 1800 1196 1836; x_wconf 85' lang='lat' dir='ltr'><em>substantiam</em></span> 
     </span>
     <span class='ocr_line' id='line_1_37' title="bbox 312 1851 1198 1901; baseline -0.01 -9"><span class='ocrx_word' id='word_1_268' title='bbox 312 1858 482 1901; x_wconf 83' lang='lat' dir='ltr'><em>Dogmata</em></span> <span class='ocrx_word' id='word_1_269' title='bbox 503 1855 668 1890; x_wconf 83' lang='lat' dir='ltr'><em>falsatores</em></span> <span class='ocrx_word' id='word_1_270' title='bbox 685 1854 749 1889; x_wconf 76' lang='lat' dir='ltr'><em>esse</em></span> <span class='ocrx_word' id='word_1_271' title='bbox 772 1857 793 1886; x_wconf 70' lang='grc' dir='ltr'><em>ἃ</em></span> <span class='ocrx_word' id='word_1_272' title='bbox 814 1855 1014 1886; x_wconf 76' lang='lat' dir='ltr'><em>Sacramentis</em></span> <span class='ocrx_word' id='word_1_273' title='bbox 1037 1851 1198 1885; x_wconf 81' lang='lat' dir='ltr'><em>Catholicis</em></span> 
     </span>
    </p>

    <p class='ocr_par' dir='ltr' id='par_1_8' title="bbox 151 1902 1202 2053">
     <span class='ocr_line' id='line_1_38' title="bbox 194 1902 1197 1966; baseline -0.009 -23"><span class='ocrx_word' id='word_1_274' title='bbox 194 1935 227 1966; x_wconf 55' lang='lat' dir='ltr'><em>‘b</em></span> <span class='ocrx_word' id='word_1_275' title='bbox 307 1909 422 1942; x_wconf 75' lang='lat' dir='ltr'><em>alienos</em></span> <span class='ocrx_word' id='word_1_276' title='bbox 438 1931 445 1938; x_wconf 88' lang='lat'><strong>.</strong></span> <span class='ocrx_word' id='word_1_277' title='bbox 472 1906 509 1940; x_wconf 85' lang='lat' dir='ltr'><em>ln</em></span> <span class='ocrx_word' id='word_1_278' title='bbox 523 1905 614 1939; x_wconf 84' lang='lat' dir='ltr'><em>libris</em></span> <span class='ocrx_word' id='word_1_279' title='bbox 632 1906 675 1939; x_wconf 88' lang='lat' dir='ltr'><em>de</em></span> <span class='ocrx_word' id='word_1_280' title='bbox 688 1902 850 1947; x_wconf 85' lang='lat' dir='ltr'><em>symbolo</em></span> <span class='ocrx_word' id='word_1_281' title='bbox 876 1903 988 1937; x_wconf 81' lang='lat' dir='ltr'><em>scribit</em></span> <span class='ocrx_word' id='word_1_282' title='bbox 1008 1903 1111 1937; x_wconf 87' lang='lat' dir='ltr'><em>etiam</em></span> <span class='ocrx_word' id='word_1_283' title='bbox 1123 1902 1197 1935; x_wconf 89' lang='lat' dir='ltr'><em>San-</em></span> 
     </span>
     <span class='ocr_line' id='line_1_39' title="bbox 151 1939 1198 2015; baseline -0.008 -22"><span class='ocrx_word' id='word_1_284' title='bbox 151 1939 217 2015; x_wconf 44' lang='grc' dir='ltr'><em>ἐξ</em></span> <span class='ocrx_word' id='word_1_285' title='bbox 229 1947 293 2005; x_wconf 62' lang='lat'>&#39;¹2&#39;&amp;</span> <span class='ocrx_word' id='word_1_286' title='bbox 309 1960 380 1992; x_wconf 58' lang='lat' dir='ltr'><em>(tus</em></span> <span class='ocrx_word' id='word_1_287' title='bbox 395 1955 599 2002; x_wconf 82' lang='lat' dir='ltr'><em>Augustinus</em></span> <span class='ocrx_word' id='word_1_288' title='bbox 613 1968 621 1987; x_wconf 76' lang='grc' dir='ltr'>ι</span> <span class='ocrx_word' id='word_1_289' title='bbox 647 1958 872 1990; x_wconf 82' lang='lat' dir='ltr'><em>sacramentum</em></span> <span class='ocrx_word' id='word_1_290' title='bbox 890 1953 1010 1994; x_wconf 76' lang='lat' dir='ltr'><em>symboli</em></span> <span class='ocrx_word' id='word_1_291' title='bbox 1030 1954 1111 1995; x_wconf 85' lang='lat' dir='ltr'><em>quod</em></span> <span class='ocrx_word' id='word_1_292' title='bbox 1123 1963 1198 1985; x_wconf 87' lang='lat' dir='ltr'><em>acce-</em></span> 
     </span>
     <span class='ocr_line' id='line_1_40' title="bbox 153 2003 1202 2053; baseline -0.01 -8"><span class='ocrx_word' id='word_1_293' title='bbox 153 2017 294 2053; x_wconf 71' lang='lat' dir='ltr'><em>11b.3.c.1.</em></span> <span class='ocrx_word' id='word_1_294' title='bbox 306 2007 392 2050; x_wconf 84' lang='lat' dir='ltr'><em>pistis</em></span> <span class='ocrx_word' id='word_1_295' title='bbox 405 2032 412 2040; x_wconf 90' lang='lat'><strong>.</strong></span> <span class='ocrx_word' id='word_1_296' title='bbox 441 2007 483 2043; x_wconf 90' lang='lat' dir='ltr'><em>Et</em></span> <span class='ocrx_word' id='word_1_297' title='bbox 495 2008 529 2040; x_wconf 90' lang='lat' dir='ltr'><em>in</em></span> <span class='ocrx_word' id='word_1_298' title='bbox 545 2005 610 2042; x_wconf 88' lang='lat' dir='ltr'><em>hoc</em></span> <span class='ocrx_word' id='word_1_299' title='bbox 633 2006 744 2040; x_wconf 85' lang='lat' dir='ltr'><em>nostro</em></span> <span class='ocrx_word' id='word_1_300' title='bbox 755 2004 841 2040; x_wconf 79' lang='lat' dir='ltr'><em>libro</em></span> <span class='ocrx_word' id='word_1_301' title='bbox 864 2003 972 2039; x_wconf 85' lang='lat' dir='ltr'><em>noster</em></span> <span class='ocrx_word' id='word_1_302' title='bbox 984 2004 1111 2039; x_wconf 66' lang='lat' dir='ltr'><em>Docto:</em></span> <span class='ocrx_word' id='word_1_303' title='bbox 1136 2003 1202 2036; x_wconf 88' lang='lat' dir='ltr'><em>lau-</em></span> 
     </span>
    </p>

    <p class='ocr_par' dir='ltr' id='par_1_9' title="bbox 178 2053 1208 2894">
     <span class='ocr_line' id='line_1_41' title="bbox 311 2053 1201 2103; baseline -0.007 -11"><span class='ocrx_word' id='word_1_304' title='bbox 311 2059 366 2095; x_wconf 81' lang='lat' dir='ltr'><em>dat</em></span> <span class='ocrx_word' id='word_1_305' title='bbox 382 2056 640 2103; x_wconf 84' lang='lat' dir='ltr'><em>appellationem</em></span> <span class='ocrx_word' id='word_1_306' title='bbox 661 2055 876 2094; x_wconf 81' lang='lat' dir='ltr'><em>fraternitatis</em></span> <span class='ocrx_word' id='word_1_307' title='bbox 889 2079 899 2095; x_wconf 90' lang='lat'>,</span> <span class='ocrx_word' id='word_1_308' title='bbox 923 2054 957 2088; x_wconf 77' lang='grc' dir='ltr'><em>δε</em></span> <span class='ocrx_word' id='word_1_309' title='bbox 968 2053 1201 2097; x_wconf 83' lang='lat' dir='ltr'><em>hospitalitatis</em></span> 
     </span>
     <span class='ocr_line' id='line_1_42' title="bbox 309 2104 1201 2150; baseline -0.009 -7"><span class='ocrx_word' id='word_1_310' title='bbox 309 2108 617 2143; x_wconf 81' lang='lat' dir='ltr'><em>contefferationem</em></span> <span class='ocrx_word' id='word_1_311' title='bbox 643 2133 654 2149; x_wconf 88' lang='lat'>‚</span> <span class='ocrx_word' id='word_1_312' title='bbox 686 2117 787 2150; x_wconf 86' lang='lat' dir='ltr'><em>atque</em></span> <span class='ocrx_word' id='word_1_313' title='bbox 812 2104 964 2150; x_wconf 83' lang='lat' dir='ltr'><em>adjungit</em></span> <span class='ocrx_word' id='word_1_314' title='bbox 986 2118 998 2139; x_wconf 89' lang='lat'><em>.·</em></span> <span class='ocrx_word' id='word_1_315' title='bbox 1024 2106 1106 2147; x_wconf 59' lang='grc' dir='ltr'><em>,ραι</em></span> <span class='ocrx_word' id='word_1_316' title='bbox 1126 2105 1201 2145; x_wconf 83' lang='lat' dir='ltr'><em>jura</em></span> 
     </span>
     <span class='ocr_line' id='line_1_43' title="bbox 287 2151 1203 2200; baseline -0.007 -8"><span class='ocrx_word' id='word_1_317' title='bbox 287 2151 294 2158; x_wconf 55' lang='lat'>⁴</span> <span class='ocrx_word' id='word_1_318' title='bbox 312 2170 370 2192; x_wconf 85' lang='lat' dir='ltr'><em>non</em></span> <span class='ocrx_word' id='word_1_319' title='bbox 395 2158 458 2189; x_wconf 81' lang='lat' dir='ltr'><em>alia</em></span> <span class='ocrx_word' id='word_1_320' title='bbox 479 2162 557 2190; x_wconf 86' lang='lat' dir='ltr'><em>ratio</em></span> <span class='ocrx_word' id='word_1_321' title='bbox 567 2163 640 2200; x_wconf 85' lang='lat' dir='ltr'><em>regit</em></span> <span class='ocrx_word' id='word_1_322' title='bbox 653 2181 664 2196; x_wconf 91' lang='lat'>,</span> <span class='ocrx_word' id='word_1_323' title='bbox 691 2158 782 2199; x_wconf 64' lang='lat' dir='ltr'><em>quam</em></span> <span class='ocrx_word' id='word_1_324' title='bbox 802 2154 934 2200; x_wconf 79' lang='lat' dir='ltr'><em>eJ&#39;usdem</em></span> <span class='ocrx_word' id='word_1_325' title='bbox 945 2157 1203 2189; x_wconf 81' lang='lat' dir='ltr'><em>Sacramentiunae</em></span> 
     </span>
     <span class='ocr_line' id='line_1_44' title="bbox 312 2202 1202 2249; baseline -0.006 -8"><span class='ocrx_word' id='word_1_326' title='bbox 312 2210 457 2244; x_wconf 77' lang='lat' dir='ltr'><em>traditio,</em></span> <span class='ocrx_word' id='word_1_327' title='bbox 480 2205 562 2241; x_wconf 75' lang='lat' dir='ltr'><em>,Hoc</em></span> <span class='ocrx_word' id='word_1_328' title='bbox 574 2208 636 2246; x_wconf 90' lang='lat' dir='ltr'><em>est,</em></span> <span class='ocrx_word' id='word_1_329' title='bbox 659 2206 799 2248; x_wconf 82' lang='lat' dir='ltr'><em>ejusdem</em></span> <span class='ocrx_word' id='word_1_330' title='bbox 812 2204 978 2249; x_wconf 89' lang='lat' dir='ltr'><em>Symboli.</em></span> <span class='ocrx_word' id='word_1_331' title='bbox 1009 2204 1052 2240; x_wconf 86' lang='lat' dir='ltr'><em>Et</em></span> <span class='ocrx_word' id='word_1_332' title='bbox 1063 2204 1097 2237; x_wconf 87' lang='lat' dir='ltr'><em>in</em></span> <span class='ocrx_word' id='word_1_333' title='bbox 1110 2202 1202 2247; x_wconf 87' lang='lat' dir='ltr'><em>quin·</em></span> 
     </span>
     <span class='ocr_line' id='line_1_45' title="bbox 315 2254 1203 2298; baseline -0.01 -5"><span class='ocrx_word' id='word_1_334' title='bbox 315 2270 351 2294; x_wconf 90' lang='lat' dir='ltr'><em>to</em></span> <span class='ocrx_word' id='word_1_335' title='bbox 363 2268 476 2292; x_wconf 85' lang='lat' dir='ltr'><em>contra</em></span> <span class='ocrx_word' id='word_1_336' title='bbox 490 2257 698 2291; x_wconf 85' lang='lat' dir='ltr'><em>Marcionem</em></span> <span class='ocrx_word' id='word_1_337' title='bbox 710 2255 795 2291; x_wconf 89' lang='lat' dir='ltr'><em>libro</em></span> <span class='ocrx_word' id='word_1_338' title='bbox 815 2257 952 2291; x_wconf 86' lang='lat' dir='ltr'><em>affirmat</em></span> <span class='ocrx_word' id='word_1_339' title='bbox 964 2254 1113 2298; x_wconf 83' lang='lat' dir='ltr'><em>quaedam</em></span> <span class='ocrx_word' id='word_1_340' title='bbox 1126 2254 1203 2288; x_wconf 89' lang='lat' dir='ltr'><em>San-</em></span> 
     </span>
     <span class='ocr_line' id='line_1_46' title="bbox 178 2302 1204 2364; baseline -0.011 -20"><span class='ocrx_word' id='word_1_341' title='bbox 178 2326 253 2364; x_wconf 45' lang='lat' dir='ltr'><em>cilp,</em></span> <span class='ocrx_word' id='word_1_342' title='bbox 272 2333 298 2360; x_wconf 78' lang='lat'><em>5·</em></span> <span class='ocrx_word' id='word_1_343' title='bbox 313 2310 355 2343; x_wconf 70' lang='lat' dir='ltr'><em>sti</em></span> <span class='ocrx_word' id='word_1_344' title='bbox 371 2307 465 2343; x_wconf 85' lang='lat' dir='ltr'><em>Pauli</em></span> <span class='ocrx_word' id='word_1_345' title='bbox 484 2308 525 2342; x_wconf 89' lang='lat' dir='ltr'><em>de</em></span> <span class='ocrx_word' id='word_1_346' title='bbox 538 2308 614 2343; x_wconf 87' lang='lat' dir='ltr'><em>Deo</em></span> <span class='ocrx_word' id='word_1_347' title='bbox 635 2306 791 2347; x_wconf 78' lang='lat' dir='ltr'><em>Creatore</em></span> <span class='ocrx_word' id='word_1_348' title='bbox 815 2306 910 2339; x_wconf 82' lang='lat' dir='ltr'><em>verba</em></span> <span class='ocrx_word' id='word_1_349' title='bbox 928 2313 1088 2344; x_wconf 81' lang='lat' dir='ltr'><em>competere</em></span> <span class='ocrx_word' id='word_1_350' title='bbox 1113 2302 1204 2341; x_wconf 80' lang='lat' dir='ltr'><em>nostro</em></span> 
     </span>
     <span class='ocr_line' id='line_1_47' title="bbox 313 2351 1204 2398; baseline -0.013 -5"><span class='ocrx_word' id='word_1_351' title='bbox 313 2362 502 2394; x_wconf 68' lang='lat' dir='ltr'><em>sacramento</em></span> <span class='ocrx_word' id='word_1_352' title='bbox 522 2381 531 2390; x_wconf 83' lang='grc'><strong><em>,</em></strong></span> <span class='ocrx_word' id='word_1_353' title='bbox 560 2357 595 2391; x_wconf 89' lang='lat' dir='ltr'><em>Id</em></span> <span class='ocrx_word' id='word_1_354' title='bbox 614 2355 682 2393; x_wconf 89' lang='lat' dir='ltr'><em>est,</em></span> <span class='ocrx_word' id='word_1_355' title='bbox 712 2354 874 2398; x_wconf 88' lang='lat' dir='ltr'><em>Symbolo</em></span> <span class='ocrx_word' id='word_1_356' title='bbox 895 2377 902 2383; x_wconf 95' lang='lat'><strong><em>.</em></strong></span> <span class='ocrx_word' id='word_1_357' title='bbox 931 2352 1030 2393; x_wconf 85' lang='lat' dir='ltr'>Apud</span> <span class='ocrx_word' id='word_1_358' title='bbox 1051 2351 1204 2391; x_wconf 85' lang='lat' dir='ltr'><em>antiquos</em></span> 
     </span>
     <span class='ocr_line' id='line_1_48' title="bbox 317 2397 1203 2453; baseline -0.018 -9"><span class='ocrx_word' id='word_1_359' title='bbox 317 2410 427 2444; x_wconf 86' lang='lat' dir='ltr'><em>Patres</em></span> <span class='ocrx_word' id='word_1_360' title='bbox 448 2409 600 2453; x_wconf 84' lang='lat' dir='ltr'><em>frequens</em></span> <span class='ocrx_word' id='word_1_361' title='bbox 621 2405 665 2438; x_wconf 87' lang='lat' dir='ltr'><em>est</em></span> <span class='ocrx_word' id='word_1_362' title='bbox 690 2403 773 2436; x_wconf 81' lang='lat' dir='ltr'><em>istud</em></span> <span class='ocrx_word' id='word_1_363' title='bbox 792 2400 946 2443; x_wconf 90' lang='lat' dir='ltr'><em>Symboli</em></span> <span class='ocrx_word' id='word_1_364' title='bbox 966 2399 1132 2443; x_wconf 86' lang='lat' dir='ltr'><em>elogium.</em></span> <span class='ocrx_word' id='word_1_365' title='bbox 1160 2397 1203 2443; x_wconf 73' lang='lat' dir='ltr'><em>Et</em></span> 
     </span>
     <span class='ocr_line' id='line_1_49' title="bbox 313 2446 1204 2499; baseline -0.016 -6"><span class='ocrx_word' id='word_1_366' title='bbox 313 2460 361 2493; x_wconf 73' lang='lat' dir='ltr'><em>est</em></span> <span class='ocrx_word' id='word_1_367' title='bbox 376 2461 618 2495; x_wconf 75' lang='lat' dir='ltr'><em>Sacramentum</em></span> <span class='ocrx_word' id='word_1_368' title='bbox 638 2451 818 2499; x_wconf 76' lang='lat' dir='ltr'><em>singulare,</em></span> <span class='ocrx_word' id='word_1_369' title='bbox 846 2450 926 2484; x_wconf 91' lang='lat' dir='ltr'><em>Hoc</em></span> <span class='ocrx_word' id='word_1_370' title='bbox 950 2449 995 2483; x_wconf 84' lang='lat' dir='ltr'><em>est</em></span> <span class='ocrx_word' id='word_1_371' title='bbox 1010 2473 1020 2490; x_wconf 92' lang='lat'>‚</span> <span class='ocrx_word' id='word_1_372' title='bbox 1047 2446 1204 2493; x_wconf 87' lang='lat' dir='ltr'><em>principa-</em></span> 
     </span>
     <span class='ocr_line' id='line_1_50' title="bbox 316 2497 1202 2544; baseline -0.015 -1"><span class='ocrx_word' id='word_1_373' title='bbox 316 2510 348 2543; x_wconf 84' lang='lat' dir='ltr'><em>le</em></span> <span class='ocrx_word' id='word_1_374' title='bbox 377 2533 384 2539; x_wconf 92' lang='lat'>.</span> <span class='ocrx_word' id='word_1_375' title='bbox 412 2509 460 2541; x_wconf 86' lang='lat' dir='ltr'><em>lta</em></span> <span class='ocrx_word' id='word_1_376' title='bbox 486 2507 662 2541; x_wconf 85' lang='lat' dir='ltr'><em>Nicaenum</em></span> <span class='ocrx_word' id='word_1_377' title='bbox 686 2528 696 2544; x_wconf 95' lang='lat'><em>‚</em></span> <span class='ocrx_word' id='word_1_378' title='bbox 733 2502 881 2544; x_wconf 86' lang='lat' dir='ltr'>adeoque</span> <span class='ocrx_word' id='word_1_379' title='bbox 911 2501 944 2534; x_wconf 84' lang='lat'>&amp;</span> <span class='ocrx_word' id='word_1_380' title='bbox 971 2497 1202 2542; x_wconf 80' lang='lat' dir='ltr'><em>Apostolicum</em></span> 
     </span>
     <span class='ocr_line' id='line_1_51' title="bbox 316 2549 1202 2601; baseline -0.011 -10"><span class='ocrx_word' id='word_1_381' title='bbox 316 2556 515 2601; x_wconf 86' lang='lat' dir='ltr'><em>Symbolum</em></span> <span class='ocrx_word' id='word_1_382' title='bbox 529 2556 670 2597; x_wconf 84' lang='lat' dir='ltr'><em>appellat</em></span> <span class='ocrx_word' id='word_1_383' title='bbox 690 2552 789 2587; x_wconf 85' lang='lat' dir='ltr'><em>etiam</em></span> <span class='ocrx_word' id='word_1_384' title='bbox 802 2549 1079 2585; x_wconf 74' lang='lat' dir='ltr'><em>Chalcedonensis</em></span> <span class='ocrx_word' id='word_1_385' title='bbox 1101 2549 1202 2592; x_wconf 90' lang='lat' dir='ltr'><em>Syno-</em></span> 
     </span>
     <span class='ocr_line' id='line_1_52' title="bbox 316 2600 1203 2644; baseline -0.014 -1"><span class='ocrx_word' id='word_1_386' title='bbox 316 2608 380 2643; x_wconf 87' lang='lat' dir='ltr'><em>dus</em></span> <span class='ocrx_word' id='word_1_387' title='bbox 406 2607 440 2642; x_wconf 87' lang='lat' dir='ltr'><em>in</em></span> <span class='ocrx_word' id='word_1_388' title='bbox 469 2607 617 2642; x_wconf 83' lang='lat' dir='ltr'><em>sermone</em></span> <span class='ocrx_word' id='word_1_389' title='bbox 644 2600 880 2637; x_wconf 82' lang='lat' dir='ltr'><em>exclamatorio</em></span> <span class='ocrx_word' id='word_1_390' title='bbox 906 2601 946 2634; x_wconf 86' lang='lat' dir='ltr'><em>ad</em></span> <span class='ocrx_word' id='word_1_391' title='bbox 974 2600 1203 2644; x_wconf 86' lang='lat' dir='ltr'><em>Imperatorem</em></span> 
     </span>
     <span class='ocr_line' id='line_1_53' title="bbox 320 2647 1204 2694; baseline -0.016 0"><span class='ocrx_word' id='word_1_392' title='bbox 320 2656 548 2694; x_wconf 81' lang='lat' dir='ltr'><em>Mattianum.</em></span> <span class='ocrx_word' id='word_1_393' title='bbox 577 2653 633 2688; x_wconf 86' lang='lat' dir='ltr'><em>Est</em></span> <span class='ocrx_word' id='word_1_394' title='bbox 658 2651 877 2686; x_wconf 73' lang='lat' dir='ltr'><em>verissimum.</em></span> <span class='ocrx_word' id='word_1_395' title='bbox 907 2649 1039 2685; x_wconf 84' lang='lat' dir='ltr'><em>Etenim</em></span> <span class='ocrx_word' id='word_1_396' title='bbox 1062 2647 1152 2691; x_wconf 75' lang='lat' dir='ltr'><em>quod</em></span> <span class='ocrx_word' id='word_1_397' title='bbox 1171 2648 1204 2680; x_wconf 89' lang='lat' dir='ltr'><em>in</em></span> 
     </span>
     <span class='ocr_line' id='line_1_54' title="bbox 318 2697 1205 2742; baseline -0.014 0"><span class='ocrx_word' id='word_1_398' title='bbox 318 2707 474 2742; x_wconf 64' lang='lat' dir='ltr'><em>omnibus</em></span> <span class='ocrx_word' id='word_1_399' title='bbox 490 2703 640 2742; x_wconf 84' lang='lat' dir='ltr'><em>Ecclesiis</em></span> <span class='ocrx_word' id='word_1_400' title='bbox 651 2703 783 2737; x_wconf 85' lang='lat' dir='ltr'><em>obtineat</em></span> <span class='ocrx_word' id='word_1_401' title='bbox 799 2704 854 2735; x_wconf 88' lang='lat' dir='ltr'><em>Dei</em></span> <span class='ocrx_word' id='word_1_402' title='bbox 867 2725 877 2741; x_wconf 92' lang='lat'>,</span> <span class='ocrx_word' id='word_1_403' title='bbox 904 2702 958 2735; x_wconf 86' lang='lat' dir='ltr'><em>seu</em></span> <span class='ocrx_word' id='word_1_404' title='bbox 971 2699 1091 2736; x_wconf 89' lang='lat' dir='ltr'><em>Divini</em></span> <span class='ocrx_word' id='word_1_405' title='bbox 1103 2697 1205 2732; x_wconf 83' lang='lat' dir='ltr'><em>Verbi</em></span> 
     </span>
     <span class='ocr_line' id='line_1_55' title="bbox 319 2746 1207 2794; baseline -0.012 -1"><span class='ocrx_word' id='word_1_406' title='bbox 319 2756 533 2793; x_wconf 78' lang='lat' dir='ltr'><em>authoritatem</em></span> <span class='ocrx_word' id='word_1_407' title='bbox 546 2779 557 2794; x_wconf 90' lang='lat'><em>‚</em></span> <span class='ocrx_word' id='word_1_408' title='bbox 583 2752 701 2788; x_wconf 76' lang='lat' dir='ltr'><em>diserte</em></span> <span class='ocrx_word' id='word_1_409' title='bbox 712 2753 848 2786; x_wconf 84' lang='lat' dir='ltr'><em>affirmat</em></span> <span class='ocrx_word' id='word_1_410' title='bbox 870 2752 903 2784; x_wconf 90' lang='lat' dir='ltr'><em>in</em></span> <span class='ocrx_word' id='word_1_411' title='bbox 917 2751 1046 2786; x_wconf 84' lang='lat' dir='ltr'><em>Nicaeni</em></span> <span class='ocrx_word' id='word_1_412' title='bbox 1057 2746 1207 2792; x_wconf 85' lang='lat' dir='ltr'><em>symboli</em></span> 
     </span>
     <span class='ocr_line' id='line_1_56' title="bbox 320 2799 1208 2852; baseline -0.014 -9"><span class='ocrx_word' id='word_1_413' title='bbox 320 2806 527 2852; x_wconf 71' lang='lat' dir='ltr'><em>expositione</em></span> <span class='ocrx_word' id='word_1_414' title='bbox 548 2803 683 2839; x_wconf 61' lang='lat' dir='ltr'><em>santius</em></span> <span class='ocrx_word' id='word_1_415' title='bbox 694 2802 840 2847; x_wconf 85' lang='lat' dir='ltr'><em>Cyrillus</em></span> <span class='ocrx_word' id='word_1_416' title='bbox 853 2799 1040 2835; x_wconf 74' lang='lat' dir='ltr'><em>patriarcha</em></span> <span class='ocrx_word' id='word_1_417' title='bbox 1064 2799 1208 2833; x_wconf 83' lang='lat' dir='ltr'><em>Alexan-</em></span> 
     </span>
     <span class='ocr_line' id='line_1_57' title="bbox 322 2848 1208 2894; baseline -0.012 -1"><span class='ocrx_word' id='word_1_418' title='bbox 322 2858 453 2893; x_wconf 80' lang='lat' dir='ltr'><em>drinus,</em></span> <span class='ocrx_word' id='word_1_419' title='bbox 482 2856 537 2891; x_wconf 83' lang='lat' dir='ltr'><em>Est</em></span> <span class='ocrx_word' id='word_1_420' title='bbox 562 2853 652 2888; x_wconf 88' lang='lat' dir='ltr'><em>enim</em></span> <span class='ocrx_word' id='word_1_421' title='bbox 676 2864 787 2887; x_wconf 84' lang='lat' dir='ltr'><em>verum</em></span> <span class='ocrx_word' id='word_1_422' title='bbox 800 2852 865 2886; x_wconf 91' lang='lat' dir='ltr'><em>Dei</em></span> <span class='ocrx_word' id='word_1_423' title='bbox 882 2851 1038 2886; x_wconf 81' lang='lat' dir='ltr'><em>verbum:</em></span> <span class='ocrx_word' id='word_1_424' title='bbox 1065 2848 1208 2894; x_wconf 79' lang='lat' dir='ltr'><em>Aposto-</em></span> 
     </span>
    </p>

    <p class='ocr_par' dir='ltr' id='par_1_10' title="bbox 324 2901 995 2946">
     <span class='ocr_line' id='line_1_58' title="bbox 324 2901 995 2946; baseline -0.013 -3"><span class='ocrx_word' id='word_1_425' title='bbox 324 2907 364 2944; x_wconf 92' lang='lat' dir='ltr'><em>lis</em></span> <span class='ocrx_word' id='word_1_426' title='bbox 374 2904 515 2941; x_wconf 80' lang='lat' dir='ltr'><em>omnino</em></span> <span class='ocrx_word' id='word_1_427' title='bbox 525 2904 683 2939; x_wconf 69' lang='lat' dir='ltr'><em>dictatum</em></span> <span class='ocrx_word' id='word_1_428' title='bbox 694 2904 713 2937; x_wconf 74' lang='lat' dir='ltr'><em>a</em></span> <span class='ocrx_word' id='word_1_429' title='bbox 725 2902 848 2946; x_wconf 84' lang='lat' dir='ltr'><em>Spiritu</em></span> <span class='ocrx_word' id='word_1_430' title='bbox 857 2901 995 2937; x_wconf 68' lang='lat' dir='ltr'><em>Sancto.</em></span> 
     </span>
    </p>

    <p class='ocr_par' dir='ltr' id='par_1_11' title="bbox 320 2950 1208 3397">
     <span class='ocr_line' id='line_1_59' title="bbox 375 2950 1206 2997; baseline -0.01 -7"><span class='ocrx_word' id='word_1_431' title='bbox 375 2957 508 2990; x_wconf 64' lang='lat' dir='ltr'><em>Sanstus</em></span> <span class='ocrx_word' id='word_1_432' title='bbox 529 2956 672 2997; x_wconf 78' lang='lat' dir='ltr'><em>Optatus</em></span> <span class='ocrx_word' id='word_1_433' title='bbox 693 2952 836 2988; x_wconf 76' lang='lat' dir='ltr'><em>secundo</em></span> <span class='ocrx_word' id='word_1_434' title='bbox 861 2951 970 2987; x_wconf 85' lang='lat' dir='ltr'><em>laudat</em></span> <span class='ocrx_word' id='word_1_435' title='bbox 981 2950 1125 2994; x_wconf 79' lang='lat' dir='ltr'><em>sponsum</em></span> <span class='ocrx_word' id='word_1_436' title='bbox 1146 2960 1206 2983; x_wconf 82' lang='lat' dir='ltr'><em>coa-</em></span> 
     </span>
     <span class='ocr_line' id='line_1_60' title="bbox 320 3003 1204 3054; baseline -0.008 -15"><span class='ocrx_word' id='word_1_437' title='bbox 320 3009 426 3054; x_wconf 79' lang='lat' dir='ltr'><em>gulum</em></span> <span class='ocrx_word' id='word_1_438' title='bbox 433 3011 534 3049; x_wconf 85' lang='lat' dir='ltr'><em>pacis.</em></span> <span class='ocrx_word' id='word_1_439' title='bbox 567 3005 627 3038; x_wconf 83' lang='lat' dir='ltr'><em>Per</em></span> <span class='ocrx_word' id='word_1_440' title='bbox 638 3004 800 3049; x_wconf 85' lang='lat' dir='ltr'><em>Sponsum</em></span> <span class='ocrx_word' id='word_1_441' title='bbox 815 3003 975 3047; x_wconf 80' lang='lat' dir='ltr'><em>intelligit</em></span> <span class='ocrx_word' id='word_1_442' title='bbox 989 3003 1204 3046; x_wconf 85' lang='lat' dir='ltr'><em>Episcopum:</em></span> 
     </span>
     <span class='ocr_line' id='line_1_61' title="bbox 327 3051 1208 3101; baseline -0.009 -9"><span class='ocrx_word' id='word_1_443' title='bbox 327 3056 552 3093; x_wconf 82' lang='lat' dir='ltr'><em>Ecclefiasticae</em></span> <span class='ocrx_word' id='word_1_444' title='bbox 563 3055 649 3101; x_wconf 84' lang='lat' dir='ltr'><em>pacis</em></span> <span class='ocrx_word' id='word_1_445' title='bbox 662 3054 767 3090; x_wconf 73' lang='lat' dir='ltr'><em>revera</em></span> <span class='ocrx_word' id='word_1_446' title='bbox 787 3053 986 3099; x_wconf 78' lang='lat' dir='ltr'><em>coagulum.</em></span> <span class='ocrx_word' id='word_1_447' title='bbox 1013 3053 1124 3095; x_wconf 77' lang='lat' dir='ltr'><em>ipsum</em></span> <span class='ocrx_word' id='word_1_448' title='bbox 1145 3051 1208 3085; x_wconf 77' lang='lat' dir='ltr'><em>esse</em></span> 
     </span>
     <span class='ocr_line' id='line_1_62' title="bbox 327 3099 1207 3152; baseline -0.01 -8"><span class='ocrx_word' id='word_1_449' title='bbox 327 3108 490 3152; x_wconf 81' lang='lat' dir='ltr'><em>Sponsum</em></span> <span class='ocrx_word' id='word_1_450' title='bbox 500 3105 701 3141; x_wconf 83' lang='lat' dir='ltr'><em>demonstrat</em></span> <span class='ocrx_word' id='word_1_451' title='bbox 719 3102 887 3148; x_wconf 77' lang='lat' dir='ltr'><em>Ephefinae</em></span> <span class='ocrx_word' id='word_1_452' title='bbox 897 3102 1022 3146; x_wconf 89' lang='lat' dir='ltr'><em>Synodi</em></span> <span class='ocrx_word' id='word_1_453' title='bbox 1040 3102 1081 3138; x_wconf 91' lang='lat' dir='ltr'><em>de</em></span> <span class='ocrx_word' id='word_1_454' title='bbox 1095 3099 1207 3136; x_wconf 82' lang='lat' dir='ltr'><em>Eusta-</em></span> 
     </span>
     <span class='ocr_line' id='line_1_63' title="bbox 327 3153 1207 3200; baseline -0.009 -7"><span class='ocrx_word' id='word_1_455' title='bbox 327 3159 378 3193; x_wconf 87' lang='lat' dir='ltr'><em>tio</em></span> <span class='ocrx_word' id='word_1_456' title='bbox 401 3153 604 3200; x_wconf 69' lang='lat' dir='ltr'><em>Pamphyliae</em></span> <span class='ocrx_word' id='word_1_457' title='bbox 625 3153 843 3198; x_wconf 85' lang='lat' dir='ltr'><em>Metropolita</em></span> <span class='ocrx_word' id='word_1_458' title='bbox 868 3154 1066 3195; x_wconf 78' lang='lat' dir='ltr'><em>Decretum,</em></span> <span class='ocrx_word' id='word_1_459' title='bbox 1093 3162 1207 3186; x_wconf 89' lang='lat' dir='ltr'><em>vacan-</em></span> 
     </span>
     <span class='ocr_line' id='line_1_64' title="bbox 329 3199 1207 3249; baseline -0.009 -6"><span class='ocrx_word' id='word_1_460' title='bbox 329 3218 394 3243; x_wconf 82' lang='lat' dir='ltr'><em>tem</em></span> <span class='ocrx_word' id='word_1_461' title='bbox 410 3206 585 3242; x_wconf 70' lang='lat' dir='ltr'><em>Ecclesiam</em></span> <span class='ocrx_word' id='word_1_462' title='bbox 602 3204 769 3249; x_wconf 87' lang='lat' dir='ltr'><em>appellans</em></span> <span class='ocrx_word' id='word_1_463' title='bbox 786 3203 918 3239; x_wconf 87' lang='lat' dir='ltr'><em>viduam</em></span> <span class='ocrx_word' id='word_1_464' title='bbox 929 3228 936 3236; x_wconf 93' lang='lat'><strong>.</strong></span> <span class='ocrx_word' id='word_1_465' title='bbox 966 3202 1092 3237; x_wconf 85' lang='lat' dir='ltr'><em>Eodem</em></span> <span class='ocrx_word' id='word_1_466' title='bbox 1105 3199 1207 3236; x_wconf 89' lang='lat' dir='ltr'><em>modo</em></span> 
     </span>
     <span class='ocr_line' id='line_1_65' title="bbox 329 3250 1207 3301; baseline -0.006 -10"><span class='ocrx_word' id='word_1_467' title='bbox 329 3257 474 3300; x_wconf 85' lang='lat' dir='ltr'><em>loquitur</em></span> <span class='ocrx_word' id='word_1_468' title='bbox 488 3257 608 3291; x_wconf 78' lang='lat' dir='ltr'><em>Canon</em></span> <span class='ocrx_word' id='word_1_469' title='bbox 631 3254 801 3301; x_wconf 73' lang='lat' dir='ltr'><em>vigesimus</em></span> <span class='ocrx_word' id='word_1_470' title='bbox 814 3262 945 3297; x_wconf 84' lang='lat' dir='ltr'><em>quattus</em></span> <span class='ocrx_word' id='word_1_471' title='bbox 959 3250 1207 3287; x_wconf 86' lang='lat' dir='ltr'><em>Chalcedonen-</em></span> 
     </span>
     <span class='ocr_line' id='line_1_66' title="bbox 329 3303 1206 3348; baseline -0.005 -8"><span class='ocrx_word' id='word_1_472' title='bbox 329 3305 368 3341; x_wconf 84' lang='lat' dir='ltr'><em>sis</em></span> <span class='ocrx_word' id='word_1_473' title='bbox 383 3330 390 3336; x_wconf 90' lang='lat'><strong>.</strong></span> <span class='ocrx_word' id='word_1_474' title='bbox 416 3307 458 3340; x_wconf 80' lang='lat' dir='ltr'><em>Et</em></span> <span class='ocrx_word' id='word_1_475' title='bbox 470 3307 510 3339; x_wconf 84' lang='lat' dir='ltr'><em>de</em></span> <span class='ocrx_word' id='word_1_476' title='bbox 524 3313 659 3340; x_wconf 87' lang='lat' dir='ltr'><em>vacante</em></span> <span class='ocrx_word' id='word_1_477' title='bbox 672 3316 727 3348; x_wconf 88' lang='lat' dir='ltr'><em>per</em></span> <span class='ocrx_word' id='word_1_478' title='bbox 738 3305 842 3338; x_wconf 70' lang='lat' dir='ltr'><em>Sansti</em></span> <span class='ocrx_word' id='word_1_479' title='bbox 856 3304 944 3338; x_wconf 77' lang='lat' dir='ltr'><em>Petri</em></span> <span class='ocrx_word' id='word_1_480' title='bbox 957 3303 1114 3345; x_wconf 86' lang='lat' dir='ltr'><em>Martyris</em></span> <span class='ocrx_word' id='word_1_481' title='bbox 1126 3314 1206 3337; x_wconf 88' lang='lat' dir='ltr'><em>mor·</em></span> 
     </span>
     <span class='ocr_line' id='line_1_67' title="bbox 333 3352 1207 3397; baseline -0.003 -8"><span class='ocrx_word' id='word_1_482' title='bbox 333 3365 401 3393; x_wconf 77' lang='lat' dir='ltr'><em>rem</em></span> <span class='ocrx_word' id='word_1_483' title='bbox 428 3355 648 3391; x_wconf 59' lang='lat' dir='ltr'><em>Alexandrina</em></span> <span class='ocrx_word' id='word_1_484' title='bbox 673 3354 815 3391; x_wconf 82' lang='lat' dir='ltr'><em>Ecclesia</em></span> <span class='ocrx_word' id='word_1_485' title='bbox 836 3354 945 3391; x_wconf 87' lang='lat' dir='ltr'><em>scribit</em></span> <span class='ocrx_word' id='word_1_486' title='bbox 957 3352 1102 3389; x_wconf 83' lang='lat' dir='ltr'><em>Gelasius</em></span> <span class='ocrx_word' id='word_1_487' title='bbox 1114 3352 1207 3397; x_wconf 84' lang='lat' dir='ltr'><em>Cysi·</em></span> 
     </span>
    </p>
   </div>
   <div class='ocr_carea' id='block_1_7' title="bbox 155 2133 284 2172">
    <p class='ocr_par' dir='ltr' id='par_1_12' title="bbox 155 2133 284 2172">
     <span class='ocr_line' id='line_1_68' title="bbox 155 2133 284 2172; baseline -0.008 -9"><span class='ocrx_word' id='word_1_488' title='bbox 155 2133 231 2172; x_wconf 69' lang='lat' dir='ltr'><em>Cap·</em></span> <span class='ocrx_word' id='word_1_489' title='bbox 247 2143 284 2163; x_wconf 85' lang='lat'><em>20</em></span> 
     </span>
    </p>
   </div>
   <div class='ocr_carea' id='block_1_8' title="bbox 1266 343 2163 791">
    <p class='ocr_par' dir='ltr' id='par_1_13' title="bbox 1266 343 2163 791">
     <span class='ocr_line' id='line_1_69' title="bbox 1272 343 2161 391; baseline 0.003 -12"><span class='ocrx_word' id='word_1_490' title='bbox 1272 348 1337 380; x_wconf 87' lang='lat' dir='ltr'><em>rius</em></span> <span class='ocrx_word' id='word_1_491' title='bbox 1350 347 1580 381; x_wconf 83' lang='lat' dir='ltr'><em>Nazianzenus</em></span> <span class='ocrx_word' id='word_1_492' title='bbox 1592 343 1702 379; x_wconf 89' lang='lat' dir='ltr'><em>scribit</em></span> <span class='ocrx_word' id='word_1_493' title='bbox 1716 346 1759 380; x_wconf 89' lang='lat' dir='ltr'><em>de</em></span> <span class='ocrx_word' id='word_1_494' title='bbox 1769 345 1968 391; x_wconf 87' lang='lat' dir='ltr'><em>quibusdam</em></span> <span class='ocrx_word' id='word_1_495' title='bbox 1981 347 2112 381; x_wconf 76' lang='lat' dir='ltr'><em>sitorum</em></span> <span class='ocrx_word' id='word_1_496' title='bbox 2123 347 2161 382; x_wconf 81' lang='lat' dir='ltr'><em>in</em></span> 
     </span>
     <span class='ocr_line' id='line_1_70' title="bbox 1268 395 2163 442; baseline 0.002 -12"><span class='ocrx_word' id='word_1_497' title='bbox 1268 396 1642 438; x_wconf 78' lang='lat' dir='ltr'><em>Constantinopolitana</em></span> <span class='ocrx_word' id='word_1_498' title='bbox 1657 395 1798 442; x_wconf 73' lang='lat' dir='ltr'><em>Ecclesia</em></span> <span class='ocrx_word' id='word_1_499' title='bbox 1813 395 1969 431; x_wconf 85' lang='lat' dir='ltr'><em>laborum</em></span> <span class='ocrx_word' id='word_1_500' title='bbox 1980 397 2163 432; x_wconf 69' lang='lat' dir='ltr'><em>calumnia⁴</em></span> 
     </span>
     <span class='ocr_line' id='line_1_71' title="bbox 1268 445 2162 490; baseline 0.001 -9"><span class='ocrx_word' id='word_1_501' title='bbox 1268 447 1396 481; x_wconf 86' lang='lat' dir='ltr'><em>toribus</em></span> <span class='ocrx_word' id='word_1_502' title='bbox 1407 460 1419 480; x_wconf 89' lang='lat'><em>.·</em></span> <span class='ocrx_word' id='word_1_503' title='bbox 1447 452 1537 479; x_wconf 77' lang='lat' dir='ltr'><em>Aiunt</em></span> <span class='ocrx_word' id='word_1_504' title='bbox 1549 457 1598 478; x_wconf 86' lang='lat' dir='ltr'><em>nos</em></span> <span class='ocrx_word' id='word_1_505' title='bbox 1611 445 1743 478; x_wconf 86' lang='lat' dir='ltr'><em>alienam</em></span> <span class='ocrx_word' id='word_1_506' title='bbox 1753 458 1876 480; x_wconf 79' lang='lat' dir='ltr'><em>uxorem</em></span> <span class='ocrx_word' id='word_1_507' title='bbox 1894 447 2048 490; x_wconf 68' lang='lat' dir='ltr'><em>expetiiffe</em></span> <span class='ocrx_word' id='word_1_508' title='bbox 2058 470 2070 487; x_wconf 89' lang='lat'><strong>,</strong></span> <span class='ocrx_word' id='word_1_509' title='bbox 2090 448 2162 482; x_wconf 74' lang='lat' dir='ltr'><em>ciam</em></span> 
     </span>
     <span class='ocr_line' id='line_1_72' title="bbox 1269 494 2161 539; baseline 0.002 -9"><span class='ocrx_word' id='word_1_510' title='bbox 1269 508 1306 530; x_wconf 88' lang='lat' dir='ltr'><em>ne</em></span> <span class='ocrx_word' id='word_1_511' title='bbox 1314 502 1471 539; x_wconf 84' lang='lat' dir='ltr'><em>propriam</em></span> <span class='ocrx_word' id='word_1_512' title='bbox 1491 497 1613 538; x_wconf 84' lang='lat' dir='ltr'><em>quidem</em></span> <span class='ocrx_word' id='word_1_513' title='bbox 1632 494 1744 530; x_wconf 85' lang='lat' dir='ltr'><em>hahere</em></span> <span class='ocrx_word' id='word_1_514' title='bbox 1763 498 1964 531; x_wconf 80' lang='lat' dir='ltr'><em>voluerimus.</em></span> <span class='ocrx_word' id='word_1_515' title='bbox 1992 497 2057 532; x_wconf 89' lang='lat' dir='ltr'><em>Per</em></span> <span class='ocrx_word' id='word_1_516' title='bbox 2077 497 2161 532; x_wconf 89' lang='lat' dir='ltr'><em>alie-</em></span> 
     </span>
     <span class='ocr_line' id='line_1_73' title="bbox 1271 546 2160 591; baseline 0.003 -11"><span class='ocrx_word' id='word_1_517' title='bbox 1271 558 1348 580; x_wconf 84' lang='lat' dir='ltr'><em>nam</em></span> <span class='ocrx_word' id='word_1_518' title='bbox 1371 546 1531 591; x_wconf 84' lang='lat' dir='ltr'><em>intelligit</em></span> <span class='ocrx_word' id='word_1_519' title='bbox 1555 546 1985 590; x_wconf 84' lang='lat' dir='ltr'><em>Constantinopolitanam,</em></span> <span class='ocrx_word' id='word_1_520' title='bbox 2011 558 2066 591; x_wconf 87' lang='lat' dir='ltr'><em>pet</em></span> <span class='ocrx_word' id='word_1_521' title='bbox 2085 558 2160 590; x_wconf 78' lang='lat' dir='ltr'><em>pro-</em></span> 
     </span>
     <span class='ocr_line' id='line_1_74' title="bbox 1270 595 2158 640; baseline 0.005 -12"><span class='ocrx_word' id='word_1_522' title='bbox 1270 596 1372 639; x_wconf 85' lang='lat' dir='ltr'><em>priam</em></span> <span class='ocrx_word' id='word_1_523' title='bbox 1384 607 1523 631; x_wconf 82' lang='lat' dir='ltr'><em>uxorem</em></span> <span class='ocrx_word' id='word_1_524' title='bbox 1533 597 1694 640; x_wconf 84' lang='lat' dir='ltr'><em>fignificat</em></span> <span class='ocrx_word' id='word_1_525' title='bbox 1705 595 1909 631; x_wconf 78' lang='lat' dir='ltr'><em>Cathedram</em></span> <span class='ocrx_word' id='word_1_526' title='bbox 1929 597 1965 632; x_wconf 74' lang='grc' dir='ltr'>ἀ</span> <span class='ocrx_word' id='word_1_527' title='bbox 1977 597 2158 632; x_wconf 77' lang='lat' dir='ltr'><em>Ecclesiam</em></span> 
     </span>
     <span class='ocr_line' id='line_1_75' title="bbox 1266 644 2158 692; baseline 0.002 -12"><span class='ocrx_word' id='word_1_528' title='bbox 1266 647 1478 681; x_wconf 84' lang='lat' dir='ltr'><em>Zazimorum</em></span> <span class='ocrx_word' id='word_1_529' title='bbox 1492 671 1499 677; x_wconf 88' lang='lat'><em>.</em></span> <span class='ocrx_word' id='word_1_530' title='bbox 1528 646 1572 679; x_wconf 86' lang='lat' dir='ltr'><em>Et</em></span> <span class='ocrx_word' id='word_1_531' title='bbox 1591 644 1636 679; x_wconf 86' lang='lat' dir='ltr'><em>de</em></span> <span class='ocrx_word' id='word_1_532' title='bbox 1650 645 1794 680; x_wconf 86' lang='lat' dir='ltr'><em>Eusebio</em></span> <span class='ocrx_word' id='word_1_533' title='bbox 1817 647 2064 682; x_wconf 84' lang='lat' dir='ltr'><em>Nicomediensi</em></span> <span class='ocrx_word' id='word_1_534' title='bbox 2079 647 2158 692; x_wconf 84' lang='lat' dir='ltr'><em>Epi·</em></span> 
     </span>
     <span class='ocr_line' id='line_1_76' title="bbox 1271 694 2159 739; baseline 0.002 -9"><span class='ocrx_word' id='word_1_535' title='bbox 1271 698 1370 739; x_wconf 89' lang='lat' dir='ltr'><em>scopo</em></span> <span class='ocrx_word' id='word_1_536' title='bbox 1390 719 1403 737; x_wconf 74' lang='lat'><em>‚</em></span> <span class='ocrx_word' id='word_1_537' title='bbox 1432 694 1526 737; x_wconf 75' lang='lat' dir='ltr'><em>quod</em></span> <span class='ocrx_word' id='word_1_538' title='bbox 1554 707 1594 729; x_wconf 82' lang='lat' dir='ltr'><em>ex</em></span> <span class='ocrx_word' id='word_1_539' title='bbox 1618 697 1787 739; x_wconf 85' lang='lat' dir='ltr'><em>Berytensi</em></span> <span class='ocrx_word' id='word_1_540' title='bbox 1811 694 1974 732; x_wconf 86' lang='lat' dir='ltr'><em>Cathedra</em></span> <span class='ocrx_word' id='word_1_541' title='bbox 1994 695 2037 732; x_wconf 85' lang='lat' dir='ltr'><em>ad</em></span> <span class='ocrx_word' id='word_1_542' title='bbox 2059 697 2159 732; x_wconf 83' lang='lat' dir='ltr'><em>istam</em></span> 
     </span>
     <span class='ocr_line' id='line_1_77' title="bbox 1269 744 2160 791; baseline 0.002 -12"><span class='ocrx_word' id='word_1_543' title='bbox 1269 745 1494 790; x_wconf 85' lang='lat' dir='ltr'><em>Metropolim.</em></span> <span class='ocrx_word' id='word_1_544' title='bbox 1510 744 1669 780; x_wconf 85' lang='lat' dir='ltr'><em>transiens</em></span> <span class='ocrx_word' id='word_1_545' title='bbox 1688 747 1797 780; x_wconf 72' lang='lat' dir='ltr'><em>fuisset</em></span> <span class='ocrx_word' id='word_1_546' title='bbox 1820 747 2043 790; x_wconf 74' lang='lat' dir='ltr'><em>praevaricatus</em></span> <span class='ocrx_word' id='word_1_547' title='bbox 2059 746 2160 791; x_wconf 81' lang='lat' dir='ltr'><em>Apo·-</em></span> 
     </span>
    </p>
   </div>
   <div class='ocr_carea' id='block_1_9' title="bbox 1246 795 2159 840">
    <p class='ocr_par' dir='ltr' id='par_1_14' title="bbox 1246 795 2159 840">
     <span class='ocr_line' id='line_1_78' title="bbox 1246 795 2159 840; baseline -0.001 -9"><span class='ocrx_word' id='word_1_548' title='bbox 1246 820 1248 825; x_wconf 53' lang='grc' dir='ltr'>ι</span> <span class='ocrx_word' id='word_1_549' title='bbox 1269 796 1421 831; x_wconf 82' lang='lat' dir='ltr'><em>stolicum</em></span> <span class='ocrx_word' id='word_1_550' title='bbox 1437 795 1634 837; x_wconf 87' lang='lat' dir='ltr'><em>Canonem,</em></span> <span class='ocrx_word' id='word_1_551' title='bbox 1659 797 1808 840; x_wconf 79' lang='lat' dir='ltr'><em>Alligatus</em></span> <span class='ocrx_word' id='word_1_552' title='bbox 1828 809 1862 830; x_wconf 85' lang='lat' dir='ltr'><em>es</em></span> <span class='ocrx_word' id='word_1_553' title='bbox 1871 803 1980 838; x_wconf 75' lang='lat' dir='ltr'><em>uxori,</em></span> <span class='ocrx_word' id='word_1_554' title='bbox 2003 797 2159 840; x_wconf 77' lang='lat' dir='ltr'><em>noliquae-</em></span> 
     </span>
    </p>
   </div>
   <div class='ocr_carea' id='block_1_10' title="bbox 1264 845 2159 1092">
    <p class='ocr_par' dir='ltr' id='par_1_15' title="bbox 1264 845 2159 1092">
     <span class='ocr_line' id='line_1_79' title="bbox 1266 845 2159 891; baseline 0.002 -12"><span class='ocrx_word' id='word_1_555' title='bbox 1266 858 1330 880; x_wconf 80' lang='lat' dir='ltr'><em>rere</em></span> <span class='ocrx_word' id='word_1_556' title='bbox 1349 845 1522 890; x_wconf 87' lang='lat' dir='ltr'><em>solutionem</em></span> <span class='ocrx_word' id='word_1_557' title='bbox 1533 871 1544 887; x_wconf 95' lang='lat'>‚</span> <span class='ocrx_word' id='word_1_558' title='bbox 1568 847 1606 880; x_wconf 62' lang='lat' dir='ltr'><em>a&amp;</em></span> <span class='ocrx_word' id='word_1_559' title='bbox 1627 857 1741 881; x_wconf 85' lang='lat' dir='ltr'><em>verum</em></span> <span class='ocrx_word' id='word_1_560' title='bbox 1764 846 1964 882; x_wconf 82' lang='lat' dir='ltr'><em>adulterium</em></span> <span class='ocrx_word' id='word_1_561' title='bbox 1984 847 2159 891; x_wconf 76' lang='lat' dir='ltr'><em>perpetras-</em></span> 
     </span>
     <span class='ocr_line' id='line_1_80' title="bbox 1266 894 2158 942; baseline 0.002 -12"><span class='ocrx_word' id='word_1_562' title='bbox 1266 897 1330 939; x_wconf 89' lang='lat' dir='ltr'><em>set,</em></span> <span class='ocrx_word' id='word_1_563' title='bbox 1354 897 1399 932; x_wconf 84' lang='lat' dir='ltr'><em>ad</em></span> <span class='ocrx_word' id='word_1_564' title='bbox 1422 906 1543 930; x_wconf 85' lang='lat' dir='ltr'><em>omnes</em></span> <span class='ocrx_word' id='word_1_565' title='bbox 1564 894 1624 930; x_wconf 81' lang='lat' dir='ltr'><em>sub</em></span> <span class='ocrx_word' id='word_1_566' title='bbox 1644 897 1732 931; x_wconf 78' lang='lat' dir='ltr'><em>coelo</em></span> <span class='ocrx_word' id='word_1_567' title='bbox 1753 895 1961 932; x_wconf 87' lang='lat' dir='ltr'><em>orthodoxos</em></span> <span class='ocrx_word' id='word_1_568' title='bbox 1974 897 2158 942; x_wconf 73' lang='lat' dir='ltr'><em>Episcopus</em></span> 
     </span>
     <span class='ocr_line' id='line_1_81' title="bbox 1266 945 2158 993; baseline 0.001 -12"><span class='ocrx_word' id='word_1_569' title='bbox 1266 947 1387 991; x_wconf 87' lang='lat' dir='ltr'><em>scripsit</em></span> <span class='ocrx_word' id='word_1_570' title='bbox 1406 946 1492 981; x_wconf 86' lang='lat' dir='ltr'><em>olim</em></span> <span class='ocrx_word' id='word_1_571' title='bbox 1506 945 1713 991; x_wconf 86' lang='lat' dir='ltr'><em>AEgyptiaca</em></span> <span class='ocrx_word' id='word_1_572' title='bbox 1725 947 1904 991; x_wconf 85' lang='lat' dir='ltr'><em>synodus.-</em></span> <span class='ocrx_word' id='word_1_573' title='bbox 1933 950 2158 993; x_wconf 79' lang='lat' dir='ltr'><em>Argumenta-</em></span> 
     </span>
     <span class='ocr_line' id='line_1_82' title="bbox 1264 997 2156 1041; baseline 0 -10"><span class='ocrx_word' id='word_1_574' title='bbox 1264 1007 1295 1031; x_wconf 85' lang='lat' dir='ltr'><em>ta</em></span> <span class='ocrx_word' id='word_1_575' title='bbox 1306 998 1371 1033; x_wconf 86' lang='lat' dir='ltr'><em>suit</em></span> <span class='ocrx_word' id='word_1_576' title='bbox 1383 998 1402 1031; x_wconf 73' lang='lat' dir='ltr'><em>a</em></span> <span class='ocrx_word' id='word_1_577' title='bbox 1415 997 1536 1030; x_wconf 85' lang='lat' dir='ltr'><em>carnali</em></span> <span class='ocrx_word' id='word_1_578' title='bbox 1547 997 1765 1032; x_wconf 84' lang='lat' dir='ltr'><em>matrimonio</em></span> <span class='ocrx_word' id='word_1_579' title='bbox 1776 998 1817 1031; x_wconf 89' lang='lat' dir='ltr'><em>ad</em></span> <span class='ocrx_word' id='word_1_580' title='bbox 1830 998 1997 1041; x_wconf 84' lang='lat' dir='ltr'><em>spirituale</em></span> <span class='ocrx_word' id='word_1_581' title='bbox 2005 1023 2012 1030; x_wconf 94' lang='lat'><em>.</em></span> <span class='ocrx_word' id='word_1_582' title='bbox 2023 998 2063 1031; x_wconf 83' lang='lat' dir='ltr'><em>In</em></span> <span class='ocrx_word' id='word_1_583' title='bbox 2074 997 2156 1031; x_wconf 80' lang='lat' dir='ltr'><em>Mis-</em></span> 
     </span>
     <span class='ocr_line' id='line_1_83' title="bbox 1265 1047 2159 1092; baseline -0.001 -9"><span class='ocrx_word' id='word_1_584' title='bbox 1265 1049 1301 1083; x_wconf 86' lang='lat' dir='ltr'><em>fis</em></span> <span class='ocrx_word' id='word_1_585' title='bbox 1320 1047 1363 1082; x_wconf 87' lang='lat' dir='ltr'><em>ad</em></span> <span class='ocrx_word' id='word_1_586' title='bbox 1377 1047 1587 1082; x_wconf 83' lang='lat' dir='ltr'><em>Gallicanam</em></span> <span class='ocrx_word' id='word_1_587' title='bbox 1601 1047 1778 1084; x_wconf 84' lang='lat' dir='ltr'><em>Ecclesiam</em></span> <span class='ocrx_word' id='word_1_588' title='bbox 1791 1047 1957 1092; x_wconf 85' lang='lat' dir='ltr'><em>Capitulis</em></span> <span class='ocrx_word' id='word_1_589' title='bbox 1970 1047 2072 1082; x_wconf 85' lang='lat' dir='ltr'><em>etiarn</em></span> <span class='ocrx_word' id='word_1_590' title='bbox 2088 1047 2159 1082; x_wconf 84' lang='lat' dir='ltr'><em>Ro-</em></span> 
     </span>
    </p>
   </div>
   <div class='ocr_carea' id='block_1_11' title="bbox 1243 1094 2303 1142">
    <p class='ocr_par' dir='ltr' id='par_1_16' title="bbox 1243 1094 2303 1142">
     <span class='ocr_line' id='line_1_84' title="bbox 1243 1094 2303 1142; baseline -0.001 -10"><span class='ocrx_word' id='word_1_591' title='bbox 1243 1099 1245 1101; x_wconf 81' lang='grc'><strong>’</strong></span> <span class='ocrx_word' id='word_1_592' title='bbox 1264 1106 1358 1132; x_wconf 84' lang='lat' dir='ltr'><em>mana</em></span> <span class='ocrx_word' id='word_1_593' title='bbox 1370 1097 1558 1132; x_wconf 84' lang='lat' dir='ltr'><em>Innocentii</em></span> <span class='ocrx_word' id='word_1_594' title='bbox 1573 1097 1667 1141; x_wconf 86' lang='lat' dir='ltr'><em>primi</em></span> <span class='ocrx_word' id='word_1_595' title='bbox 1678 1098 1833 1141; x_wconf 82' lang='lat' dir='ltr'><em>synodus</em></span> <span class='ocrx_word' id='word_1_596' title='bbox 1847 1098 2003 1142; x_wconf 86' lang='lat' dir='ltr'><em>Episcopi</em></span> <span class='ocrx_word' id='word_1_597' title='bbox 2021 1097 2158 1136; x_wconf 65' lang='lat' dir='ltr'><em>transla-</em></span> <span class='ocrx_word' id='word_1_598' title='bbox 2170 1094 2248 1137; x_wconf 63' lang='lat'><em>(2⁸12-</em></span> <span class='ocrx_word' id='word_1_599' title='bbox 2257 1102 2303 1135; x_wconf 69' lang='lat'><em>¹3·</em></span> 
     </span>
    </p>
   </div>
   <div class='ocr_carea' id='block_1_12' title="bbox 1256 1146 2319 3343">
    <p class='ocr_par' dir='ltr' id='par_1_17' title="bbox 1261 1146 2157 1391">
     <span class='ocr_line' id='line_1_85' title="bbox 1264 1146 2156 1196; baseline -0.001 -14"><span class='ocrx_word' id='word_1_600' title='bbox 1264 1149 1390 1183; x_wconf 86' lang='lat' dir='ltr'><em>tionem</em></span> <span class='ocrx_word' id='word_1_601' title='bbox 1416 1159 1513 1182; x_wconf 81' lang='lat' dir='ltr'><em>vocat</em></span> <span class='ocrx_word' id='word_1_602' title='bbox 1534 1148 1755 1182; x_wconf 88' lang='lat' dir='ltr'><em>adulterium.</em></span> <span class='ocrx_word' id='word_1_603' title='bbox 1783 1146 2156 1196; x_wconf 74' lang='lat' dir='ltr'><em>Quaeappellatioapud</em></span> 
     </span>
     <span class='ocr_line' id='line_1_86' title="bbox 1261 1197 2156 1244; baseline 0 -12"><span class='ocrx_word' id='word_1_604' title='bbox 1261 1197 1415 1244; x_wconf 81' lang='lat' dir='ltr'><em>antiquos</em></span> <span class='ocrx_word' id='word_1_605' title='bbox 1436 1198 1594 1233; x_wconf 84' lang='lat' dir='ltr'><em>Canones</em></span> <span class='ocrx_word' id='word_1_606' title='bbox 1611 1199 1647 1232; x_wconf 77' lang='grc' dir='ltr'>ἀ</span> <span class='ocrx_word' id='word_1_607' title='bbox 1661 1198 1771 1232; x_wconf 85' lang='lat' dir='ltr'><em>Patres</em></span> <span class='ocrx_word' id='word_1_608' title='bbox 1791 1200 1838 1232; x_wconf 89' lang='lat' dir='ltr'><em>est</em></span> <span class='ocrx_word' id='word_1_609' title='bbox 1853 1198 2060 1233; x_wconf 75' lang='lat' dir='ltr'><em>famosissima</em></span> <span class='ocrx_word' id='word_1_610' title='bbox 2071 1223 2080 1231; x_wconf 90' lang='lat'>.</span> <span class='ocrx_word' id='word_1_611' title='bbox 2109 1198 2156 1232; x_wconf 83' lang='lat' dir='ltr'><em>Et.</em></span> 
     </span>
     <span class='ocr_line' id='line_1_87' title="bbox 1262 1247 2155 1293; baseline -0.001 -10"><span class='ocrx_word' id='word_1_612' title='bbox 1262 1248 1340 1283; x_wconf 85' lang='lat' dir='ltr'><em>hinc</em></span> <span class='ocrx_word' id='word_1_613' title='bbox 1351 1249 1473 1285; x_wconf 79' lang='lat' dir='ltr'><em>Latina</em></span> <span class='ocrx_word' id='word_1_614' title='bbox 1489 1247 1628 1283; x_wconf 85' lang='lat' dir='ltr'><em>Ecclesia</em></span> <span class='ocrx_word' id='word_1_615' title='bbox 1651 1248 1714 1283; x_wconf 90' lang='lat' dir='ltr'><em>suis</em></span> <span class='ocrx_word' id='word_1_616' title='bbox 1727 1248 1897 1293; x_wconf 83' lang='lat' dir='ltr'><em>Episcopis</em></span> <span class='ocrx_word' id='word_1_617' title='bbox 1923 1248 1960 1283; x_wconf 82' lang='lat' dir='ltr'><em>in</em></span> <span class='ocrx_word' id='word_1_618' title='bbox 1977 1250 2155 1284; x_wconf 82' lang='lat' dir='ltr'><em>consecra-</em></span> 
     </span>
     <span class='ocr_line' id='line_1_88' title="bbox 1262 1297 2157 1341; baseline 0.002 -9"><span class='ocrx_word' id='word_1_619' title='bbox 1262 1298 1366 1335; x_wconf 85' lang='lat' dir='ltr'><em>tionis</em></span> <span class='ocrx_word' id='word_1_620' title='bbox 1385 1298 1451 1333; x_wconf 88' lang='lat' dir='ltr'><em>ritu</em></span> <span class='ocrx_word' id='word_1_621' title='bbox 1473 1298 1597 1341; x_wconf 83' lang='lat' dir='ltr'><em>semper</em></span> <span class='ocrx_word' id='word_1_622' title='bbox 1619 1298 1711 1333; x_wconf 87' lang='lat' dir='ltr'><em>dedit</em></span> <span class='ocrx_word' id='word_1_623' title='bbox 1733 1299 1919 1334; x_wconf 63' lang='lat' dir='ltr'><em>annulumr</em></span> <span class='ocrx_word' id='word_1_624' title='bbox 1946 1299 2017 1333; x_wconf 76' lang='lat' dir='ltr'><em>Eos</em></span> <span class='ocrx_word' id='word_1_625' title='bbox 2035 1299 2080 1333; x_wconf 82' lang='lat' dir='ltr'><em>fic</em></span> <span class='ocrx_word' id='word_1_626' title='bbox 2099 1297 2157 1334; x_wconf 80' lang='lat' dir='ltr'><em>de·</em></span> 
     </span>
     <span class='ocr_line' id='line_1_89' title="bbox 1261 1346 1985 1391; baseline -0.001 -10"><span class='ocrx_word' id='word_1_627' title='bbox 1261 1348 1454 1383; x_wconf 81' lang='lat' dir='ltr'><em>monstravit</em></span> <span class='ocrx_word' id='word_1_628' title='bbox 1465 1349 1543 1381; x_wconf 85' lang='lat' dir='ltr'><em>cum</em></span> <span class='ocrx_word' id='word_1_629' title='bbox 1556 1348 1611 1380; x_wconf 89' lang='lat' dir='ltr'><em>sua</em></span> <span class='ocrx_word' id='word_1_630' title='bbox 1623 1347 1766 1381; x_wconf 84' lang='lat' dir='ltr'><em>Ecclesia</em></span> <span class='ocrx_word' id='word_1_631' title='bbox 1778 1346 1961 1391; x_wconf 83' lang='lat' dir='ltr'><em>desponsari</em></span> <span class='ocrx_word' id='word_1_632' title='bbox 1976 1373 1985 1380; x_wconf 92' lang='lat'><strong>.</strong></span> 
     </span>
    </p>

    <p class='ocr_par' dir='ltr' id='par_1_18' title="bbox 1256 1397 2317 2883">
     <span class='ocr_line' id='line_1_90' title="bbox 1312 1397 2158 1442; baseline -0.001 -9"><span class='ocrx_word' id='word_1_633' title='bbox 1312 1397 1368 1433; x_wconf 87' lang='lat' dir='ltr'><em>Est</em></span> <span class='ocrx_word' id='word_1_634' title='bbox 1377 1398 1524 1442; x_wconf 83' lang='lat' dir='ltr'><em>Sponsus</em></span> <span class='ocrx_word' id='word_1_635' title='bbox 1533 1397 1694 1441; x_wconf 86' lang='lat' dir='ltr'><em>coagulus</em></span> <span class='ocrx_word' id='word_1_636' title='bbox 1714 1397 1822 1440; x_wconf 88' lang='lat' dir='ltr'><em>pacis.</em></span> <span class='ocrx_word' id='word_1_637' title='bbox 1853 1397 1910 1432; x_wconf 77' lang='lat' dir='ltr'><em>13st</em></span> <span class='ocrx_word' id='word_1_638' title='bbox 1932 1397 2028 1432; x_wconf 86' lang='lat' dir='ltr'><em>enim</em></span> <span class='ocrx_word' id='word_1_639' title='bbox 2050 1397 2158 1433; x_wconf 73' lang='lat' dir='ltr'><em>totius</em></span> 
     </span>
     <span class='ocr_line' id='line_1_91' title="bbox 1264 1447 2159 1490; baseline 0 -7"><span class='ocrx_word' id='word_1_640' title='bbox 1264 1449 1412 1483; x_wconf 80' lang='lat' dir='ltr'><em>Ecciefiae</em></span> <span class='ocrx_word' id='word_1_641' title='bbox 1435 1448 1568 1490; x_wconf 89' lang='lat' dir='ltr'><em>Caput,</em></span> <span class='ocrx_word' id='word_1_642' title='bbox 1593 1447 1726 1490; x_wconf 81' lang='lat' dir='ltr'><em>&amp;quasi</em></span> <span class='ocrx_word' id='word_1_643' title='bbox 1751 1458 1923 1486; x_wconf 85' lang='lat' dir='ltr'><em>centrum,</em></span> <span class='ocrx_word' id='word_1_644' title='bbox 1948 1447 1983 1480; x_wconf 82' lang='lat' dir='ltr'><em>in</em></span> <span class='ocrx_word' id='word_1_645' title='bbox 1995 1458 2066 1489; x_wconf 85' lang='lat' dir='ltr'><em>quo</em></span> <span class='ocrx_word' id='word_1_646' title='bbox 2084 1459 2159 1483; x_wconf 73' lang='lat' dir='ltr'><em>oux·</em></span> 
     </span>
     <span class='ocr_line' id='line_1_92' title="bbox 1261 1496 2158 1540; baseline 0.002 -9"><span class='ocrx_word' id='word_1_647' title='bbox 1261 1499 1315 1533; x_wconf 87' lang='lat' dir='ltr'><em>nia</em></span> <span class='ocrx_word' id='word_1_648' title='bbox 1337 1498 1406 1540; x_wconf 84' lang='lat' dir='ltr'><em>ejus</em></span> <span class='ocrx_word' id='word_1_649' title='bbox 1429 1496 1574 1530; x_wconf 87' lang='lat' dir='ltr'><em>membra</em></span> <span class='ocrx_word' id='word_1_650' title='bbox 1596 1496 1757 1530; x_wconf 84' lang='lat' dir='ltr'><em>uniuntur</em></span> <span class='ocrx_word' id='word_1_651' title='bbox 1778 1521 1788 1537; x_wconf 86' lang='lat'>,</span> <span class='ocrx_word' id='word_1_652' title='bbox 1814 1498 2004 1532; x_wconf 85' lang='lat' dir='ltr'><em>adunantur</em></span> <span class='ocrx_word' id='word_1_653' title='bbox 2024 1522 2037 1538; x_wconf 90' lang='lat'><strong>,</strong></span> <span class='ocrx_word' id='word_1_654' title='bbox 2061 1497 2096 1532; x_wconf 75' lang='grc' dir='ltr'><em>δι</em></span> <span class='ocrx_word' id='word_1_655' title='bbox 2117 1496 2158 1533; x_wconf 76' lang='lat' dir='ltr'><em>in</em></span> 
     </span>
     <span class='ocr_line' id='line_1_93' title="bbox 1261 1545 2158 1589; baseline 0.001 -8"><span class='ocrx_word' id='word_1_656' title='bbox 1261 1559 1362 1582; x_wconf 90' lang='lat' dir='ltr'><em>unum</em></span> <span class='ocrx_word' id='word_1_657' title='bbox 1387 1558 1506 1589; x_wconf 83' lang='lat' dir='ltr'><em>corpus</em></span> <span class='ocrx_word' id='word_1_658' title='bbox 1525 1556 1793 1589; x_wconf 86' lang='lat' dir='ltr'><em>componuntur.</em></span> <span class='ocrx_word' id='word_1_659' title='bbox 1821 1545 1860 1580; x_wconf 87' lang='lat' dir='ltr'><em>In</em></span> <span class='ocrx_word' id='word_1_660' title='bbox 1883 1547 2003 1582; x_wconf 87' lang='lat' dir='ltr'><em>litteris</em></span> <span class='ocrx_word' id='word_1_661' title='bbox 2021 1546 2064 1582; x_wconf 79' lang='lat' dir='ltr'><em>ad</em></span> <span class='ocrx_word' id='word_1_662' title='bbox 2077 1547 2158 1583; x_wconf 87' lang='lat' dir='ltr'><em>Flo-</em></span> 
     </span>
     <span class='ocr_line' id='line_1_94' title="bbox 1261 1596 2156 1644; baseline 0 -12"><span class='ocrx_word' id='word_1_663' title='bbox 1261 1599 1404 1632; x_wconf 86' lang='lat' dir='ltr'><em>rentium</em></span> <span class='ocrx_word' id='word_1_664' title='bbox 1425 1597 1613 1640; x_wconf 82' lang='lat' dir='ltr'><em>Pupianum</em></span> <span class='ocrx_word' id='word_1_665' title='bbox 1637 1596 1967 1640; x_wconf 66' lang='lat' dir='ltr'><em>sanstuscyprianus</em></span> <span class='ocrx_word' id='word_1_666' title='bbox 1986 1597 2156 1644; x_wconf 78' lang='lat' dir='ltr'><em>insigniter</em></span> 
     </span>
     <span class='ocr_line' id='line_1_95' title="bbox 1260 1642 2288 1689; baseline -0.001 -6"><span class='ocrx_word' id='word_1_667' title='bbox 1260 1648 1378 1683; x_wconf 85' lang='lat' dir='ltr'><em>definit</em></span> <span class='ocrx_word' id='word_1_668' title='bbox 1389 1646 1569 1681; x_wconf 81' lang='lat' dir='ltr'><em>Ecclesiam</em></span> <span class='ocrx_word' id='word_1_669' title='bbox 1582 1659 1594 1679; x_wconf 88' lang='lat'><em>.·</em></span> <span class='ocrx_word' id='word_1_670' title='bbox 1619 1648 1650 1678; x_wconf 85' lang='lat' dir='ltr'><em>E</em></span> <span class='ocrx_word' id='word_1_671' title='bbox 1653 1646 1751 1688; x_wconf 76' lang='lat' dir='ltr'><em>eclesia</em></span> <span class='ocrx_word' id='word_1_672' title='bbox 1765 1646 1804 1687; x_wconf 79' lang='lat' dir='ltr'><em>esl</em></span> <span class='ocrx_word' id='word_1_673' title='bbox 1815 1647 1903 1689; x_wconf 84' lang='lat' dir='ltr'><em>plebs</em></span> <span class='ocrx_word' id='word_1_674' title='bbox 1913 1648 2070 1682; x_wconf 77' lang='lat' dir='ltr'><em>Sacerdoti</em></span> <span class='ocrx_word' id='word_1_675' title='bbox 2079 1648 2158 1682; x_wconf 74' lang='lat' dir='ltr'><em>adu-</em></span> <span class='ocrx_word' id='word_1_676' title='bbox 2171 1644 2221 1682; x_wconf 69' lang='grc' dir='ltr'><em>ΕΡ·</em></span> <span class='ocrx_word' id='word_1_677' title='bbox 2238 1642 2288 1682; x_wconf 66' lang='lat'><em>69·-</em></span> 
     </span>
     <span class='ocr_line' id='line_1_96' title="bbox 1260 1696 2154 1742; baseline 0 -12"><span class='ocrx_word' id='word_1_678' title='bbox 1260 1706 1354 1738; x_wconf 82' lang='lat' dir='ltr'><em>nata,</em></span> <span class='ocrx_word' id='word_1_679' title='bbox 1380 1699 1414 1732; x_wconf 69' lang='grc'>6</span> <span class='ocrx_word' id='word_1_680' title='bbox 1428 1696 1541 1737; x_wconf 81' lang='lat' dir='ltr'><em>Pastori</em></span> <span class='ocrx_word' id='word_1_681' title='bbox 1551 1696 1606 1740; x_wconf 88' lang='lat' dir='ltr'><em>suo</em></span> <span class='ocrx_word' id='word_1_682' title='bbox 1608 1709 1688 1740; x_wconf 78' lang='lat' dir='ltr'><em>grex</em></span> <span class='ocrx_word' id='word_1_683' title='bbox 1697 1696 1862 1735; x_wconf 73' lang='lat' dir='ltr'><em>adhaerens</em></span> <span class='ocrx_word' id='word_1_684' title='bbox 1875 1722 1883 1730; x_wconf 92' lang='lat'><strong>.</strong></span> <span class='ocrx_word' id='word_1_685' title='bbox 1915 1697 1960 1731; x_wconf 87' lang='lat' dir='ltr'><em>Et</em></span> <span class='ocrx_word' id='word_1_686' title='bbox 1982 1696 2154 1742; x_wconf 80' lang='lat' dir='ltr'><em>adjungit:</em></span> 
     </span>
     <span class='ocr_line' id='line_1_97' title="bbox 1261 1745 2156 1791; baseline -0.001 -9"><span class='ocrx_word' id='word_1_687' title='bbox 1261 1751 1346 1783; x_wconf 67' lang='lat' dir='ltr'><em>Unde*</em></span> <span class='ocrx_word' id='word_1_688' title='bbox 1354 1746 1428 1791; x_wconf 87' lang='lat' dir='ltr'><em>scire</em></span> <span class='ocrx_word' id='word_1_689' title='bbox 1448 1747 1539 1780; x_wconf 85' lang='lat' dir='ltr'><em>debes</em></span> <span class='ocrx_word' id='word_1_690' title='bbox 1552 1745 1734 1789; x_wconf 83' lang='lat' dir='ltr'><em>Episcopum</em></span> <span class='ocrx_word' id='word_1_691' title='bbox 1757 1754 1790 1780; x_wconf 86' lang='lat' dir='ltr'><em>in</em></span> <span class='ocrx_word' id='word_1_692' title='bbox 1804 1745 1932 1789; x_wconf 81' lang='lat' dir='ltr'><em>Ecclefia</em></span> <span class='ocrx_word' id='word_1_693' title='bbox 1950 1749 2025 1791; x_wconf 81' lang='lat' dir='ltr'><em>effe,</em></span> <span class='ocrx_word' id='word_1_694' title='bbox 2051 1749 2156 1782; x_wconf 64' lang='lat' dir='ltr'><em>&amp;Ec-</em></span> 
     </span>
     <span class='ocr_line' id='line_1_98' title="bbox 1261 1796 2157 1842; baseline -0.002 -9"><span class='ocrx_word' id='word_1_695' title='bbox 1261 1797 1371 1842; x_wconf 81' lang='lat' dir='ltr'><em>clefiam</em></span> <span class='ocrx_word' id='word_1_696' title='bbox 1382 1805 1415 1831; x_wconf 80' lang='lat' dir='ltr'><em>in</em></span> <span class='ocrx_word' id='word_1_697' title='bbox 1429 1797 1573 1840; x_wconf 74' lang='lat' dir='ltr'><em>Episcopo</em></span> <span class='ocrx_word' id='word_1_698' title='bbox 1585 1821 1592 1829; x_wconf 87' lang='lat'><em>.</em></span> <span class='ocrx_word' id='word_1_699' title='bbox 1621 1800 1667 1831; x_wconf 77' lang='lat' dir='ltr'><em>Et</em></span> <span class='ocrx_word' id='word_1_700' title='bbox 1672 1796 1775 1840; x_wconf 72' lang='lat' dir='ltr'><em>siquis</em></span> <span class='ocrx_word' id='word_1_701' title='bbox 1786 1809 1851 1831; x_wconf 84' lang='lat' dir='ltr'><em>cum</em></span> <span class='ocrx_word' id='word_1_702' title='bbox 1862 1796 2008 1842; x_wconf 83' lang='lat' dir='ltr'><em>Episcopo</em></span> <span class='ocrx_word' id='word_1_703' title='bbox 2027 1796 2132 1839; x_wconf 69' lang='lat' dir='ltr'><em>nonsit</em></span> <span class='ocrx_word' id='word_1_704' title='bbox 2141 1821 2157 1837; x_wconf 87' lang='lat'>‚</span> 
     </span>
     <span class='ocr_line' id='line_1_99' title="bbox 1261 1846 2156 1891; baseline -0.003 -8"><span class='ocrx_word' id='word_1_705' title='bbox 1261 1856 1293 1883; x_wconf 83' lang='lat' dir='ltr'><em>in</em></span> <span class='ocrx_word' id='word_1_706' title='bbox 1307 1846 1432 1891; x_wconf 71' lang='lat' dir='ltr'><em>Ecclesia</em></span> <span class='ocrx_word' id='word_1_707' title='bbox 1444 1859 1501 1880; x_wconf 88' lang='lat' dir='ltr'><em>non</em></span> <span class='ocrx_word' id='word_1_708' title='bbox 1513 1849 1563 1890; x_wconf 59' lang='lat' dir='ltr'><em>effla</em></span> <span class='ocrx_word' id='word_1_709' title='bbox 1575 1871 1582 1878; x_wconf 90' lang='lat'>.</span> <span class='ocrx_word' id='word_1_710' title='bbox 1607 1850 1637 1880; x_wconf 84' lang='grc' dir='ltr'><strong><em>Ε</em></strong></span> <span class='ocrx_word' id='word_1_711' title='bbox 1640 1855 1653 1877; x_wconf 88' lang='lat' dir='ltr'><em>t</em></span> <span class='ocrx_word' id='word_1_712' title='bbox 1657 1847 1774 1887; x_wconf 66' lang='lat' dir='ltr'><em>fristra</em></span> <span class='ocrx_word' id='word_1_713' title='bbox 1792 1847 1849 1888; x_wconf 83' lang='lat' dir='ltr'><em>fibi</em></span> <span class='ocrx_word' id='word_1_714' title='bbox 1859 1849 1996 1881; x_wconf 82' lang='lat' dir='ltr'><em>blandiri</em></span> <span class='ocrx_word' id='word_1_715' title='bbox 2005 1859 2071 1888; x_wconf 82' lang='lat' dir='ltr'><em>eos,</em></span> <span class='ocrx_word' id='word_1_716' title='bbox 2097 1852 2156 1891; x_wconf 69' lang='lat' dir='ltr'><em>que</em></span> 
     </span>
     <span class='ocr_line' id='line_1_100' title="bbox 1256 1897 2155 1943; baseline -0.003 -10"><span class='ocrx_word' id='word_1_717' title='bbox 1256 1908 1361 1943; x_wconf 88' lang='lat' dir='ltr'><em>pacem</em></span> <span class='ocrx_word' id='word_1_718' title='bbox 1379 1910 1446 1932; x_wconf 87' lang='lat' dir='ltr'><em>cum</em></span> <span class='ocrx_word' id='word_1_719' title='bbox 1459 1902 1515 1932; x_wconf 86' lang='lat' dir='ltr'><em>Dei</em></span> <span class='ocrx_word' id='word_1_720' title='bbox 1528 1899 1548 1931; x_wconf 89' lang='lat'><em>5</em></span> <span class='ocrx_word' id='word_1_721' title='bbox 1551 1897 1734 1930; x_wconf 76' lang='lat' dir='ltr'><em>acerdotibus</em></span> <span class='ocrx_word' id='word_1_722' title='bbox 1756 1908 1813 1929; x_wconf 88' lang='lat' dir='ltr'><em>non</em></span> <span class='ocrx_word' id='word_1_723' title='bbox 1824 1897 1970 1931; x_wconf 82' lang='lat' dir='ltr'><em>habentes</em></span> <span class='ocrx_word' id='word_1_724' title='bbox 1989 1898 2155 1939; x_wconf 65' lang='lat' dir='ltr'><em>obreptum</em></span> 
     </span>
     <span class='ocr_line' id='line_1_101' title="bbox 1261 1945 2152 1990; baseline -0.004 -6"><span class='ocrx_word' id='word_1_725' title='bbox 1261 1952 1434 1985; x_wconf 67' lang='lat' dir='ltr'><em>&amp;latenter</em></span> <span class='ocrx_word' id='word_1_726' title='bbox 1454 1949 1540 1989; x_wconf 82' lang='lat' dir='ltr'><em>apud</em></span> <span class='ocrx_word' id='word_1_727' title='bbox 1552 1945 1696 1990; x_wconf 85' lang='lat' dir='ltr'><em>quosdam</em></span> <span class='ocrx_word' id='word_1_728' title='bbox 1715 1951 1929 1980; x_wconf 83' lang='lat' dir='ltr'><em>communicare</em></span> <span class='ocrx_word' id='word_1_729' title='bbox 1944 1947 1980 1990; x_wconf 81' lang='lat' dir='ltr'><em>se</em></span> <span class='ocrx_word' id='word_1_730' title='bbox 2000 1949 2128 1981; x_wconf 74' lang='lat' dir='ltr'><em>credunt</em></span> <span class='ocrx_word' id='word_1_731' title='bbox 2138 1971 2152 1988; x_wconf 88' lang='lat'>,</span> 
     </span>
     <span class='ocr_line' id='line_1_102' title="bbox 1262 1995 2154 2043; baseline -0.006 -9"><span class='ocrx_word' id='word_1_732' title='bbox 1262 2001 1382 2043; x_wconf 85' lang='lat' dir='ltr'><em>quando</em></span> <span class='ocrx_word' id='word_1_733' title='bbox 1402 1997 1551 2038; x_wconf 81' lang='lat' dir='ltr'><em>Ecclesia,</em></span> <span class='ocrx_word' id='word_1_734' title='bbox 1577 2008 1645 2039; x_wconf 85' lang='lat' dir='ltr'><em>quae</em></span> <span class='ocrx_word' id='word_1_735' title='bbox 1656 1995 1812 2031; x_wconf 76' lang='lat' dir='ltr'><em>catholica</em></span> <span class='ocrx_word' id='word_1_736' title='bbox 1832 2007 1896 2030; x_wconf 80' lang='lat' dir='ltr'><em>una</em></span> <span class='ocrx_word' id='word_1_737' title='bbox 1905 1995 1944 2038; x_wconf 83' lang='lat' dir='ltr'><em>est</em></span> <span class='ocrx_word' id='word_1_738' title='bbox 1957 2021 1968 2037; x_wconf 91' lang='lat'><em>‚</em></span> <span class='ocrx_word' id='word_1_739' title='bbox 1986 1996 2074 2041; x_wconf 73' lang='lat' dir='ltr'><em>sciffo</em></span> <span class='ocrx_word' id='word_1_740' title='bbox 2093 2006 2154 2030; x_wconf 81' lang='lat' dir='ltr'><em>nm</em></span> 
     </span>
     <span class='ocr_line' id='line_1_103' title="bbox 1256 2045 2154 2093; baseline -0.003 -9"><span class='ocrx_word' id='word_1_741' title='bbox 1256 2049 1296 2092; x_wconf 83' lang='lat' dir='ltr'><em>fit</em></span> <span class='ocrx_word' id='word_1_742' title='bbox 1307 2075 1319 2092; x_wconf 91' lang='lat'><strong>,</strong></span> <span class='ocrx_word' id='word_1_743' title='bbox 1346 2060 1440 2093; x_wconf 83' lang='lat' dir='ltr'><em>neque</em></span> <span class='ocrx_word' id='word_1_744' title='bbox 1454 2046 1559 2090; x_wconf 73' lang='lat' dir='ltr'><em>divisa</em></span> <span class='ocrx_word' id='word_1_745' title='bbox 1568 2071 1579 2087; x_wconf 89' lang='lat'>,</span> <span class='ocrx_word' id='word_1_746' title='bbox 1601 2045 1703 2090; x_wconf 82' lang='lat' dir='ltr'><em>sedfit</em></span> <span class='ocrx_word' id='word_1_747' title='bbox 1715 2046 1826 2090; x_wconf 84' lang='lat' dir='ltr'><em>ubique</em></span> <span class='ocrx_word' id='word_1_748' title='bbox 1836 2057 1971 2081; x_wconf 76' lang='lat' dir='ltr'><em>connexa</em></span> <span class='ocrx_word' id='word_1_749' title='bbox 1980 2072 1992 2089; x_wconf 93' lang='lat'>,</span> <span class='ocrx_word' id='word_1_750' title='bbox 2018 2048 2053 2082; x_wconf 64' lang='lat' dir='ltr'><em>Gt</em></span> <span class='ocrx_word' id='word_1_751' title='bbox 2061 2045 2154 2081; x_wconf 71' lang='lat' dir='ltr'><em>coba·</em></span> 
     </span>
     <span class='ocr_line' id='line_1_104' title="bbox 1263 2096 2154 2143; baseline -0.008 -8"><span class='ocrx_word' id='word_1_752' title='bbox 1263 2106 1396 2135; x_wconf 79' lang='lat' dir='ltr'><em>rentium</em></span> <span class='ocrx_word' id='word_1_753' title='bbox 1413 2098 1469 2142; x_wconf 86' lang='lat' dir='ltr'><em>fibi</em></span> <span class='ocrx_word' id='word_1_754' title='bbox 1489 2102 1620 2131; x_wconf 83' lang='lat' dir='ltr'><em>invicem</em></span> <span class='ocrx_word' id='word_1_755' title='bbox 1644 2099 1835 2132; x_wconf 79' lang='lat' dir='ltr'><em>sacerdotum</em></span> <span class='ocrx_word' id='word_1_756' title='bbox 1855 2098 1976 2143; x_wconf 81' lang='lat' dir='ltr'><em>glutino</em></span> <span class='ocrx_word' id='word_1_757' title='bbox 1997 2096 2154 2139; x_wconf 73' lang='lat' dir='ltr'><em>copulata.</em></span> 
     </span>
     <span class='ocr_line' id='line_1_105' title="bbox 1266 2146 2161 2192; baseline -0.004 -6"><span class='ocrx_word' id='word_1_758' title='bbox 1266 2151 1417 2186; x_wconf 81' lang='lat' dir='ltr'><em>Affirmat</em></span> <span class='ocrx_word' id='word_1_759' title='bbox 1431 2149 1611 2192; x_wconf 66' lang='lat' dir='ltr'><em>episcopos</em></span> <span class='ocrx_word' id='word_1_760' title='bbox 1632 2158 1701 2182; x_wconf 88' lang='lat' dir='ltr'><em>non</em></span> <span class='ocrx_word' id='word_1_761' title='bbox 1714 2148 1792 2182; x_wconf 85' lang='lat' dir='ltr'><em>solis</em></span> <span class='ocrx_word' id='word_1_762' title='bbox 1809 2148 1873 2182; x_wconf 79' lang='lat' dir='ltr'><em>suae</em></span> <span class='ocrx_word' id='word_1_763' title='bbox 1891 2146 2041 2183; x_wconf 85' lang='lat' dir='ltr'><em>Ecclefiae</em></span> <span class='ocrx_word' id='word_1_764' title='bbox 2052 2157 2161 2182; x_wconf 76' lang='lat' dir='ltr'><em>mem-—</em></span> 
     </span>
     <span class='ocr_line' id='line_1_106' title="bbox 1265 2195 2155 2242; baseline -0.006 -7"><span class='ocrx_word' id='word_1_765' title='bbox 1265 2200 1331 2235; x_wconf 84' lang='lat' dir='ltr'><em>bris</em></span> <span class='ocrx_word' id='word_1_766' title='bbox 1343 2225 1355 2242; x_wconf 88' lang='lat'><em>,</em></span> <span class='ocrx_word' id='word_1_767' title='bbox 1380 2199 1434 2235; x_wconf 87' lang='lat' dir='ltr'><em>sed</em></span> <span class='ocrx_word' id='word_1_768' title='bbox 1447 2200 1548 2234; x_wconf 85' lang='lat' dir='ltr'><em>etiam</em></span> <span class='ocrx_word' id='word_1_769' title='bbox 1566 2199 1694 2232; x_wconf 69' lang='lat' dir='ltr'><em>cunctis</em></span> <span class='ocrx_word' id='word_1_770' title='bbox 1704 2228 1706 2230; x_wconf 76' lang='grc'>,</span> <span class='ocrx_word' id='word_1_771' title='bbox 1715 2197 1788 2232; x_wconf 82' lang='lat' dir='ltr'><em>aliis</em></span> <span class='ocrx_word' id='word_1_772' title='bbox 1800 2196 1986 2233; x_wconf 82' lang='lat' dir='ltr'><em>Catholicis</em></span> <span class='ocrx_word' id='word_1_773' title='bbox 2000 2195 2155 2232; x_wconf 84' lang='lat' dir='ltr'><em>Ecclesiis</em></span> 
     </span>
     <span class='ocr_line' id='line_1_107' title="bbox 1266 2246 2156 2293; baseline -0.006 -7"><span class='ocrx_word' id='word_1_774' title='bbox 1266 2251 1328 2286; x_wconf 74' lang='lat' dir='ltr'><em>esse</em></span> <span class='ocrx_word' id='word_1_775' title='bbox 1339 2250 1474 2285; x_wconf 85' lang='lat' dir='ltr'><em>unitatis</em></span> <span class='ocrx_word' id='word_1_776' title='bbox 1496 2247 1666 2293; x_wconf 88' lang='lat' dir='ltr'><em>glutinum</em></span> <span class='ocrx_word' id='word_1_777' title='bbox 1687 2248 1742 2282; x_wconf 88' lang='lat' dir='ltr'><em>seu</em></span> <span class='ocrx_word' id='word_1_778' title='bbox 1762 2248 1961 2293; x_wconf 77' lang='lat' dir='ltr'><em>coagulum:</em></span> <span class='ocrx_word' id='word_1_779' title='bbox 1988 2246 2063 2283; x_wconf 75' lang='lat' dir='ltr'><em>Esse</em></span> <span class='ocrx_word' id='word_1_780' title='bbox 2072 2247 2156 2282; x_wconf 82' lang='lat' dir='ltr'><em>fibu-</em></span> 
     </span>
     <span class='ocr_line' id='line_1_108' title="bbox 1266 2297 2156 2344; baseline -0.002 -11"><span class='ocrx_word' id='word_1_781' title='bbox 1266 2301 1332 2335; x_wconf 85' lang='lat' dir='ltr'><em>lam</em></span> <span class='ocrx_word' id='word_1_782' title='bbox 1342 2326 1354 2342; x_wconf 94' lang='lat'>,</span> <span class='ocrx_word' id='word_1_783' title='bbox 1381 2310 1445 2344; x_wconf 87' lang='lat' dir='ltr'><em>qua</em></span> <span class='ocrx_word' id='word_1_784' title='bbox 1457 2300 1579 2334; x_wconf 70' lang='lat' dir='ltr'><em>cunc&#39;tae</em></span> <span class='ocrx_word' id='word_1_785' title='bbox 1590 2297 1649 2332; x_wconf 90' lang='lat' dir='ltr'><em>sub</em></span> <span class='ocrx_word' id='word_1_786' title='bbox 1672 2297 1759 2333; x_wconf 86' lang='lat' dir='ltr'><em>coelo</em></span> <span class='ocrx_word' id='word_1_787' title='bbox 1770 2298 1948 2344; x_wconf 84' lang='lat' dir='ltr'><em>singulares</em></span> <span class='ocrx_word' id='word_1_788' title='bbox 1959 2298 2106 2333; x_wconf 77' lang='lat' dir='ltr'><em>Ecclesiae</em></span> <span class='ocrx_word' id='word_1_789' title='bbox 2118 2297 2156 2332; x_wconf 76' lang='lat' dir='ltr'><em>in</em></span> 
     </span>
     <span class='ocr_line' id='line_1_109' title="bbox 1267 2347 2157 2394; baseline -0.001 -13"><span class='ocrx_word' id='word_1_790' title='bbox 1267 2359 1368 2381; x_wconf 87' lang='lat' dir='ltr'><em>unam</em></span> <span class='ocrx_word' id='word_1_791' title='bbox 1405 2347 1617 2380; x_wconf 80' lang='lat' dir='ltr'><em>catholicam</em></span> <span class='ocrx_word' id='word_1_792' title='bbox 1646 2347 1826 2382; x_wconf 83' lang='lat' dir='ltr'><em>Ecclesiam</em></span> <span class='ocrx_word' id='word_1_793' title='bbox 1856 2350 2157 2394; x_wconf 76' lang='lat' dir='ltr'><em>compaginantur.</em></span> 
     </span>
     <span class='ocr_line' id='line_1_110' title="bbox 1268 2394 2155 2439; baseline 0.001 -9"><span class='ocrx_word' id='word_1_794' title='bbox 1268 2396 1341 2430; x_wconf 83' lang='lat' dir='ltr'><em>Esse</em></span> <span class='ocrx_word' id='word_1_795' title='bbox 1357 2396 1420 2429; x_wconf 81' lang='lat' dir='ltr'><em>suae</em></span> <span class='ocrx_word' id='word_1_796' title='bbox 1441 2394 1591 2428; x_wconf 85' lang='lat' dir='ltr'><em>Ecclefiae</em></span> <span class='ocrx_word' id='word_1_797' title='bbox 1610 2405 1679 2427; x_wconf 88' lang='lat' dir='ltr'><em>non</em></span> <span class='ocrx_word' id='word_1_798' title='bbox 1700 2395 1871 2430; x_wconf 85' lang='lat' dir='ltr'><em>dumtaxat</em></span> <span class='ocrx_word' id='word_1_799' title='bbox 1893 2408 1992 2439; x_wconf 85' lang='lat' dir='ltr'><em>caput</em></span> <span class='ocrx_word' id='word_1_800' title='bbox 2005 2421 2018 2437; x_wconf 94' lang='lat'>,</span> <span class='ocrx_word' id='word_1_801' title='bbox 2043 2398 2097 2431; x_wconf 79' lang='lat' dir='ltr'><em>sed</em></span> <span class='ocrx_word' id='word_1_802' title='bbox 2120 2397 2155 2430; x_wconf 74' lang='grc' dir='ltr'><em>δε</em></span> 
     </span>
     <span class='ocr_line' id='line_1_111' title="bbox 1267 2443 2156 2490; baseline -0.002 -10"><span class='ocrx_word' id='word_1_803' title='bbox 1267 2445 1355 2490; x_wconf 88' lang='lat' dir='ltr'><em>quasi</em></span> <span class='ocrx_word' id='word_1_804' title='bbox 1367 2454 1517 2479; x_wconf 86' lang='lat' dir='ltr'><em>centrum</em></span> <span class='ocrx_word' id='word_1_805' title='bbox 1529 2467 1540 2483; x_wconf 89' lang='lat'>,</span> <span class='ocrx_word' id='word_1_806' title='bbox 1561 2443 1596 2476; x_wconf 88' lang='lat' dir='ltr'><em>in</em></span> <span class='ocrx_word' id='word_1_807' title='bbox 1611 2443 1702 2486; x_wconf 91' lang='lat' dir='ltr'><em>quod</em></span> <span class='ocrx_word' id='word_1_808' title='bbox 1714 2454 1916 2480; x_wconf 86' lang='lat' dir='ltr'><em>concurrunt</em></span> <span class='ocrx_word' id='word_1_809' title='bbox 1926 2445 2073 2480; x_wconf 81' lang='lat' dir='ltr'><em>membra</em></span> <span class='ocrx_word' id='word_1_810' title='bbox 2082 2454 2156 2480; x_wconf 89' lang='lat' dir='ltr'><em>om-</em></span> 
     </span>
     <span class='ocr_line' id='line_1_112' title="bbox 1267 2494 2305 2539; baseline -0.001 -9"><span class='ocrx_word' id='word_1_811' title='bbox 1267 2497 1322 2530; x_wconf 90' lang='lat' dir='ltr'><em>nia</em></span> <span class='ocrx_word' id='word_1_812' title='bbox 1332 2519 1343 2536; x_wconf 90' lang='lat'>,</span> <span class='ocrx_word' id='word_1_813' title='bbox 1370 2495 1404 2529; x_wconf 85' lang='lat'>&amp;</span> <span class='ocrx_word' id='word_1_814' title='bbox 1418 2495 1450 2528; x_wconf 87' lang='lat' dir='ltr'><em>in</em></span> <span class='ocrx_word' id='word_1_815' title='bbox 1464 2503 1568 2527; x_wconf 89' lang='lat' dir='ltr'><em>unum</em></span> <span class='ocrx_word' id='word_1_816' title='bbox 1578 2504 1694 2537; x_wconf 87' lang='lat' dir='ltr'><em>corpus</em></span> <span class='ocrx_word' id='word_1_817' title='bbox 1703 2494 1937 2529; x_wconf 85' lang='lat' dir='ltr'><em>coordinantur</em></span> <span class='ocrx_word' id='word_1_818' title='bbox 1947 2520 1955 2527; x_wconf 98' lang='lat'>.</span> <span class='ocrx_word' id='word_1_819' title='bbox 1983 2494 2027 2530; x_wconf 87' lang='lat' dir='ltr'><em>Et</em></span> <span class='ocrx_word' id='word_1_820' title='bbox 2039 2495 2074 2529; x_wconf 82' lang='lat' dir='ltr'><em>in</em></span> <span class='ocrx_word' id='word_1_821' title='bbox 2085 2494 2155 2539; x_wconf 85' lang='lat' dir='ltr'><em>epi·</em></span> <span class='ocrx_word' id='word_1_822' title='bbox 2302 2534 2305 2538; x_wconf 29' lang='lat'>¹</span> 
     </span>
     <span class='ocr_line' id='line_1_113' title="bbox 1269 2540 2317 2589; baseline -0.003 -9"><span class='ocrx_word' id='word_1_823' title='bbox 1269 2547 1351 2580; x_wconf 91' lang='lat' dir='ltr'><em>stola</em></span> <span class='ocrx_word' id='word_1_824' title='bbox 1362 2545 1403 2580; x_wconf 89' lang='lat' dir='ltr'><em>ad</em></span> <span class='ocrx_word' id='word_1_825' title='bbox 1416 2545 1539 2588; x_wconf 86' lang='lat' dir='ltr'><em>Lapsos</em></span> <span class='ocrx_word' id='word_1_826' title='bbox 1550 2544 1679 2579; x_wconf 90' lang='lat' dir='ltr'><em>scribit:</em></span> <span class='ocrx_word' id='word_1_827' title='bbox 1707 2542 1834 2586; x_wconf 74' lang='lat' dir='ltr'><em>Ecclesia</em></span> <span class='ocrx_word' id='word_1_828' title='bbox 1855 2545 1894 2587; x_wconf 71' lang='lat' dir='ltr'><em>ess</em></span> <span class='ocrx_word' id='word_1_829' title='bbox 1905 2550 1940 2579; x_wconf 81' lang='lat' dir='ltr'><em>in</em></span> <span class='ocrx_word' id='word_1_830' title='bbox 1952 2543 2097 2589; x_wconf 80' lang='lat' dir='ltr'><em>Episcopo</em></span> <span class='ocrx_word' id='word_1_831' title='bbox 2117 2546 2155 2580; x_wconf 64' lang='grc' dir='ltr'><em>Θ</em></span> <span class='ocrx_word' id='word_1_832' title='bbox 2168 2544 2251 2585; x_wconf 78' lang='lat' dir='ltr'><em>Epist.</em></span> <span class='ocrx_word' id='word_1_833' title='bbox 2259 2540 2317 2582; x_wconf 51' lang='grc' dir='ltr'><em>κζ’</em></span> 
     </span>
     <span class='ocr_line' id='line_1_114' title="bbox 1266 2594 2154 2637; baseline 0.001 -9"><span class='ocrx_word' id='word_1_834' title='bbox 1266 2597 1353 2630; x_wconf 77' lang='lat' dir='ltr'><em>clero</em></span> <span class='ocrx_word' id='word_1_835' title='bbox 1377 2618 1389 2635; x_wconf 89' lang='lat'>‚</span> <span class='ocrx_word' id='word_1_836' title='bbox 1413 2597 1448 2629; x_wconf 69' lang='lat'><em>&amp;</em></span> <span class='ocrx_word' id='word_1_837' title='bbox 1471 2594 1606 2628; x_wconf 85' lang='lat' dir='ltr'><em>omnibus</em></span> <span class='ocrx_word' id='word_1_838' title='bbox 1632 2594 1789 2628; x_wconf 76' lang='lat' dir='ltr'><em>stantibus</em></span> <span class='ocrx_word' id='word_1_839' title='bbox 1809 2594 1965 2635; x_wconf 80' lang='lat' dir='ltr'><em>constituta</em></span> <span class='ocrx_word' id='word_1_840' title='bbox 1986 2619 1996 2629; x_wconf 85' lang='grc'><strong>.</strong></span> <span class='ocrx_word' id='word_1_841' title='bbox 2023 2594 2154 2637; x_wconf 80' lang='lat' dir='ltr'><em>Ecclefiae</em></span> 
     </span>
     <span class='ocr_line' id='line_1_115' title="bbox 1264 2644 2152 2690; baseline 0 -10"><span class='ocrx_word' id='word_1_842' title='bbox 1264 2645 1355 2690; x_wconf 83' lang='lat' dir='ltr'><em>super·</em></span> <span class='ocrx_word' id='word_1_843' title='bbox 1374 2644 1555 2690; x_wconf 86' lang='lat' dir='ltr'><em>Episcopum</em></span> <span class='ocrx_word' id='word_1_844' title='bbox 1573 2644 1755 2685; x_wconf 81' lang='lat' dir='ltr'><em>constituitur</em></span> <span class='ocrx_word' id='word_1_845' title='bbox 1766 2669 1776 2685; x_wconf 91' lang='lat'>‚</span> <span class='ocrx_word' id='word_1_846' title='bbox 1804 2644 1837 2679; x_wconf 91' lang='lat' dir='ltr'><em>id</em></span> <span class='ocrx_word' id='word_1_847' title='bbox 1849 2646 1894 2679; x_wconf 86' lang='lat' dir='ltr'><em>est</em></span> <span class='ocrx_word' id='word_1_848' title='bbox 1906 2670 1916 2686; x_wconf 91' lang='lat'><strong>,</strong></span> <span class='ocrx_word' id='word_1_849' title='bbox 1943 2644 2102 2680; x_wconf 84' lang='lat' dir='ltr'><em>fundatur</em></span> <span class='ocrx_word' id='word_1_850' title='bbox 2111 2655 2152 2680; x_wconf 73' lang='lat' dir='ltr'><em>nc</em></span> 
     </span>
     <span class='ocr_line' id='line_1_116' title="bbox 1267 2693 2154 2741; baseline -0.001 -10"><span class='ocrx_word' id='word_1_851' title='bbox 1267 2696 1445 2731; x_wconf 76' lang='lat' dir='ltr'><em>aedificatus</em></span> <span class='ocrx_word' id='word_1_852' title='bbox 1468 2719 1480 2736; x_wconf 90' lang='lat'><em>‚</em></span> <span class='ocrx_word' id='word_1_853' title='bbox 1520 2697 1555 2729; x_wconf 65' lang='grc' dir='ltr'>Θ</span> <span class='ocrx_word' id='word_1_854' title='bbox 1576 2700 1672 2728; x_wconf 84' lang='lat' dir='ltr'><em>omnis</em></span> <span class='ocrx_word' id='word_1_855' title='bbox 1699 2695 1784 2729; x_wconf 67' lang='lat' dir='ltr'><em>allus</em></span> <span class='ocrx_word' id='word_1_856' title='bbox 1806 2693 1942 2738; x_wconf 80' lang='lat' dir='ltr'><em>Ecclefiae</em></span> <span class='ocrx_word' id='word_1_857' title='bbox 1963 2704 2019 2738; x_wconf 87' lang='lat' dir='ltr'><em>per</em></span> <span class='ocrx_word' id='word_1_858' title='bbox 2036 2693 2154 2741; x_wconf 71' lang='lat' dir='ltr'><em>eosdem</em></span> 
     </span>
     <span class='ocr_line' id='line_1_117' title="bbox 1269 2744 2153 2792; baseline -0.002 -10"><span class='ocrx_word' id='word_1_859' title='bbox 1269 2744 1440 2790; x_wconf 80' lang='lat' dir='ltr'><em>Praepofim</em></span> <span class='ocrx_word' id='word_1_860' title='bbox 1461 2745 1646 2790; x_wconf 85' lang='lat' dir='ltr'><em>gubernatur</em></span> <span class='ocrx_word' id='word_1_861' title='bbox 1672 2771 1680 2778; x_wconf 93' lang='lat'>.</span> <span class='ocrx_word' id='word_1_862' title='bbox 1709 2745 1820 2780; x_wconf 87' lang='lat' dir='ltr'><em>Etiam</em></span> <span class='ocrx_word' id='word_1_863' title='bbox 1846 2746 1976 2790; x_wconf 83' lang='lat' dir='ltr'><em>Martyt</em></span> <span class='ocrx_word' id='word_1_864' title='bbox 2003 2746 2153 2792; x_wconf 66' lang='lat' dir='ltr'><em>ignatius</em></span> 
     </span>
     <span class='ocr_line' id='line_1_118' title="bbox 1269 2796 2155 2841; baseline -0.001 -9"><span class='ocrx_word' id='word_1_865' title='bbox 1269 2798 1409 2832; x_wconf 89' lang='lat' dir='ltr'><em>affirmat</em></span> <span class='ocrx_word' id='word_1_866' title='bbox 1421 2796 1594 2831; x_wconf 82' lang='lat' dir='ltr'><em>Ecclesiam</em></span> <span class='ocrx_word' id='word_1_867' title='bbox 1608 2797 1673 2831; x_wconf 82' lang='lat' dir='ltr'><em>effe</em></span> <span class='ocrx_word' id='word_1_868' title='bbox 1684 2797 1843 2841; x_wconf 87' lang='lat' dir='ltr'><em>populum</em></span> <span class='ocrx_word' id='word_1_869' title='bbox 1857 2796 2025 2841; x_wconf 87' lang='lat' dir='ltr'><em>Episcopo</em></span> <span class='ocrx_word' id='word_1_870' title='bbox 2032 2796 2155 2832; x_wconf 73' lang='lat' dir='ltr'><em>aduna-</em></span> 
     </span>
     <span class='ocr_line' id='line_1_119' title="bbox 1268 2858 1357 2883; baseline 0.011 -1"><span class='ocrx_word' id='word_1_871' title='bbox 1268 2858 1338 2883; x_wconf 90' lang='lat' dir='ltr'><em>tum</em></span> <span class='ocrx_word' id='word_1_872' title='bbox 1349 2873 1357 2883; x_wconf 84' lang='lat'><strong>.</strong></span> 
     </span>
    </p>

    <p class='ocr_par' dir='ltr' id='par_1_19' title="bbox 1267 2893 2319 3343">
     <span class='ocr_line' id='line_1_120' title="bbox 1319 2893 2152 2942; baseline -0.005 -9"><span class='ocrx_word' id='word_1_873' title='bbox 1319 2897 1497 2933; x_wconf 87' lang='lat' dir='ltr'><em>Audienda</em></span> <span class='ocrx_word' id='word_1_874' title='bbox 1521 2898 1596 2931; x_wconf 88' lang='lat' dir='ltr'><em>sunt</em></span> <span class='ocrx_word' id='word_1_875' title='bbox 1624 2896 1772 2941; x_wconf 87' lang='lat' dir='ltr'><em>quaedam</em></span> <span class='ocrx_word' id='word_1_876' title='bbox 1797 2898 1905 2933; x_wconf 72' lang='lat' dir='ltr'><em>Sanffl</em></span> <span class='ocrx_word' id='word_1_877' title='bbox 1927 2895 2091 2942; x_wconf 79' lang='lat' dir='ltr'><em>Cypriani</em></span> <span class='ocrx_word' id='word_1_878' title='bbox 2107 2893 2152 2929; x_wconf 87' lang='lat' dir='ltr'><em>de</em></span> 
     </span>
     <span class='ocr_line' id='line_1_121' title="bbox 1270 2943 2156 2992; baseline -0.005 -10"><span class='ocrx_word' id='word_1_879' title='bbox 1270 2949 1426 2983; x_wconf 88' lang='lat' dir='ltr'><em>Romano</em></span> <span class='ocrx_word' id='word_1_880' title='bbox 1440 2948 1606 2992; x_wconf 83' lang='lat' dir='ltr'><em>Episcopo</em></span> <span class='ocrx_word' id='word_1_881' title='bbox 1620 2948 1808 2982; x_wconf 79' lang='lat' dir='ltr'><em>testimonia</em></span> <span class='ocrx_word' id='word_1_882' title='bbox 1821 2972 1829 2980; x_wconf 89' lang='lat'><strong>.</strong></span> <span class='ocrx_word' id='word_1_883' title='bbox 1855 2947 1894 2982; x_wconf 87' lang='lat' dir='ltr'><em>In</em></span> <span class='ocrx_word' id='word_1_884' title='bbox 1908 2943 2156 2988; x_wconf 76' lang='lat' dir='ltr'><em>litterisadple-</em></span> 
     </span>
     <span class='ocr_line' id='line_1_122' title="bbox 1270 2994 2153 3042; baseline -0.007 -8"><span class='ocrx_word' id='word_1_885' title='bbox 1270 3001 1342 3034; x_wconf 86' lang='lat' dir='ltr'><em>bem</em></span> <span class='ocrx_word' id='word_1_886' title='bbox 1357 3024 1368 3040; x_wconf 90' lang='lat'>‚</span> <span class='ocrx_word' id='word_1_887' title='bbox 1394 2998 1519 3042; x_wconf 87' lang='lat' dir='ltr'><em>scriptis</em></span> <span class='ocrx_word' id='word_1_888' title='bbox 1535 2997 1687 3032; x_wconf 79' lang='lat' dir='ltr'><em>adversus</em></span> <span class='ocrx_word' id='word_1_889' title='bbox 1707 2998 1881 3034; x_wconf 72' lang='lat' dir='ltr'><em>fafflonem</em></span> <span class='ocrx_word' id='word_1_890' title='bbox 1892 2995 2078 3032; x_wconf 76' lang='lat' dir='ltr'><em>Felicissimi</em></span> <span class='ocrx_word' id='word_1_891' title='bbox 2091 2994 2153 3029; x_wconf 78' lang='lat' dir='ltr'><em>Ar-</em></span> 
     </span>
     <span class='ocr_line' id='line_1_123' title="bbox 1268 3044 2153 3092; baseline -0.008 -7"><span class='ocrx_word' id='word_1_892' title='bbox 1268 3049 1503 3090; x_wconf 88' lang='lat' dir='ltr'><em>chi-Diaconi,</em></span> <span class='ocrx_word' id='word_1_893' title='bbox 1530 3048 1721 3092; x_wconf 88' lang='lat' dir='ltr'><em>&amp;quinque</em></span> <span class='ocrx_word' id='word_1_894' title='bbox 1743 3048 2007 3092; x_wconf 78' lang='lat' dir='ltr'><em>presbyterorum</em></span> <span class='ocrx_word' id='word_1_895' title='bbox 2028 3044 2079 3080; x_wconf 85' lang='lat' dir='ltr'><em>illi</em></span> <span class='ocrx_word' id='word_1_896' title='bbox 2098 3044 2153 3079; x_wconf 88' lang='lat' dir='ltr'><em>ad·</em></span> 
     </span>
     <span class='ocr_line' id='line_1_124' title="bbox 1270 3095 2319 3162; baseline -0.006 -26"><span class='ocrx_word' id='word_1_897' title='bbox 1270 3099 1478 3136; x_wconf 73' lang='lat' dir='ltr'><em>haerentium:</em></span> <span class='ocrx_word' id='word_1_898' title='bbox 1507 3101 1590 3133; x_wconf 83' lang='lat' dir='ltr'><em>Deus</em></span> <span class='ocrx_word' id='word_1_899' title='bbox 1615 3110 1690 3132; x_wconf 86' lang='lat' dir='ltr'><em>unus</em></span> <span class='ocrx_word' id='word_1_900' title='bbox 1710 3099 1770 3140; x_wconf 86' lang='lat' dir='ltr'><em>est,</em></span> <span class='ocrx_word' id='word_1_901' title='bbox 1796 3095 1973 3136; x_wconf 69' lang='lat' dir='ltr'><em>&amp;cbristus</em></span> <span class='ocrx_word' id='word_1_902' title='bbox 1994 3107 2091 3136; x_wconf 78' lang='lat' dir='ltr'><em>unus,</em></span> <span class='ocrx_word' id='word_1_903' title='bbox 2116 3096 2242 3162; x_wconf 55' lang='lat' dir='ltr'><em>“Epist</em></span> <span class='ocrx_word' id='word_1_904' title='bbox 2307 3126 2319 3137; x_wconf 22' lang='lat' dir='ltr'><em>c</em></span> 
     </span>
     <span class='ocr_line' id='line_1_125' title="bbox 1269 3132 2305 3191; baseline -0.008 -6"><span class='ocrx_word' id='word_1_905' title='bbox 1269 3163 1330 3185; x_wconf 84' lang='lat' dir='ltr'><em>una</em></span> <span class='ocrx_word' id='word_1_906' title='bbox 1348 3147 1471 3191; x_wconf 75' lang='lat' dir='ltr'><em>Ecclefia</em></span> <span class='ocrx_word' id='word_1_907' title='bbox 1484 3173 1494 3189; x_wconf 90' lang='lat'><em>,</em></span> <span class='ocrx_word' id='word_1_908' title='bbox 1521 3150 1556 3184; x_wconf 74' lang='grc'><em>6·</em></span> <span class='ocrx_word' id='word_1_909' title='bbox 1566 3148 1724 3185; x_wconf 70' lang='grc' dir='ltr'><em>εαιόειίνα</em></span> <span class='ocrx_word' id='word_1_910' title='bbox 1732 3145 1891 3191; x_wconf 71' lang='grc' dir='ltr'><em>ιικσΙὶφιν</em></span> <span class='ocrx_word' id='word_1_911' title='bbox 1906 3149 2029 3181; x_wconf 85' lang='lat' dir='ltr'><em>Petrum</em></span> <span class='ocrx_word' id='word_1_912' title='bbox 2041 3149 2152 3179; x_wconf 82' lang='lat' dir='ltr'><em>Domi-</em></span> <span class='ocrx_word' id='word_1_913' title='bbox 2244 3132 2305 3159; x_wconf 71' lang='lat'><em>‘⁴⁰⁴</em></span> 
     </span>
     <span class='ocr_line' id='line_1_126' title="bbox 1270 3195 2155 3245; baseline -0.008 -10"><span class='ocrx_word' id='word_1_914' title='bbox 1270 3207 1302 3235; x_wconf 82' lang='lat' dir='ltr'><em>ni</em></span> <span class='ocrx_word' id='word_1_915' title='bbox 1312 3211 1381 3236; x_wconf 85' lang='lat' dir='ltr'><em>voce</em></span> <span class='ocrx_word' id='word_1_916' title='bbox 1391 3201 1552 3245; x_wconf 79' lang='lat' dir='ltr'><em>fundata.</em></span> <span class='ocrx_word' id='word_1_917' title='bbox 1582 3201 1673 3233; x_wconf 81' lang='lat' dir='ltr'><em>Aliud</em></span> <span class='ocrx_word' id='word_1_918' title='bbox 1684 3200 1785 3233; x_wconf 77' lang='lat' dir='ltr'><em>Aieare</em></span> <span class='ocrx_word' id='word_1_919' title='bbox 1804 3195 1956 3237; x_wconf 79' lang='lat' dir='ltr'><em>constitui,</em></span> <span class='ocrx_word' id='word_1_920' title='bbox 1980 3197 2155 3229; x_wconf 61' lang='lat' dir='ltr'><em>messover-²</em></span> 
     </span>
     <span class='ocr_line' id='line_1_127' title="bbox 1269 3246 2154 3293; baseline -0.008 -8"><span class='ocrx_word' id='word_1_921' title='bbox 1269 3253 1382 3287; x_wconf 76' lang='lat' dir='ltr'><em>dotium</em></span> <span class='ocrx_word' id='word_1_922' title='bbox 1393 3261 1504 3286; x_wconf 81' lang='lat' dir='ltr'><em>novum</em></span> <span class='ocrx_word' id='word_1_923' title='bbox 1520 3249 1584 3293; x_wconf 82' lang='lat' dir='ltr'><em>fieri</em></span> <span class='ocrx_word' id='word_1_924' title='bbox 1592 3258 1708 3293; x_wconf 82' lang='lat' dir='ltr'><em>praeter</em></span> <span class='ocrx_word' id='word_1_925' title='bbox 1726 3258 1819 3282; x_wconf 68' lang='lat' dir='ltr'><em>enum</em></span> <span class='ocrx_word' id='word_1_926' title='bbox 1828 3248 1929 3280; x_wconf 79' lang='lat' dir='ltr'><em>Altare</em></span> <span class='ocrx_word' id='word_1_927' title='bbox 1952 3247 2088 3280; x_wconf 64' lang='lat' dir='ltr'><em>&amp;unum</em></span> <span class='ocrx_word' id='word_1_928' title='bbox 2099 3246 2154 3279; x_wconf 74' lang='lat' dir='ltr'><em>Sa·</em></span> 
     </span>
     <span class='ocr_line' id='line_1_128' title="bbox 1267 3293 2152 3343; baseline -0.009 -8"><span class='ocrx_word' id='word_1_929' title='bbox 1267 3304 1426 3335; x_wconf 73' lang='lat' dir='ltr'><em>cerdonum</em></span> <span class='ocrx_word' id='word_1_930' title='bbox 1436 3313 1493 3335; x_wconf 80' lang='lat' dir='ltr'><em>non</em></span> <span class='ocrx_word' id='word_1_931' title='bbox 1498 3300 1593 3343; x_wconf 83' lang='lat' dir='ltr'><em>potest</em></span> <span class='ocrx_word' id='word_1_932' title='bbox 1602 3324 1612 3333; x_wconf 92' lang='lat'><strong>.</strong></span> <span class='ocrx_word' id='word_1_933' title='bbox 1639 3295 1785 3342; x_wconf 69' lang='lat' dir='ltr'><em>‚Quisquis</em></span> <span class='ocrx_word' id='word_1_934' title='bbox 1795 3297 1872 3331; x_wconf 80' lang='lat' dir='ltr'><em>alibi</em></span> <span class='ocrx_word' id='word_1_935' title='bbox 1878 3297 2026 3340; x_wconf 78' lang='lat' dir='ltr'><em>collegerit</em></span> <span class='ocrx_word' id='word_1_936' title='bbox 2035 3320 2047 3336; x_wconf 89' lang='lat'><strong>,</strong></span> <span class='ocrx_word' id='word_1_937' title='bbox 2062 3293 2152 3338; x_wconf 70' lang='lat' dir='ltr'><em>spar-</em></span> 
     </span>
    </p>
   </div>
   <div class='ocr_carea' id='block_1_13' title="bbox 1263 3344 2161 3439">
    <p class='ocr_par' dir='ltr' id='par_1_20' title="bbox 1263 3344 2161 3439">
     <span class='ocr_line' id='line_1_129' title="bbox 1263 3344 2161 3428; baseline -0.011 -40"><span class='ocrx_word' id='word_1_938' title='bbox 1263 3356 1335 3397; x_wconf 76' lang='lat' dir='ltr'><em>git:</em></span> <span class='ocrx_word' id='word_1_939' title='bbox 1361 3354 1538 3387; x_wconf 75' lang='lat' dir='ltr'><em>Adulterum</em></span> <span class='ocrx_word' id='word_1_940' title='bbox 1555 3349 1596 3391; x_wconf 80' lang='lat' dir='ltr'><em>est</em></span> <span class='ocrx_word' id='word_1_941' title='bbox 1615 3371 1627 3389; x_wconf 83' lang='lat'><strong><em>‚</em></strong></span> <span class='ocrx_word' id='word_1_942' title='bbox 1648 3353 1774 3393; x_wconf 68' lang='lat' dir='ltr'><em>impium</em></span> <span class='ocrx_word' id='word_1_943' title='bbox 1794 3346 1836 3390; x_wconf 76' lang='lat' dir='ltr'><em>est</em></span> <span class='ocrx_word' id='word_1_944' title='bbox 1857 3371 1870 3390; x_wconf 86' lang='lat'><strong>,</strong></span> <span class='ocrx_word' id='word_1_945' title='bbox 1891 3344 2129 3428; x_wconf 68' lang='lat' dir='ltr'><em>sacrilegumdest</em></span> <span class='ocrx_word' id='word_1_946' title='bbox 2139 3369 2161 3386; x_wconf 80' lang='lat'><em>,.</em></span> 
     </span>
     <span class='ocr_line' id='line_1_130' title="bbox 1633 3406 2103 3439; baseline -0.013 -12"><span class='ocrx_word' id='word_1_947' title='bbox 1633 3423 1636 3427; x_wconf 91' lang='lat'>.</span> <span class='ocrx_word' id='word_1_948' title='bbox 2011 3406 2067 3439; x_wconf 63' lang='lat' dir='ltr'><em>qu„</em></span> <span class='ocrx_word' id='word_1_949' title='bbox 2090 3412 2103 3421; x_wconf 93' lang='lat'><em>.</em></span> 
     </span>
    </p>
   </div>
  </div>
 </body>
</html>
