2346 3724
351 230 478 270 2004.
917 221 943 267 S

278 309 425 357 personae
436 305 608 353 qualitates
627 302 842 351 praedicabat,
867 304 1011 351 ideoque
1034 303 1167 339 diceba-

283 367 341 395 tur
360 358 634 394 commendatitia
654 370 665 400 ς
692 358 756 391 alia
776 357 947 399 personam
965 355 1005 390 ad
1029 357 1168 389 fraterna

279 409 418 446 ihbfidia
429 408 616 456 fimpliciter
626 406 878 441 commendabat
896 428 907 446 ,
934 405 1074 450 ideoque
1087 405 1170 437 dice·

279 459 374 498 batur
383 459 554 494 dumtaxat
564 457 697 502 pacifica
710 481 717 489 .
735 458 834 490 Hanc
846 456 925 491 hinc
938 453 1014 493 inde
1026 456 1147 498 lapsam
1158 478 1167 493 ‚

278 519 337 555 aut
358 509 480 556 ubique
500 520 569 544 non
583 508 750 553 vigentem
772 507 1015 542 distinctionem
1032 504 1169 539 Chalce-

278 559 432 596 donensis
453 559 606 603 Synodus
617 558 775 601 reparavit
787 581 797 597 ,
823 567 879 591 aut
889 557 1040 591 extendit
1058 578 1065 587 .
1133 588 1141 607 Ι

321 612 378 644 'Et
393 610 470 644 hinc
481 609 547 652 ejus
559 618 704 642 mentem
717 608 750 641 in
764 608 818 641 sua
832 607 1010 642 Canonum
1025 600 1169 648 epitome

281 660 524 695 Constantinus
546 658 816 701 Harmenopolus
837 669 906 692 non
937 656 982 691 est
1010 654 1168 689 assecutus

284 721 343 754 per
369 710 435 745 hoc
448 709 626 745 Scholion.
657 708 792 750 Pacificae
815 706 1004 750 litteraesunt
1019 729 1028 744 ,
1052 716 1121 746 quae
1130 704 1171 737 ab

286 760 444 804 Episcopis
480 761 676 793 conceduntur
697 759 820 791 clericis
842 783 852 798 ‚
889 763 941 800 qui
958 764 1082 798 propter
1100 766 1168 799 ege-

283 811 393 854 statem
410 809 595 857 proficisi-sin
606 811 698 842 attam
709 809 812 842 urben·
818 809 924 841 volunt
936 832 946 847 ,
965 814 1053 848 atque
1068 807 1167 846 majus

285 863 406 895 Clerum
418 865 513 902 recipi
525 862 578 893 Vel
590 866 680 892 etiam
692 870 760 901 quae
772 862 802 890 E
799 856 980 900 piscosus-ab
993 855 1169 898 Archi-Ept-

282 908 379 957 scop'i'!
388 912 665 955 v'comedamur-,cum
676 910 718 941 ad
729 905 1042 950 Imperatoremusufic
1052 910 1166 953 exigen-

284 960 823 1006 te,profieifiuntur.Commendatittae
837 960 907 991 vero
913 956 1065 1001 fiant,quae
1075 964 1168 1000 poenae

285 1010 521 1054 blicaifu'bjeffls
533 1011 649 1042 dantur
661 1011 705 1041 ad
712 1019 810 1041 eorum
817 1013 1024 1053 purgationem
1036 1032 1047 1049 ,
1070 1008 1104 1041 6*
1111 1015 1169 1049 per

286 1067 363 1105 quar
374 1056 462 1094 alteri
473 1058 616 1103 Epiftopo
628 1059 870 1093 commendantur·
881 1061 925 1091 ad
934 1061 1168 1091 communionem.

284 1112 398 1158 Etiam
412 1112 460 1145 'ad
484 1110 721 1144 duodecimum
745 1109 912 1153 vulgarem
934 1107 1166 1151 Apostolicum

286 1163 335 1196 Ca*
341 1173 461 1196 nonem
476 1161 603 1194 scribit:
619 1161 882 1192 Commendatmae
894 1155 1167 1200 litteraesunt,quae

260 1248 263 1250 ,
285 1210 488 1255 a'b'Epifto'po
513 1211 644 1255 clericis>
659 1206 770 1242 dantur
789 1211 881 1241 aliam
893 1215 925 1241 in
934 1207 1036 1241 urbem
1052 1207 1166 1249 profici-

278 1260 456 1309 }P'esnnbus,
484 1263 517 1295 Θ
539 1273 608 1303 qua
631 1261 837 1292 commendam
862 1270 907 1291 eos
922 1260 1000 1292 illius
1013 1259 1068 1291 loc!
1092 1260 1166 1299 Epr-

280 1308 495 1359 sfopo',“velut
516 1310 633 1343 omnino
654 1311 743 1351 culpa
762 1317 896 1342 carentes
918 1334 924 1342 .
955 1307 1081 1342 Eadem
1101 1306 1166 1340 fere

285 1359 512 1399 debitia-suis
523 1359 563 1394 ad
585 1358 755 1393 laudatum
777 1357 1104 1395 Chalcedonensem,
1131 1356 1164 1389 &

280 1413 509 1446 ad-Oeravum
538 1407 790 1442 Antiochenam
814 1406 989 1440 Canonem
1021 1404 1165 1440 Scholiis

279 1454 484 1498 Theodorus
509 1459 704 1492 Balsamon.
731 1456 930 1500 Loquuntur
951 1467 991 1488 ex
1015 1455 1063 1488 sui
1085 1465 1164 1488 tem-

279 1505 367 1557 poris
378 1509 546 1553 disciplina
558 1533 569 1549 ‚
595 1508 710 1542 oculos
719 1508 790 1540 suos
803 1518 871 1540 non
885 1507 994 1540 levant
1006 1503 1046 1538 ad
1055 1504 1162 1548 primi·

280 1564 349 1596 tiva
373 1560 523 1594 Ecclesiaz
545 1559 678 1598 saecula,
708 1555 1035 1598 ideoqueinfeliciter
1053 1553 1162 1588 labun-

280 1620 354 1648 ευτ’.
371 1609 496 1645 ‘Primo
507 1634 517 1651 ,
542 1609 636 1651 quod·
653 1609 766 1642 dicant
779 1607 926 1650 pacificas
940 1606 1062 1640 litteras
1073 1604 1165 1638 fuisie

280 1656 563 1700 daras‘cleric‘is,
586 1669 683 1703 atque
702 1658 803 1692 etiam
829 1655 1016 1701 Episcopis.
1043 1656 1163 1689 Secun-

279 1713 327 1748 do
339 1707 376 1755 ζ’
389 1705 493 1756 ςυῧᾶ
509 1707 622 1744 dicant
653 1706 942 1743 commendatitias
962 1705 1055 1739 fuiffe
1075 1703 1164 1738 daras

278 1763 486 1807 criminosis,
513 1757 666 1794 autcerte
685 1759 836 1799 suspectis
848 1755 1005 1794 Clericis,
1031 1754 1072 1789 ad
1092 1766 1163 1798 pur·

277 1806 469 1862 gationem.
497 1808 618 1844 Tertio
640 1832 650 1848 ,
676 1806 765 1851 quod
797 1805 857 1840 fibi
879 1806 935 1850 ipsi
963 1816 1030 1839 non
1053 1803 1162 1838 cohae-

277 1872 372 1899 reant
395 1887 402 1894 .
431 1861 564 1894 Etenim
599 1859 717 1892 dicunt
744 1856 844 1890 etiam
877 1853 1162 1888 commendatitias

276 1911 473 1952 fuissedntas
483 1909 640 1945 Clericis.
667 1902 867 1951 Loquuntur
881 1905 922 1939 ad
944 1905 992 1939 sui
1006 1903 1161 1947 temporis

1014 235 1041 264 C

253 1951 262 1956 ”
277 1962 488 2006 disciplinam
498 1984 508 1999 ‚
534 1960 569 1993 in
580 1968 648 2003 quo
660 1958 805 1991 sonnatae
817 1955 1056 1999 Episcoporum
1077 1954 1162 1987 litte-

277 2020 325 2050 τε
339 2012 466 2047 dudum
491 2008 646 2043 desierant
667 2004 945 2050 peregrinantibus
968 2004 1079 2038 Laicis
1098 2004 1161 2037 effe

278 2062 475 2099 necessarie.
502 2057 647 2093 Proinde
668 2057 809 2100 pacificae
840 2055 955 2089 litterae
974 2053 1056 2088 olim
1068 2063 1159 2087 erant

280 2106 442 2158 simplices
464 2111 577 2146 litterae
595 2133 607 2151 ,
632 2108 794 2142 consueta
819 2104 888 2140 dari
909 2103 986 2139 solis
1011 2103 1160 2149 pauperi-

279 2163 372 2201 bus.»

328 2214 435 2249 Porro
446 2222 579 2247 omnem
593 2209 776 2243 haereticam
786 2207 1057 2242 communionem
1077 2205 1164 2240 devi-

278 2274 347 2300 tare
370 2266 403 2298 ὃς
424 2261 664 2297 abominariest
678 2259 903 2303 antiquissima
921 2268 1003 2291 veras
1016 2255 1163 2300 Religio-

279 2319 331 2350 nis
354 2315 486 2358 regula,
510 2324 552 2346 ex
574 2322 637 2355 qua
659 2309 768 2344 statim
793 2309 864 2352 post
878 2307 1162 2351 patratumaCain

277 2361 495 2401 fratricidium
514 2362 573 2395 filii
597 2361 662 2395 Dei
677 2362 708 2394 se
719 2362 903 2402 separarunt
924 2358 941 2389 ὲ
957 2357 1035 2389 filiis
1058 2353 1162 2387 homi-

280 2428 360 2451 num
373 2442 380 2448 .
409 2415 470 2448 Per
481 2411 549 2455 ejus
561 2409 857 2455 praevaricationem
869 2405 1003 2450 quidam
1017 2405 1077 2437 filii
1098 2403 1161 2436 Dei

281 2469 520 2511 degenerarunt
541 2463 575 2496 in
608 2459 784 2494 hominum
806 2457 892 2491 filios
914 2480 925 2496 ‚
951 2463 1164 2497 corruperunt

281 2527 417 2550 omnem
441 2524 556 2547 terram
571 2537 580 2552 ‚
606 2521 705 2553 atque
728 2510 772 2543 ita
795 2506 979 2552 generalem
1001 2502 1164 2546 Cataclys-

284 2577 376 2600 mum
385 2566 402 2597 a
413 2564 536 2597 Divina
548 2561 668 2604 justitia
681 2559 884 2593 extorserunt
896 2581 903 2589 .
933 2556 985 2589 Ex
997 2554 1110 2589 eadem
1122 2564 1165 2586 re·

289 2617 365 2661 gula
377 2613 480 2657 Judaei
503 2623 570 2645 non
596 2620 744 2653 poterant
764 2606 1098 2642 coutiSamaritanis,
1123 2613 1166 2637 at·

283 2675 347 2710 que
361 2666 404 2699 ita
413 2662 612 2697 Samaritana
624 2659 741 2692 mulier
752 2657 835 2692 dixit
847 2657 887 2690 ad
909 2654 1077 2690 Christum
1099 2654 1166 2687 Do-

285 2717 434 2750 minum:
464 2712 616 2755 ,Quomodo
638 2719 694 2750 tu,
713 2709 854 2752 Judaeus
877 2717 940 2738 cum
945 2705 1010 2746 fis,
1038 2705 1167 2738 biberen?

287 2763 434 2808 meposcts
449 2787 459 2802 ‚
485 2774 552 2804 quae
560 2759 625 2803 sum
645 2760 749 2792 multer
771 2756 990 2790 samaritana?
1019 2754 1167 2788 Eandem

285 2816 432 2861 regulam
451 2812 620 2846 Dominus
642 2808 714 2842 fixit
724 2807 882 2842 omnibus
908 2806 1004 2840 nobis
1015 2802 1166 2839 Christia-

285 2869 336 2900 nis
348 2890 358 2905 ,
386 2863 545 2898 mandans
554 2860 647 2894 vitari
661 2859 759 2899 illos,
785 2859 841 2899 qui
854 2857 894 2891 ad
909 2868 969 2890 nos
982 2857 1119 2889 veniunt
1133 2855 1165 2888 in

286 2915 489 2949 vestimentis
501 2912 612 2946 ovium
625 2933 636 2949 ‚
653 2910 689 2944 &
701 2908 894 2942 intrinsecus
907 2908 980 2940 sunt
1004 2907 1071 2949 lupi
1082 2917 1167 2949 rapa·

286 2976 340 2999 ces
363 2988 369 2995 .
402 2964 449 2995 Hi
470 2964 543 2996 sunt
574 2959 716 2994 haeretici
738 2983 747 2990 .
774 2959 817 2991 Et
838 2958 879 2991 ad
903 2956 1025 2990 Titum
1050 2954 1167 2998 scripsit

285 3015 421 3048 *Sanetus
443 3012 562 3045 Paulus
580 3026 590 3044 .·
619 3014 798 3044 Haereticam
820 3006 965 3040 bominem
984 3006 1047 3047 post
1066 3005 1167 3049 secun-

288 3068 360 3098 o'am
370 3067 580 3103 correptionem
590 3063 716 3094 devita.
740 3057 868 3092 Similia
887 3055 1056 3090 adversum
1078 3056 1166 3099 quos-

288 3118 365 3149 dam
388 3113 552 3146 haereticos
573 3110 725 3145 mandata
747 3108 867 3151 scripsit
886 3104 1094 3139 Timotheo.
1124 3104 1168 3138 Et

290 3176 368 3199 cum
379 3162 497 3207 quovis
508 3171 598 3194 extra
611 3159 819 3195 Catholicam
829 3156 1099 3191 communionem
1113 3166 1166 3197 po-

291 3217 351 3248 lito
371 3225 431 3247 nec
443 3212 554 3246 cibum
575 3211 637 3244 esse
650 3209 842 3244 sumendum
853 3206 975 3249 scripsit
995 3205 1036 3238 ad
1050 3205 1167 3238 Corin-

294 3266 400 3297 thios.
428 3264 471 3297 Et
482 3260 522 3296 ad
533 3260 664 3295 electam
677 3259 858 3294 Dominam
883 3256 1016 3291 Sanesius
1031 3254 1168 3295 Ioannes

295 3313 497 3354 Apostolus:
524 3314 590 3354 ‚Qui
607 3309 683 3342 hanc
700 3310 866 3342 dollrinam
891 3318 946 3339 non
969 3305 1093 3347 adfert,
1120 3316 1169 3336 nec

298 3368 361 3395 Ave
375 3367 400 3393 ei
414 3364 552 3394 dixeritis
567 3386 573 3391 .
600 3363 664 3403 ,Qui
674 3366 750 3392 enim
763 3361 834 3391 dicit
847 3358 890 3389 illi
907 3360 969 3388 Ave
981 3380 991 3395 ,
1015 3362 1168 3387 commum·-

295 3424 343 3449 ραι
356 3411 488 3456 operibus
501 3413 564 3449 qius
573 3412 713 3455 malignis
724 3433 732 3441 .
760 3408 837 3451 Ejus
857 3404 1170 3441 excommunicatio-

1115 233 1143 263 Η
1214 232 1247 264 0

1318 233 1633 265 LION

1221 309 1301 338 'nem
1313 330 1322 345 ,
1350 304 1398 339 uti
1423 304 1440 338 a
1461 305 1589 348 leproso
1609 314 1667 340 aut
1685 305 1831 342 scabioso
1843 306 1964 352 lepram
1976 315 2032 343 aut
2049 308 2117 343 sca·'

1229 354 1315 389 biem
1329 378 1340 395 ,
1363 355 1534 390 contrahit
1552 380 1560 388 .
1588 355 1641 389 Ex
1662 367 1730 400 quo
1753 356 1842 392 lucet
1865 358 1959 393 istam
1982 369 2114 393 excom-

1227 404 1465 440 municationis
1477 406 1689 450 propaginem
1701 408 1764 440 esi‘e
1776 409 1951 443 Canonem
1973 407 2120 452 Aposto-

1228 455 1351 488 licumz
1379 455 1423 491 Et
1447 456 1488 490 de
1507 456 1623 490 Sanno
1638 456 1764 499 Joanne
1787 458 1971 501 Apostolo,
1995 471 2034 494 ac
2045 458 2116 502 ejus

1226 503 1412 550 discipulo,
1439 506 1577 550 propriis
1589 506 1683 549 ipsius
1705 507 1914 542 manibusin
1928 509 2111 554 Smyrnen-

1229 555 1293 589 sem
1314 556 1513 600 Episcopum
1532 557 1724 591 consecrato
1744 580 1755 595 ,
1781 558 1900 593 Sansto
1926 559 2113 605 Polycarpo

1229 605 1342 638 scribit
1363 607 1499 640 Sanctus
1510 607 1667 641 lrenaeus:
1695 608 1833 649 Suntqut
1853 610 2009 644 audierunt
2031 612 2114 651 Poly-

1226 658 1349 696 carpum
1371 657 1518 690 dicentem
1531 681 1543 697 ,
1568 663 1705 700 quoniam
1717 660 1863 702 Joannes
1886 661 2006 694 Dom1nt
2023 661 2110 704 disct-

1224 707 1315 747 pulus
1325 710 1359 738 in
1372 705 1493 749 Epheso
1497 708 1571 747 Jens
1583 709 1689 741 lavari
1702 731 1713 747 ,
1739 718 1802 740 cum
1823 709 1942 752 vidiffet
1961 715 2040 744 intus
2054 715 2112 746 Ce-

1232 755 1366 788 rinthum
1376 781 1387 797 ,
1414 757 1546 790 exilum
1559 758 1596 790 de
1607 757 1709 791 balneo
1730 769 1788 791 non
1797 758 1872 792 lotus
1884 783 1895 799 ,
1922 760 2021 794 dicens
2031 764 2113 803 quod

1228 813 1332 838 timeat
1357 817 1393 840 ne
1416 805 1555 840 balneum
1565 809 1723 848 concidat,
1747 813 1906 842 cumimus
1917 811 1983 852 effer
2004 815 2112 844 Cerm-

1228 855 1297 889 thus
1320 862 1459 890 inimicus
1480 862 1623 891 veritatis
1636 883 1648 891 ..
1672 860 1717 891 Et
1737 856 1912 901 ipsi-,autem
1934 861 2111 903 Pobcarpus

2131 609 2191 641 Lib.
2219 621 2247 648 3.

2128 661 2192 691 cap.
2202 661 2229 689 3.

1231 910 1373 939 Marcion!
1379 906 1435 949 fib²
1445 908 1608 950 aliquando
1625 914 1787 942 occurrenti
1797 933 1808 949 ,
1834 911 1869 944 (5
1889 910 2036 957 dicenti-,2
2050 916 2111 944 Co-
2124 932 2126 936 ,

1223 955 1326 1002 gnosce
1346 968 1399 990 nor
1418 981 1429 997 ,
1453 955 1609 1000 respondit
1630 970 1638 990 :
1666 957 1808 1002 Cognofto
1828 969 1858 993 te
1878 955 2110 1004 primogenitum

1223 1005 1342 1050 satana
1363 1031 1372 1039 .
1401 1009 1531 1041 Tantum
1552 1007 1694 1050 Apostoli,
1721 1010 1755 1043 ὰ
1775 1007 1879 1042 horum
1900 1009 2035 1053 discipuli
2058 1011 2112 1044 ha-

1223 1057 1356 1090 ·buerunt
1366 1063 1501 1091 timorem
1511 1082 1521 1097 ,
1549 1069 1586 1091 ne
1597 1058 1782 1094 verbo-tenus
1792 1065 2037 1095 communicarent
2053 1063 2111 1095 all·

1222 1112 1398 1157 puteorum,
1424 1107 1737 1150 quiadulteraverunt
1759 1115 1945 1143 veritatem.
1971 1112 2108 1146 Sanetus

1228 1157 1369 1200 Joannes
1388 1157 1515 1192 editum
1538 1157 1558 1192 ὲ
1579 1158 1610 1192 se
1629 1157 1804 1193 Canonetn
1816 1159 1952 1194 servavit
1965 1183 1977 1200 ,
2003 1161 2038 1196 ἀ
2058 1161 2109 1195 fir·

1227 1209 1327 1242 mavit
1345 1208 1515 1251 exemplo.
1544 1207 1696 1242 Eundem
1717 1207 1855 1243 lrenaeus
1875 1210 2051 1245 confirmat
2065 1223 2108 1246 ex

1226 1255 1367 1291 adducto
1374 1257 1567 1292 testimonio
1576 1257 1686 1292 Sancti
1697 1256 1792 1292 Pauli
1805 1258 1846 1292 ad
1859 1258 1979 1294 Titum
1990 1283 1998 1293 .
2025 1262 2108 1308 Qiae

1224 1308 1340 1344 ,omnia
1351 1306 1495 1341 scribunt
1505 1306 1604 1340 etiam
1621 1306 1784 1341 Eusebius
1804 1307 2020 1343 Caesaraeenfis
2031 1335 2044 1352 ,
2068 1321 2109 1345 ae
2120 1326 2125 1340 ·.

1227 1356 1361 1389 Saucius
1389 1354 1596 1398 Epiphanius
1621 1379 1628 1388 .
1667 1355 2109 1394 EtLucifer‘Calat-itanus

1223 1405 1410 1448 *Episcopus
1438 1405 1624 1450 elegantem
1652 1405 1695 1440 de
1725 1407 1858 1442 vitanda
1881 1407 2108 1445 haereticorum

1226 1456 1462 1489 communione
1473 1454 1745 1498 librumscripsit,
1774 1456 1809 1490 in
1828 1469 1896 1501 quo
1929 1458 2026 1494 istum
2047 1461 2109 1495 Ca-

1228 1515 1349 1539 nonem
1372 1504 1572 1539 demonstrat
1605 1506 1668 1540 effe
1688 1506 1820 1548 insuper
1843 1508 2106 1553 Evangelicum,

2120 1375 2202 1416 ΔἨπιπ
2215 1394 2266 1423 30-

2125 1434 2188 1464 cap.
2197 1431 2253 1460 24?

1221 1554 1296 1589 imo
1307 1556 1340 1589 ὅ(
1362 1560 1549 1599 perpetuam
1560 1556 1743 1600 synagogae
1756 1555 1982 1601 disciplinam,
2007 1571 2046 1595 ac
2064 1573 2123 1597 εκι

1225 1606 1292 1648 ipsa
1313 1606 1376 1640 esse
1398 1604 1562 1640 &Christo
1574 1604 1726 1639 Domino
1735 1603 1914 1643 traductam
1936 1608 1969 1643 in
1996 1610 2109 1647 Eccle-

1225 1656 1302 1689 siam
1313 1680 1320 1688 .
1351 1655 1395 1689 Et
1406 1653 1495 1698 quod
1509 1653 1765 1691 subConstantii
1787 1667 1826 1691 ac
1844 1656 2015 1700 Valentis,
2042 1656 2108 1696 nec
2117 1691 2124 1695 .

1225 1716 1292 1739 non
1304 1705 1338 1740 δε
1349 1704 1490 1739 aliorum
1512 1703 1736 1739 haereticorum
1760 1705 1953 1751 Principum
1964 1707 2109 1753 Imperio
2121 1742 2125 1745 .

1225 1754 1403 1790 orthodoxi
1415 1755 1524 1790 fideles
1536 1754 1710 1789 maluerint
1719 1755 1856 1791 exilium
1865 1782 1876 1798 ‚
1897 1756 1968 1792 imo
1977 1759 2012 1794 δε
2021 1771 2110 1796 mor·
2119 1776 2122 1779 ⁴

1225 1816 1292 1839 tem
1323 1804 1477 1839 sustinere
1497 1830 1508 1845 ,
1534 1804 1632 1847 quam
1669 1803 1828 1841 haereticis
1862 1810 2108 1846 communicare

1226 1854 1395 1897 Episcopis
1417 1877 1429 1893 ,
1467 1852 1590 1887 docent
1623 1853 1764 1897 plurima
1793 1858 1943 1902 exempla
2007 1860 2108 1896 lstam

1224 1904 1495 1938 communionem
1519 1902 1606 1938 inter
1624 1904 1806 1950 gravissima
1837 1908 1975 1945 crimina
1994 1910 2107 1947 Patres

1224 1955 1344 2000 semper
1356 1955 1551 1990 censuerunt
1562 1976 1569 1987 .

1396 2089 1619 2174 Appellatio·
1636 2102 1902 2173 fraternitatis
1916 2144 1929 2155 .
1968 2139 1971 2141 -

1276 2254 1357 2290 Haec
1372 2264 1441 2288 erat
1454 2253 1595 2289 secunda
1616 2254 1699 2290 olim
1711 2255 1803 2290 Nota
1816 2266 1899 2291 verae
1909 2280 1921 2298 ,
1945 2258 1979 2293 δε
1993 2257 2040 2293 ob
2049 2257 2112 2295 do-

1222 2305 1329 2339 c'trinae
1365 2305 1688 2349 consanguinitatem
1726 2307 1881 2342 veracitet
1907 2306 2109 2352 Apostolicae

1227 2355 1373 2388 Ecclefiae
1395 2379 1402 2386 .
1430 2354 1532 2393 Haec,
1561 2355 1718 2397 inquam,
1743 2367 1810 2390 erat
1831 2358 2001 2393 veraciter.
2017 2359 2112 2404 Apo-

1224 2403 1339 2436 stolica
1361 2402 1522 2441 Ecclesia,
1550 2404 1585 2436 in
1610 2414 1678 2444 qua·
1701 2404 1834 2447 vigebat
1857 2418 1912 2449 per
1938 2408 2107 2443 Christum

1226 2453 1413 2486 Dominum
1457 2451 1605 2486 instituta
1644 2454 1854 2488 fraternitatis
1893 2457 2072 2500 appellatio
2099 2484 2108 2492 .

1227 2504 1324 2536 Hanc
1345 2502 1436 2535 enim
1461 2501 1611 2536 Ecclesiae
1633 2503 1759 2536 Notarn
1771 2504 1836 2546 ipse
1849 2504 2018 2541 Dominus
2038 2520 2109 2543 om-

1227 2552 1307 2586 nino
1331 2551 1472 2586 instituit
1486 2565 1494 2584 :
1519 2556 1629 2586 Omnes
1641 2552 1822 2594 vosftatres
1839 2554 1905 2595 estis
1919 2581 1928 2590 .
1956 2557 2013 2591 Est
2026 2559 2111 2593 anti-

1226 2603 1398 2647 quaetiam
1419 2602 1602 2646 Synagogae
1613 2602 1725 2642 Nota,
1751 2614 1847 2645 quam
1872 2605 2112 2643 Dominustra·

1226 2654 1321 2687 duxit
1347 2652 1380 2686 in
1403 2651 1580 2686 Ecclesiam
1597 2680 1605 2684 .
1633 2652 1676 2687 Et
1700 2654 1801 2696 ipsam
1824 2655 1861 2688 in
1881 2656 1945 2690 suis
1963 2657 2112 2700 epistolis

1228 2702 1439 2747 praedicarunt
1460 2703 1495 2737 &
1507 2703 1782 2738 commendarunt
1794 2716 1910 2739 omnes
1933 2706 2109 2750 Apostoli.

1230 2753 1396 2787 primitivi
1418 2752 1546 2787 Fideles
1568 2754 1699 2787 fuerunt
1716 2754 1786 2797 ejus
1811 2755 1894 2789 adeo
1919 2757 2109 2792 solemniter

1229 2815 1380 2845 tenaces,
1409 2803 1489 2837 ut&
1510 2803 1650 2847 gentiles
1663 2804 1766 2847 ipsam
1785 2805 1915 2840 noverit
1928 2831 1935 2839 .
1963 2806 2056 2842 Hinc
2065 2819 2109 2843 ex

1228 2854 1379 2888 omnium
1404 2853 1547 2896 ipsorum
1570 2853 1707 2888 nomine
1718 2852 1799 2888 dicit
1820 2856 1906 2899 apud
1920 2857 2107 2893 Minutium

1223 2905 1372 2939 Felicem
1394 2903 1550 2938 Ostavius
1560 2903 1710 2948 gentilis:
1739 2907 1888 2940 Eruenda
1905 2909 2031 2948 pror-sur
2044 2907 2108 2942 bec

1230 2957 1263 2989 (α
1275 2955 1443 2988 execranda
1452 2951 1607 2996 consenfio.
1634 2955 1766 2987 Occultis
1783 2954 1921 2997 seNotis
1941 2959 1977 2991 ἐν·
1994 2955 2107 2999 infigur-

1229 3005 1283 3038 bus
1307 3003 1427 3047 noscunt
1439 3016 1453 3045 ;
1479 3005 1514 3037 ot
1526 3014 1633 3037 amant
1648 3000 1829 3047 mutuaeipene'
1839 3016 1998 3047 antequam
2017 3017 2106 3039 nove-

1231 3062 1311 3088 rint.
1341 3054 1444 3095 Paffim
1455 3060 1546 3086 etiam
1565 3061 1645 3087 inter
1667 3066 1714 3088 eos
1735 3057 1875 3097 quaedam
1883 3054 2038 3087 libidinum
2060 3067 2106 3089 re-

1229 3107 1297 3149 ligio
1315 3103 1451 3148 miscetur
1464 3128 1475 3143 ‚
1500 3114 1534 3136 ac
1551 3102 1582 3146 se
1599 3103 1764 3147 promiscue*
1773 3104 1924 3146 appellant
1939 3102 2106 3144 fratres&

1228 3155 1359 3197 sorores,
1383 3165 1417 3188 ut
1436 3159 1528 3187 etiam
1549 3165 1606 3187 non
1630 3153 1755 3198 insolens
1767 3153 1902 3194 stuprum
1922 3156 2108 3195 intercessione

1229 3205 1306 3248 sacri
1328 3210 1454 3239 nominis
1471 3204 1527 3246 fiat
1554 3205 1714 3245 incoestum.
1741 3208 1790 3235 lta
1811 3214 1909 3236 eorum
1921 3207 2107 3239 vanam-de.

1233 3269 1312 3289 mens
1330 3254 1497 3299 superstitio
1518 3254 1674 3298 sceleribus
1690 3254 1837 3296 gloriatur
1856 3277 1863 3285 .
1891 3253 2108 3290 Existimabat

1234 3306 1467 3340 fraternitatem
1480 3305 1622 3338 nostram
1636 3305 1670 3337 in
1684 3313 1768 3346 vago
1789 3302 1823 3335 δε
1834 3303 2021 3344 promiscuo
2033 3317 2111 3339 con-

1233 3356 1365 3398 cubitu;
1391 3354 1636 3392 admirandam,
1661 3363 1724 3395 qua
1736 3353 1845 3385 cunsti
1859 3355 1991 3389 cunctos
2012 3367 2111 3390 nove.

1236 3416 1339 3443 ramus
1361 3416 1398 3439 ac
1419 3403 1658 3448 diligebamus,
1685 3402 1840 3438 notitiam
1862 3403 1991 3440 fundari
2007 3404 2040 3438 in
2053 3407 2114 3440 ali-

1994 3466 2063 3497 quo
