2346 3724
722 175 1313 220 CAPt-r1s

273 267 420 309 delinquit
431 289 443 306 ,
467 265 531 298 cum
537 261 574 304 fit
581 263 701 305 proprio
705 261 820 302 judicio
827 258 1051 295 condemnatus.
1061 304 1068 312 .
1081 254 1143 290 Ex.

273 316 370 362 ponit
390 315 423 350 in
436 315 575 349 adducto
597 309 850 347 Commentario
863 305 1012 341 laudatus
1022 305 1149 339 Hiero-

272 365 392 409 nymus
404 379 415 400 .-
444 368 607 398 Haereticus
613 362 769 405 propterea
785 363 805 392 ὰ
811 355 964 402 firmetipso
979 357 1085 389 dicitur
1105 354 1146 398 es-

269 416 303 461 se
316 419 481 449 damnatus
495 439 502 446 .
530 417 703 447 Fornicaaeor
715 437 726 452 ‚
753 410 875 445 Adulter
887 432 897 447 ‚
925 407 1081 444 Homicida
1095 430 1105 446 ,
1116 408 1150 440 Θ

274 476 384 501 ‹aetera
395 472 476 500 vitia
482 473 538 507 per
548 465 716 498 sacerdotes
728 463 766 495 de
777 457 901 500 Ecclefia
917 457 1123 500 propelluntur
1136 469 1149 497 ;

273 522 422 552 Βαναία·
436 524 534 549 autem
544 521 576 547 in
586 511 755 557 slemetipsos
762 509 942 554 sententiam
947 507 1058 549 ferunt
1067 530 1079 547 ,
1100 505 1151 549 fico

274 560 400 600 arbitrio
411 567 448 600 de
459 563 584 606 Ecclesia
594 567 759 598 recedentes
773 586 780 594 .
808 561 886 602 ,ραι
899 558 1003 598 receffio
1020 562 1151 599 proprlae

270 614 457 662 canscientia
476 617 598 651 videtur·
631 615 682 658 effe
692 615 848 646 damnatio
859 634 866 642 .
891 609 944 665 lta
970 609 1005 643 ὅ(
1018 608 1152 642 Sanctus

275 662 375 711 Judas
388 666 567 710 Apostolus
579 663 686 699 scribit
698 663 738 697 de
751 660 941 696 Haereticrs:
970 663 1010 715 {11¹
1018 656 1090 714 sum
1101 663 1152 715 qui

269 718 428 763 segregant
436 715 605 760 semetipfhs
622 740 629 747 .
659 714 700 747 Et
713 713 873 747 consonat
884 710 1104 744 Dominrcum
1119 720 1151 741 in

272 767 460 811 Evangelio
486 768 618 802 verbum
631 779 642 800 .-
668 766 734 809 ‚Qui
746 774 803 796 non
822 762 915 795 credit
927 783 938 799 ,
956 760 1140 801 JamJ‘udica

272 828 322 852 tus
347 818 384 857 est
398 843 405 850 .
434 819 478 852 Et
499 816 565 852 haec
585 815 718 861 quidem
732 811 846 846 omnia
869 811 1060 845 testimonia
1082 810 1154 843 sunt

273 869 434 913 aptiffima
447 867 604 902 Βοᾶοτὶς
617 863 718 899 nostri
730 864 828 905 scopo
840 886 847 895 .
876 861 1010 895 Etenim
1023 861 1155 894 demon·

274 919 376 951 strant
390 917 527 951 haerefim
540 916 602 950 effe
615 914 740 948 facinus
751 912 835 947 adeo
846 922 981 946 enorme
992 936 1002 951 ‚
1029 918 1065 944 ut
1087 921 1154 953 pro-

274 977 344 1012 pter
358 969 461 1011 ipsum
474 965 577 1001 homo
588 965 762 999 damnetur
773 986 784 1002 ‚
811 974 848 996 ac
865 972 954 995 extra
980 960 1154 994 Ecclefiam

276 1018 468 1062 projiciatur
480 1042 490 1057 ‚
517 1028 584 1050 non
602 1012 790 1058 Episcopali
817 1022 873 1045 aut
884 1009 1002 1055 quovis
1023 1009 1134 1045 alieno
1148 1033 1157 1049 ,

275 1069 330 1102 sed
353 1069 486 1111 proprio
498 1067 543 1100 sui
555 1066 651 1109 ipsius
672 1063 814 1107 judicio.
846 1061 1022 1104 Sequentia
1036 1059 1156 1094 Docto·

274 1120 319 1152 ris
333 1115 427 1150 verba
438 1115 674 1150 commendant
686 1112 772 1147 hanc
782 1111 1064 1154 fundamentalem
1076 1136 1086 1151 ‚
1114 1112 1158 1145 di-

274 1178 376 1213 gnam
389 1166 482 1200 scribi
498 1167 601 1200 aureis
615 1165 751 1203 litteris,
780 1163 862 1196 infra
881 1161 1108 1196 adducendam
1125 1162 1156 1195 in

278 1217 346 1252 hoc
373 1219 442 1260 ipso
470 1217 554 1250 libro
564 1239 574 1255 ,
601 1215 689 1250 &ibi
703 1214 799 1247 latius
820 1211 1048 1246 elucidandam
1071 1223 1158 1256 regu-

121 1255 255 1292 C²P¹²h
277 1267 347 1302 lam
383 1281 390 1301 ι
416 1268 586 1300 Tenendum
607 1265 643 1306 est
655 1290 663 1305 ,
689 1266 768 1307 quod
788 1261 913 1304 Ecclesia
934 1262 973 1294 ab
1001 1261 1137 1305 Apostoli}
1150 1288 1160 1302 ,

286 1317 410 1360 Apostoli
422 1319 442 1349 ὰ
456 1317 571 1356 christo
580 1341 590 1354 ,
617 1315 750 1355 christus
763 1320 874 1354 accepit
886 1314 906 1345 ἃ
920 1316 981 1345 Deo
993 1337 1000 1344 .
1030 1313 1082 1346 Ex
1094 1314 1159 1356 ipsa

277 1366 454 1402 concludit
477 1365 563 1400 nihil
587 1365 672 1399 circa
685 1362 909 1397 Christianum
931 1362 1053 1406 dogma
1075 1363 1162 1405 posse

279 1417 397 1452 novari
423 1425 478 1450 aut
503 1415 644 1454 mutari,
673 1425 711 1446 ac
730 1423 866 1446 omnem
890 1412 1080 1446 novationis
1106 1423 1161 1446 aut

278 1466 475 1500 mutationis
488 1476 555 1497 non
567 1464 740 1496 dumtaxat
753 1463 915 1494 auctorem
942 1472 998 1494 aut
1016 1462 1159 1495 industo-

278 1526 375 1553 rem,
403 1513 567 1548 sedetiam
582 1512 795 1554 susceptorem
823 1521 878 1543 aut
899 1510 1072 1544 electorem
1100 1514 1162 1545 effe

276 1565 371 1610 plene
381 1564 574 1599 damnatum
584 1562 602 1598 ὲ
615 1561 784 1605 semetipso
807 1558 993 1594 haereticum
1002 1586 1010 1594 .

1190 296 1200 391 l

1203 1280 1208 1354 Ι

1419 171 1533 216 VI.

1929 193 2016 224 101

1245 335 1373 403 Itaque
1390 339 1535 403 etiamst
1559 338 1721 406 Angelus
1745 340 1788 388 de
1811 345 1920 392 Coelis
1950 348 2059 397 aliter

1455 409 1689 479 evangelizet
1719 446 1732 471 ,
1759 415 1852 461 &a

1264 557 1335 592 Hic
1347 557 1392 592 est
1405 558 1518 594 tertius
1531 558 1685 604 Apostoli
1702 561 1794 598 locus
1808 586 1819 603 ‚
1844 573 1885 596 ex
1895 573 1962 606 quo
1972 564 2099 599 Doctor-

1214 607 1294 643 ῐεᾶἐ
1306 608 1507 644 demonstrat
1519 609 1675 646 Haeresim
1688 613 1750 647 effe
1761 613 1884 648 crimen
1910 614 1943 648 &
1956 614 2099 648 facinus.

1218 660 1259 693 Et
1273 657 1361 693 hunc
1373 659 1466 704 ipfius
1477 659 1589 695 locum
1603 662 1714 697 laudat
1742 674 1780 698 ac
1791 662 1935 698 elucidat
1957 664 1990 697 in
2007 663 2099 698 istius

1218 709 1401 752 Apostolici
1424 710 1490 744 loci
1505 710 1757 747 Commentario
1785 715 1919 748 Sanctus
1930 714 2100 757 Hierony-

1217 771 1311 799 mus:
1334 764 1393 794 ⁸Vir·
1412 759 1583 801 dofflffimus
1607 765 1809 798 Tertullianus
1837 766 1990 798 adversus
2014 765 2100 807 Apel-

1217 812 1273 842 lem
1284 835 1294 850 ‚
1321 812 1354 844 (5
1368 814 1431 854 eJ'us
1447 818 1595 856 virginem
1609 813 1820 848 Philumenam
1830 838 1841 854 ‚
1866 826 1958 858 quam
1970 816 2100 858 Angelus

1219 861 1343 901 quidam
1355 861 1638 905 Diabolicispiritus
1667 863 1871 908 &perversus
1892 866 2073 908 impleverat
2090 881 2108 904 ,-

1218 911 1295 944 hunc
1306 911 1356 954 effe
1365 909 1470 954 scribit
1484 915 1623 957 Angelum
1634 939 1644 955 ,
1670 921 1716 948 cui
1730 916 1820 949 multa
1830 917 1903 949 ant-³
1913 918 2005 959 queim
2017 916 2104 958 Apel-

1218 961 1259 994 les
1272 960 1455 1003 nasceretur,
1483 965 1613 1005 Spiritus
1625 965 1727 999 sandi
1738 971 1882 1000 vaticinio
1889 965 1925 1008 sit
1939 966 2104 1000 anathema

1217 1021 1273 1053 per
1299 1012 1462 1054 Apostolum
1482 1013 1697 1056 prophetatum
1708 1043 1715 1049 .
1744 1016 1807 1051 Sed
1829 1015 1990 1060 quidquid
2011 1016 2049 1050 su
2062 1016 2106 1049 de

1219 1061 1432 1096 Tertulliano
1443 1087 1454 1103 ,
1481 1064 1538 1097 iste
1553 1076 1620 1099 uon
1633 1067 1677 1099 est
1693 1065 1846 1110 Apostoli
1859 1067 1984 1101 sensus.
2013 1067 2106 1110 Apo-

1222 1112 1324 1146 stolus
1337 1124 1392 1155 per
1407 1112 1576 1157 Angelum
1591 1126 1660 1149 non
1686 1117 1959 1158 praevaricatorem
1980 1116 2107 1150 intelle-

1222 1161 1294 1202 xit,
1322 1160 1374 1196 sed
1399 1164 1543 1198 sanctum
1571 1165 1654 1198 acin
1667 1167 1759 1199 coelis
1768 1167 1950 1210 gloriosum
1964 1191 1971 1198 .
2001 1166 2106 1201 Affir-

1223 1222 1290 1246 mat
1304 1213 1393 1247 suam
1408 1213 1643 1258 Evangelicam
1668 1216 1931 1258 praedicationem
1951 1217 2012 1251 effe
2024 1214 2108 1250 adeo

1224 1263 1350 1296 firmam
1363 1286 1373 1302 ,
1399 1272 1434 1296 ut
1446 1264 1555 1307 quivis
1569 1289 1579 1304 ‚
1608 1265 1682 1299 licet
1697 1267 1830 1300 Sanetus
1844 1267 1878 1301 &
1889 1266 2024 1301 coelestis
2036 1266 2108 1300 An-

1223 1312 1317 1358 gelus
1329 1337 1340 1353 ,
1370 1314 1468 1356 ipsam
1481 1314 1613 1349 alterare
1627 1326 1794 1350 attentans
1805 1318 1841 1350 fit
1852 1316 2109 1350 constantissime

1225 1363 1552 1399 anathematizandus
1564 1390 1571 1397 .
1602 1366 1655 1399 Est
1669 1364 1861 1409 hypothesis
1884 1366 2107 1409 impoffibilis:

1226 1412 1358 1446 lndusta
1369 1413 1408 1447 ad
1418 1414 1623 1448 assertionem
1633 1414 1828 1449 reddendam
1841 1416 2111 1461 irrefragabilem,

1227 1462 1310 1495 nulli
1329 1464 1534 1497 concussioni
1556 1464 1740 1499 obnoxiam
1753 1491 1760 1497 .
1789 1465 1917 1509 Apellis
1944 1467 1978 1500 &
1999 1466 2110 1500 Philu-

1227 1524 1327 1546 menae
1339 1513 1512 1548 Attentata
1524 1515 1583 1548 suo
1597 1515 1674 1549 loco
1685 1524 1890 1559 exponentur
1901 1541 1908 1549 .

448 1793 525 1877 C
562 1792 758 1875 ΑΡ
796 1789 888 1875 U
926 1790 1010 1872 T
1163 1791 1947 1880 SEPTIMUM.

362 1947 718 2065 e*Haereses
774 1954 940 2064 ipsae
997 1970 1040 2037 ὰ
1090 1956 1535 2068 ‘Philosophia
1561 1957 2006 2066 subornatae.

214 2241 218 2245 -
282 2145 525 2370 H

276 2424 485 2474 saecularis
520 2456 534 2481 ,
582 2420 815 2468 temeraria
863 2418 1073 2485 interpres
1109 2421 1289 2468 Divinae
1324 2436 1486 2471 naturae
1522 2427 1565 2472 &
1601 2424 1890 2493 dispositionis
1925 2467 1938 2479 .

275 2487 470 2561 denique
505 2488 681 2543 haereses
717 2486 743 2538 a
777 2485 1057 2556 Philosophia
1092 2486 1378 2540 subornantur
1413 2529 1426 2541 .

531 2147 590 2194 AE
636 2139 733 2191 sunt
767 2138 973 2191 dofflinae
1022 2142 1249 2191 hominurn
1297 2148 1342 2192 &
1394 2144 1733 2192 Doemoniorum
1756 2181 1770 2205 ‚
1822 2148 2118 2213 prurientibus

565 2213 741 2262 auribus
776 2210 978 2259 nataede
1013 2213 1191 2271 ingenio
1227 2211 1448 2278 sapientiae
1483 2211 1694 2264 saecularis
1720 2252 1733 2275 ,
1785 2234 1919 2284 quam
1958 2224 2120 2269 Domi-

567 2297 646 2334 nus
682 2280 910 2329 stultitiam
947 2296 1112 2329 vocans
1167 2281 1297 2330 stulta
1331 2281 1483 2331 mundi
1520 2286 1567 2333 in
1603 2284 1901 2337 confusionem
1937 2294 2117 2340 etiam-s

569 2348 858 2414 Philosophiae
893 2349 1021 2414 ipsius
1069 2350 1201 2410 elegit
1236 2385 1249 2397 .

1321 2354 1387 2398 Ea
1433 2352 1493 2399 est
1529 2357 1646 2402 enim
1683 2360 1864 2407 materia
1898 2359 2118 2430 sapientiae

1497 2493 1604 2544 Inde
1641 2500 1804 2547 AEones
1838 2537 1852 2560 ,
1888 2506 1932 2551 &
1968 2432 2117 2551 folriitsss

277 2564 425 2615 nescio
460 2580 557 2631 quae
578 2598 591 2623 ‚
627 2565 671 2609 δε
702 2560 882 2609 trinitas
917 2558 1107 2608 hominis
1142 2559 1258 2628 apud
1294 2563 1577 2613 Valentinum
1605 2586 1616 2615 :
1654 2568 1904 2620 Platonicus
1941 2571 2115 2626 fuerat.

277 2634 388 2685 Inde
425 2633 663 2684 Marcionis
718 2634 842 2681 Deus
891 2630 1045 2680 melior
1080 2630 1136 2679 de
1171 2627 1494 2699 tranquillitate

279 2711 340 2756 Et
374 2721 421 2754 ut
456 2706 616 2752 anima.
638 2704 812 2750 interire
847 2697 1023 2750 dicatur
1046 2738 1059 2761 ‚
1094 2701 1152 2750 ab
1187 2704 1413 2770 Epicureis
1460 2704 1710 2757 observatur
1743 2746 1756 2757 .

1530 2656 1542 2685 :
1590 2642 1634 2686 A
1688 2642 1847 2690 Stoicis
1895 2660 2074 2693 venerat
2099 2679 2114 2693 .

1827 2715 1886 2760 Et
1934 2728 1982 2762 ut
2019 2730 2114 2762 car-

280 2779 348 2842 nis
384 2775 598 2824 restitutio
634 2787 812 2837 negetur
842 2807 856 2832 ,
887 2770 942 2820 de
977 2787 1064 2822 una
1097 2774 1293 2821 omniurn
1332 2775 1693 2843 Philosophorum
1730 2778 1875 2830 schola
1902 2780 2109 2832 sumitur.

278 2853 338 2900 Et
374 2845 449 2894 ubi
484 2845 668 2893 materia
699 2861 800 2893 cum
836 2846 940 2892 Deo
975 2859 1168 2909 aequatur
1193 2880 1206 2903 ‚
1243 2846 1432 2893 Zenonis
1467 2844 1698 2913 disciplina
1747 2849 1807 2897 est
1841 2887 1853 2898 .

276 2914 447 2983 aliquid
480 2913 534 2963 de
570 2918 699 2978 igneo
734 2918 840 2963 Deo
873 2913 1084 2975 allegatur
1110 2950 1124 2975 ‚
1161 2914 1408 2962 Heraclitus
1442 2916 1678 2966 intervenit
1712 2953 1724 2966 .

1926 2856 1985 2903 Et
2034 2854 2110 2906 ubi

1796 2920 1971 2971 Eaedem
2016 2942 2110 2973 ma-

276 2991 397 3039 teriae
432 2983 547 3052 apud
583 2986 806 3034 haeretic'os
841 2987 884 3032 &
920 2981 1206 3052 Philosophos
1242 2985 1492 3041 volutantur
1517 3023 1530 3047 ‚
1568 2986 1703 3035 iidem
1738 2995 1990 3042 retra&atus
2026 2997 2109 3044 im-

277 3060 497 3127 plicantur
531 3091 544 3103 .

617 3053 746 3103 [Inde
783 3054 944 3102 malum
970 3090 982 3113 ,
1019 3057 1061 3102 &
1095 3072 1230 3122 quare
1259 3052 1279 3103 ?
1314 3059 1372 3103 Et
1410 3055 1522 3104 unde
1560 3057 1695 3106 homo
1718 3095 1731 3118 ,
1767 3065 1810 3110 &
1845 3063 2109 3130 quomodo?

277 3134 339 3194 Et
387 3124 506 3193 quod
556 3125 1056 3190 proximeValentinus
1091 3123 1317 3192 proposuit
1346 3163 1359 3186 ‚
1410 3125 1542 3176 Unde
1590 3128 1759 3180 Deus?
1808 3136 1982 3185 Scilicet
2016 3134 2107 3194 ded

280 3195 541 3264 Enthymest
574 3230 588 3255 ‚
636 3198 679 3243 &
716 3198 962 3244 Eotromate
997 3229 1010 3242 .

1080 3194 1286 3245 Miserum
1336 3196 1616 3246 Aristotelem
1651 3198 1660 3246 !

1718 3205 1812 3273 Qi
1859 3205 1946 3253 illis
1996 3208 2106 3256 Dia.

280 3271 476 3320 lecticam
514 3264 698 3315 instituit
734 3300 747 3324 ‚
798 3264 1012 3318 artificem
1059 3264 1242 3315 struendi
1292 3271 1336 3316 &
1370 3266 1611 3317 destruendi
1647 3306 1662 3330 ‚
1716 3273 1984 3342 versipellem
2022 3280 2107 3327 in..

279 3341 502 3392 'sententiis
533 3373 546 3397 ‚
576 3339 768 3384 coactam
805 3337 850 3383 in
887 3338 1141 3400 conjeifituris
1165 3370 1178 3396 ,
1213 3335 1366 3387 duram
1401 3340 1447 3387 in
1481 3344 1747 3402 argumentis
1773 3378 1787 3403 ‚
1821 3350 2105 3415 operariam,-d

1922 3428 2058 3454 conten·
