2346 3724
125 2378 186 2412 Lib.
206 2383 233 2411 8.

116 2429 179 2459 eap-
190 2431 217 2455 7·

117 3262 177 3296 Fol.
187 3271 239 3299 ²⁷5

708 151 1122 196 CAPIT

248 235 289 272 ad
310 244 424 270 vocem
446 255 459 274 ‚
497 230 673 276 Resnerexit
696 257 708 274 ,
732 232 896 269 addebant
925 257 937 274 ,
969 231 1134 265 secundum

247 290 431 328 scripturas.
460 281 605 317 Proinde
625 282 840 319 Antiochena
868 281 1010 317 Ecclesia
1036 283 1132 316 Con-

247 333 545 379 stantinopolitano
571 358 583 374 ,
625 333 713 378 quod
741 347 803 370 nos
828 332 927 368 hodie
953 331 1136 373 habemus,

247 384 402 428 symbolo
427 383 573 428 quadarn
600 385 727 420 addidit
753 409 766 427 ‚
800 383 947 429 quaedam
973 383 1133 417 detraxit.

244 436 401 471 vetraxit
423 446 541 469 voces:
572 436 647 468 coelt
672 438 706 470 ὁ*
732 446 838 470 terrae.
871 438 964 468 Deum
990 435 1026 466 de
1052 435 1135 466 Deo.

243 487 290 520 De
301 486 396 519 coelss.
425 483 570 520 Addidit
593 496 708 520 voces:
736 490 781 519 Es
798 483 891 529 filum
913 495 1037 518 verum.
1067 485 1136 516 Pri-

244 540 423 579 mogenltum
434 541 532 569 omnis
550 540 724 570 Creaturae.
752 539 808 568 Per
822 547 908 577 quem
931 533 1040 577 saecula
1066 545 1138 566 com·

242 591 396 629 paginam
408 609 420 626 ,
447 587 501 620 seu
519 586 672 626 constituta
688 584 780 629 fiant.
809 585 849 619 Et
862 586 1005 629 Joannes
1019 583 1136 618 Caffia-

246 646 310 669 nus
324 633 400 670 'hon
415 636 496 681 legit
511 659 521 676 ‚
546 639 674 679 Propter
686 647 737 669 nos
751 634 899 677 descendit
913 660 923 675 ,
950 633 1001 668 sed
1029 639 1133 668 Venit.

242 685 291 719 Et
303 696 393 720 nunc
420 687 524 732 legit,
551 691 587 720 ln
597 698 688 720 unum
714 689 747 720 (εν
770 684 865 728 solum
887 697 991 719 verum
1012 688 1135 726 Deum‚·

244 746 337 770 nunc
349 759 360 775 ,
387 741 424 769 ln
443 748 533 770 unum
543 735 750 780 verumsolum
765 739 860 770 Deum
871 761 878 768 .
908 737 975 770 Suo
989 746 1136 777 tempore

241 796 410 829 exponam
437 788 579 822 rationes
601 787 731 821 istarum
757 789 946 820 varietatum
969 812 977 819 .
1009 785 1059 818 Ex
1086 783 1137 817 his

244 836 504 878 interimlucet,
531 838 619 880 quod
643 847 758 872 omnes
780 836 966 871 Orientales
988 835 1137 869 Ecclefiae

247 885 284 920 in
297 886 470 930 Baptismo
484 887 678 921 tradiderint
691 885 798 930 primo
811 884 1042 930 Apostolicuin
1055 886 1136 928 sym-

244 934 361 971 bolum
374 962 385 978 ,
410 937 531 971 exinde
543 936 719 971 Nicaenum
732 960 742 976 ‚
768 947 806 971 ac
819 937 953 971 tandem
968 936 1136 971 Constan-

245 985 509 1030 tinopolitanum
520 1012 527 1020 .

296 1037 446 1072 Secunda
457 1036 590 1080 quaestio
603 1035 649 1070 est
660 1060 671 1076 ,
699 1034 806 1071 Unde
825 1034 977 1079 symbolo
989 1034 1139 1079 Aposto-

243 1084 314 1119 lico
324 1087 449 1120 fuerint
461 1096 511 1121 tot
525 1087 692 1120 varietates
703 1111 713 1127 ,
740 1096 791 1120 tot
805 1086 1028 1120 additamenta
1044 1087 1058 1119 ?
1088 1085 1138 1118 Ex

243 1133 318 1178 ipsis
340 1136 503 1170 Gerardus
524 1136 665 1179 Ioannes
694 1135 827 1171 voffius
851 1136 1025 1171 concludit
1052 1134 1140 1170 istud

243 1195 316 1219 non
339 1188 403 1221 esse
427 1185 680 1231 Apostolicum.
709 1187 753 1220 Et
780 1187 910 1221 videtur
937 1198 1005 1221 non
1033 1197 1140 1220 carere

245 1235 465 1271 fundamento
474 1262 481 1269 .
512 1238 649 1271 Etenim
661 1237 681 1270 si
695 1237 884 1281 symbolum
897 1238 935 1271 sit
947 1237 988 1271 ab
999 1235 1142 1281 Aposto-

244 1284 308 1326 lis,
333 1286 477 1321 omnin&
488 1286 534 1321 est
545 1298 586 1321 ex
597 1287 789 1322 charismate
801 1312 812 1327 ,
840 1299 880 1321 ex
901 1288 1031 1322 Divino
1050 1287 1141 1321 affla-

244 1343 282 1369 tu
295 1359 306 1375 ‚
330 1336 377 1370 est
391 1347 503 1370 verum
517 1338 581 1370 Dei
599 1336 753 1377 verbum,
782 1337 922 1380 ideoque
944 1339 978 1371 in
1001 1338 1072 1379 ipso
1096 1337 1140 1370 lo·

245 1395 323 1420 cum
336 1385 436 1420 habet
448 1384 558 1432 regula
569 1411 579 1426 ,
610 1398 707 1430 quam
722 1388 782 1420 suae
794 1387 991 1430 Apocalypsi
1008 1386 1097 1430 subju
1105 1398 1137 1420 n·

245 1436 298 1469 xit
309 1436 442 1468 Sanetus
453 1437 596 1479 Joannes
608 1436 791 1478 Apostolus
807 1449 814 1468 ε
841 1439 871 1469 51
882 1442 950 1478 quis
971 1436 1140 1480 apposuerit

246 1484 291 1516 ad
301 1482 365 1517 haec
375 1508 385 1524 ,
414 1492 543 1526 apponet
557 1487 639 1517 Deus
648 1484 741 1528 super
751 1487 837 1517 illum
844 1489 957 1528 plagas
964 1485 1095 1528 scriptas
1107 1493 1141 1519 ln

245 1535 320 1568 libro
331 1534 382 1574 isto
397 1558 405 1566 .
434 1537 481 1567 Et
494 1532 524 1576 si
539 1540 608 1576 quis
621 1536 793 1568 diminuerit
819 1537 857 1568 de
870 1535 971 1567 verbis
981 1536 1051 1568 la'bri
1072 1538 1140 1568 Pro·

243 1582 355 1626 phetiae
367 1583 458 1622 huius
471 1609 481 1625 ,
508 1583 623 1626 auferet
637 1587 717 1618 Deus
725 1593 846 1627 partem
860 1587 922 1625 ejus
941 1586 979 1618 de
998 1585 1072 1618 libro
1096 1591 1142 1619 vi·

245 1641 307 1668 eae.
334 1634 536 1678 Respondeo
549 1634 737 1677 symbolum
750 1638 812 1669 effe
834 1636 898 1669 Dei
912 1635 1064 1669 verbum:
1092 1634 1140 1669 At

246 1683 425 1725 traditum,
453 1695 522 1718 non
545 1685 701 1728 scriptum
725 1711 732 1717 .
771 1685 829 1719 Est
852 1697 955 1720 unum
982 1698 1022 1720 ex
1050 1686 1141 1726 illis,

247 1744 319 1778 quae
336 1745 397 1769 nec
414 1734 535 1778 scripto
548 1735 694 1769 mandari
709 1760 719 1776 ,
747 1746 807 1770 nec
819 1736 984 1770 extraneis
994 1736 1143 1771 enuntia-

246 1784 275 1820 ri
298 1785 443 1829 permisit
466 1785 601 1830 antiqua
627 1785 821 1829 disciplina,
847 1786 988 1830 ideoque
1008 1787 1049 1820 de
1070 1788 1142 1830 ipso

245 1835 349 1870 etiam
371 1836 472 1869 sansti
496 1845 576 1869 tunc
588 1835 698 1870 Patres
722 1836 755 1868 in
770 1837 834 1869 suis
845 1836 886 1870 ad
905 1837 1064 1881 populum
1084 1838 1143 1871 ser-

245 1885 404 1920 monibus
425 1885 580 1920 dicebant
604 1897 611 1916 :
641 1889 765 1919 Norant
788 1887 912 1921 Fideles
936 1913 943 1920 .
988 1887 1099 1921 Etiam
1123 1887 1142 1921 ὲ

246 1934 506 1970 catechumenis
532 1943 588 1968 aut
601 1934 770 1968 Fidelibus
782 1937 919 1970 describi
934 1948 1001 1970 non
1015 1945 1142 1980 poterat

245 1984 479 2029 adjuvandam
495 1986 688 2018 memoriam
702 2009 714 2024 ,
741 1985 793 2018 sed
805 1985 944 2020 debebat
966 1998 1007 2020 ex
1030 1986 1142 2022 auditu

245 2035 394 2069 addisci.
423 2034 534 2068 Etiam
557 2033 779 2078 stupidiffimis
805 2047 843 2069 ac
867 2036 1054 2071 tardiffimis
1072 2048 1141 2072 non

246 2084 357 2129 potuit
367 2083 451 2118 tradi
465 2084 498 2117 in
512 2082 622 2117 charta
637 2109 644 2117 .
677 2085 748 2119 Hic
765 2085 886 2120 Canon
906 2087 968 2121 fuit
992 2088 1074 2121 olim
1097 2088 1142 2121 ri·-

248 2132 431 2178 gidiffimus
452 2157 460 2165 .
487 2133 632 2168 Proinde
653 2145 720 2169 non
746 2135 814 2179 ejus
835 2136 930 2171 verba
954 2161 964 2176 ,
994 2138 1046 2172 sed
1072 2138 1144 2172 solae

249 2184 417 2218 sententia
429 2184 501 2218 sunt
512 2182 530 2217 a
543 2183 759 2219 charismate.
790 2186 885 2220 Hinc
897 2186 992 2221 verba
1007 2199 1062 2231 per
1076 2189 1141 2222 Ec-

249 2233 352 2268 clesia:
364 2233 601 2268 authoritatem
636 2244 813 2277 potuerunt
836 2247 877 2269 ex
897 2238 998 2270 causis
1009 2237 1144 2276 variari,

249 2284 384 2324 minui,
410 2284 580 2328 ampliari.
609 2284 690 2318 Haec
703 2285 747 2318 est
764 2296 875 2319 natura
898 2287 988 2320 verbi
1009 2287 1142 2321 traditi-

250 2333 424 2379 Insigniter
435 2333 502 2369 haec
514 2333 620 2368 firmat
634 2335 809 2368 Facundus
817 2335 952 2369 Hermia
959 2337 1061 2369 nensis
1074 2332 1146 2379 Epi·

251 2385 389 2427 scopus:
414 2388 481 2417 Nec
490 2384 626 2427 general}
637 2381 759 2426 fimbolo
770 2385 860 2417 Fidei
871 2383 1055 2423 chrsstanae
1069 2410 1078 2426 ,
1092 2395 1147 2428 quo

251 2438 433 2473 initiamur,
459 2433 627 2475 quidquam
645 2432 684 2471 est
702 2431 841 2474 fortius,
869 2440 1012 2476 quamvis
1035 2433 1148 2478 scripto

250 2494 310 2518 non
323 2483 477 2523 tradatur.
503 2485 716 2516 Verumtamen
731 2484 896 2516 adversum
907 2493 1088 2528 corruptores
1102 2491 1147 2519 in-

250 2534 422 2578 telligenttae
449 2534 484 2567 (a
496 2538 622 2567 vinum
634 2535 698 2574 ejus
710 2540 822 2567 utlmur
833 2540 923 2567 etlam
938 2541 1079 2578 privatis
1104 2545 1144 2570 te·

250 2583 397 2627 [simoniis
410 2585 558 2624 Parrum,
584 2595 653 2626 quae
675 2591 866 2618 continentur
885 2583 1053 2629 inscripto,
1080 2588 1144 2620 ciem

252 2635 289 2667 Θ·
300 2639 398 2666 omnia
410 2634 462 2666 illa
474 2639 526 2667 um
535 2635 669 2677 generali
682 2632 806 2677 simbolo
814 2634 958 2678 serviant
973 2661 983 2676 ,
1010 2647 1058 2670 nec
1066 2645 1146 2679 prae·

251 2681 331 2727 fixos
342 2689 484 2716 terminos
496 2685 558 2724 ejus
570 2686 716 2718 excedant
728 2711 734 2717 .
747 2689 749 2692 '
765 2685 919 2721 Affirmat
931 2687 1023 2730 plura
1034 2712 1041 2719 .
1071 2687 1148 2722 Pri·-

256 2733 314 2767 mo
327 2757 338 2772 ,
363 2731 453 2777 quod
467 2732 655 2777 symbofum
669 2734 707 2768 sit
718 2736 889 2780 generale.
917 2738 1010 2786 Qia
1034 2738 1149 2781 nempe

256 2783 372 2819 datum
386 2783 421 2816 fit
430 2784 493 2818 toti
507 2783 657 2818 Ecclesiae
670 2810 678 2817 .
705 2787 858 2821 Secundo
869 2787 951 2821 dicit
964 2812 975 2828 ,
1001 2787 1089 2831 quod
1103 2789 1149 2833 ip·

257 2834 295 2867 so
306 2834 390 2866 inter
403 2833 503 2867 sacras
519 2835 619 2869 etiam
633 2834 757 2871 litteras
767 2835 853 2870 nihil
864 2838 900 2871 sit
912 2838 1038 2872 fortius.
1052 2838 1147 2886 Qin

258 2881 364 2918 immo
386 2882 475 2926 quod
499 2883 549 2918 illi
571 2895 688 2920 omnes
710 2887 873 2931 scripturae
897 2888 1038 2932 serviant
1055 2911 1065 2919 .
1093 2889 1148 2924 Est

258 2944 340 2978 ergo
353 2943 463 2967 verum
476 2933 541 2967 Dei
555 2934 689 2970 verbum
703 2961 710 2969 .
736 2937 857 2972 Tertio
868 2938 951 2973 dicit
963 2963 974 2979 ‚
1002 2938 1092 2982 quod
1115 2940 1151 2974 sit

258 2982 423 3017 traditum
439 3007 448 3022 ,
475 2993 544 3017 non
556 2984 730 3029 scriptum.
758 2987 912 3036 Qand,
939 2987 1028 3032 quod
1050 2986 1152 3026 haere-

260 3033 322 3069 tici
333 3033 401 3078 ejus
412 3031 586 3083 dumtaxat
597 3035 751 3071 virtutem
776 3039 809 3072 δε
830 3038 1085 3084 intelligentiam
1098 3052 1152 3077 co-

263 3093 383 3118 nentur
395 3083 567 3128 depravare
578 3108 586 3118 .
611 3085 701 3133 Qia
715 3087 834 3132 nempe
846 3088 943 3123 verba
956 3091 1031 3124 sunt
1052 3101 1094 3125 ex
1105 3103 1148 3126 ar·

263 3134 367 3169 bitrio
378 3133 545 3169 Ecclesiae.
575 3135 728 3180 Apostoli
739 3138 870 3174 fuerunt
882 3139 981 3174 secuti
993 3140 1153 3185 regulam,

265 3195 365 3229 quarn
391 3186 454 3220 &a
468 3185 622 3220 Domino
633 3187 724 3221 suifl‘e
735 3189 889 3223 servatam
907 3189 1017 3225 scribit
1039 3191 1073 3225 in
1093 3193 1153 3237 pri-

266 3244 326 3269 mo
337 3236 535 3270 stromatum
548 3236 633 3271 libro
646 3238 780 3272 sanctus
790 3238 947 3274 Clemens
959 3239 1154 3278 Alexandri·

244 3284 350 3320 ‘nus:
379 3290 495 3321 Arcana
505 3287 595 3322 verbo
604 3288 783 3330 creduntur,
811 3300 868 3323 non
873 3288 1002 3333 scripto.

319 3335 364 3371 Et
376 3338 511 3382 quidem
530 3339 645 3374 omnia
671 3338 703 3373 &
715 3338 840 3385 singula
862 3340 1046 3387 Apostolicl
1063 3343 1152 3388 sym-

1192 159 1301 192 rs
1404 141 1633 188 XIII.
1920 151 2017 206 14'9

1193 230 1262 266 boli
1276 228 1370 264 verba
1381 228 1448 272 jam
1461 228 1586 272 pridem
1600 228 1674 261 sunt
1684 226 1879 266 {adoranda
1904 241 1943 266 ac
1959 232 2086 265 immo-

1195 281 1292 317 bilia.
1321 279 1480 328 Qisquis
1493 279 1543 313 illi
1562 278 1614 313 vel
1628 279 1810 320 unumjota
1821 281 2002 323 addiderit,
2027 282 2085 317 de-

1196 331 1329 366 traxerit
1341 355 1351 371 ,
1379 342 1435 364 aut
1447 329 1638 369 variaverit,
1663 327 1839 363 anathema
1851 330 1904 363 fit.
1931 331 2030 366 Hanc
2040 342 2086 367 re-

1197 382 1376 416 verentiam
1391 381 1531 415 Nicatno
1546 381 1599 414 seu
1613 378 1988 420 Constantinopolitano
1999 383 2087 424 sym-

1197 433 1277 466 bolo
1307 431 1498 475 rigidissime
1522 432 1630 466 sanxit
1657 429 1819 473 Ephesina
1842 428 2013 470 Synodus.
2038 432 2087 465 Et

1199 484 1299 527 ipsam
1313 482 1394 515 adeo
1405 482 1589 516 observavit
1599 479 1872 515 Chalcedonense
1881 479 2089 520 Concilium,

1197 544 1232 567 ut
1258 544 1372 566 vocem
1396 556 1407 572 ,
1434 535 1569 574 Deipam
1590 556 1601 571 ‚
1627 530 1704 565 licet
1729 529 1920 575 graviffirnae
1947 531 2089 564 rationes

1200 584 1387 623 suaderent,
1416 583 1560 616 noluerit
1578 582 1804 625 ipfiinserere.
1834 580 1875 613 Et
1901 578 2010 613 hocin
2023 590 2092 613 car-

1198 635 1276 668 dine
1290 632 1405 678 pendet
1420 632 1595 676 pertinacia
1610 631 1770 665 Photiani
1792 628 1968 664 schismatis
1980 655 1987 662 .
2016 630 2093 663 Hu-

1196 683 1244 726 jus
1258 687 1436 719 Senatores
1454 682 1736 717 contumaciffime
1757 683 1896 716 asserunt
1917 680 2094 718 voculam,

1202 735 1356 777 Filioque,
1385 746 1452 767 non
1475 732 1615 776 potuisse
1638 732 1713 765 addi
1728 743 1782 774 per
1806 731 1962 764 Latinam
1983 730 2095 764 Eccle-

1200 785 1276 818 siam
1298 808 1308 824 ,
1336 783 1476 828 ideoque
1499 781 1586 818 hanc
1612 783 1675 816 esse
1701 781 1909 817 manifestam
1937 778 2093 824 Ephesini

1200 833 1350 869 Canonis
1361 834 1648 877 praevaricatricem
1663 858 1672 872 ‚
1698 833 1731 866 δε
1746 834 1856 866 senon
1877 830 2012 868 abbae,
2038 828 2095 863 sed

1202 885 1286 919 hanc
1299 886 1315 919 a
1331 887 1393 919 sese
1402 885 1514 919 exiisse
1533 886 1566 918 ἀ
1581 883 1771 927 apostatasse
1783 908 1790 914 .
1819 880 2005 916 Cardinalis
2019 879 2095 914 Bes-

1202 935 1305 969 sarion
1322 936 1353 968 in
1367 935 1557 969 Florentin'a
1568 935 1707 978 Synodo
1720 933 1803 967 reste
1814 933 1900 966 dixit
1914 932 1995 966 istud
2010 931 2098 974 sym·

1201 985 1314 1020 bolum
1335 988 1399 1020 esse
1421 987 1539 1028 scripto
1565 985 1626 1018 Dei
1645 983 1742 1018 verbo
1767 983 1954 1026 proximum
1969 1008 1978 1022 ,
2005 981 2100 1015 ideo·

1202 1047 1265 1079 que
1293 1046 1352 1070 nec
1364 1036 1512 1079 ampliari
1527 1036 1616 1078 posse
1628 1035 1707 1069 citra
1721 1033 1903 1078 legitimam
1917 1031 2098 1066 authorita-

1202 1097 1269 1120 tem
1283 1110 1292 1125 ,
1321 1098 1381 1120 nec
1406 1088 1572 1125 truncari,
1603 1097 1662 1119 nec
1688 1085 1804 1128 quovis
1825 1083 1929 1117 modo
1949 1082 2099 1116 alterari.

1199 1135 1353 1169 Eandem
1365 1136 1575 1169 reverentiam
1588 1135 1654 1176 jam
1665 1135 1791 1168 dudum
1804 1133 1890 1177 apud
1916 1144 1976 1166 nos
2000 1132 2100 1166 habet

1203 1185 1362 1220 hodierna
1388 1186 1530 1219 formula
1559 1184 1743 1227 Apostolici
1759 1183 1901 1226 symboli
1918 1207 1925 1213 .
1953 1182 1996 1215 Et
2019 1180 2101 1215 hinc

1204 1237 1289 1271 inter
1313 1247 1436 1271 errores
1457 1235 1594 1279 Joannis
1605 1236 1646 1268 de
1661 1233 1806 1268 Wesalia
1824 1232 1907 1266 reae
1928 1232 2103 1266 damnatus

1203 1288 1268 1321 fuit
1292 1286 1393 1322 &hic
1404 1287 1584 1320 articulus:
1612 1290 1649 1318 In
1661 1283 1786 1328 fimbolo
1806 1284 1897 1317 Fidei
1917 1288 1996 1316 circa
2019 1282 2104 1314 illum

1205 1338 1365 1370 articulum
1377 1362 1387 1377 ,
1415 1337 1566 1370 Sant‘tam
1581 1335 1755 1370 Ecclesiam
1768 1358 1780 1374 ‚
1805 1345 1855 1377 ego
1867 1345 1924 1366 non
1931 1341 2022 1374 pono,
2035 1332 2099 1365 Ca-

1205 1387 1364 1422 tholicam
1376 1412 1383 1418 .
1412 1391 1519 1427 Neque
1530 1391 1720 1423 Hieronymus
1731 1388 1835 1427 ponit.
1865 1385 1952 1426 ,Quia
1972 1381 2106 1415 Catholi-

1204 1449 1260 1477 ca,
1287 1438 1322 1470 id
1340 1437 1378 1477 est
1400 1434 1600 1479 universalis.
1628 1436 1690 1468 sed
1715 1433 1898 1476 universalis
1921 1436 2106 1476 congregatio

1205 1493 1336 1520 omnlum
1348 1490 1581 1528 Baptizatorum
1591 1495 1649 1518 nan
1661 1484 1699 1523 est
1705 1483 1813 1527 sam‘i‘a
1825 1507 1835 1523 ,
1857 1481 1914 1525 sed
1921 1485 2019 1523 major
2025 1491 2106 1523 pars

1204 1536 1240 1576 est
1258 1537 1416 1578 reprobata
1427 1561 1434 1568 .
1461 1535 1609 1576 sedforte
1625 1536 1752 1576 quidam
1764 1532 1905 1576 apposuit
1917 1558 1926 1572 ,
1952 1537 1986 1566 et
2005 1532 2107 1574 postes?

1207 1591 1334 1619 venitin
1345 1584 1585 1630 consuetudinem
1609 1589 1702 1618 totius
1723 1584 1945 1616 multitudinis.
1975 1583 2110 1616 Articu-

1206 1637 1257 1670 lus
1281 1636 1326 1669 est
1351 1634 1517 1678 justissime
1542 1636 1735 1670 damnatus.
1763 1632 1822 1668 Ob
1843 1633 1931 1666 duo.
1969 1631 2107 1672 Primo,

1206 1684 1295 1729 quod
1317 1686 1407 1720 dicat
1429 1686 1642 1720 universalem
1657 1685 1854 1725 Ecclesiam,
1882 1681 1958 1717 licet
1981 1683 2108 1717 multos

1208 1736 1381 1771 sceleratos
1407 1747 1445 1770 ac
1459 1736 1615 1779 reprobos
1626 1735 1821 1775 contineat,
1847 1744 1916 1768 non
1931 1732 2015 1767 reste
2038 1733 2119 1767 dici·

1208 1788 1350 1821 sanctam
1375 1811 1382 1818 .
1419 1785 1552 1820 Deinde
1572 1811 1583 1827 ,
1610 1785 1700 1829 quod
1728 1785 1816 1819 dicat
1840 1783 1933 1817 istam
1965 1794 2109 1823 vocem,

1206 1838 1367 1881 quoniam
1380 1836 1501 1879 adjesta
1518 1836 1581 1870 fuit
1594 1835 1664 1879 post
1678 1834 1788 1869 Sancti
1800 1834 2004 1876 Hieronymi
2028 1844 2112 1868 tem·

1207 1898 1284 1931 pora
1301 1911 1312 1928 ,
1334 1889 1398 1922 effe
1418 1887 1436 1920 ὲ
1462 1885 1616 1929 symbolo
1640 1884 1896 1929 expungendam
1910 1909 1917 1917 .
1946 1884 2029 1919 Haec
2053 1895 2111 1918 no-

1208 1938 1270 1971 stra
1284 1938 1316 1970 in
1330 1936 1529 1971 hodiernam
1552 1935 1740 1978 Apostolici
1764 1934 1910 1978 symboli
1929 1934 2110 1969 formulam

1208 1988 1388 2022 reverentia
1399 1986 1445 2021 est
1459 1986 1642 2021 admodum
1655 1996 1807 2028 anthua.

1257 2038 1406 2086 Qaestio
1417 2039 1511 2072 tertia
1525 2036 1593 2078 est,
1622 2037 1786 2081 Qisnam
1808 2032 1997 2076 symbolum
2020 2045 2110 2068 com-

1210 2089 1382 2132 posuerit?
1409 2086 1466 2121 An
1491 2088 1577 2121 solus
1599 2086 1734 2119 sanctus
1758 2083 1896 2124 Petrus,
1923 2096 1965 2118 an
1991 2095 2110 2119 omnes

1211 2137 1386 2181 Apostoli,
1412 2150 1452 2170 an
1466 2147 1583 2171 omnes
1594 2134 1751 2178 primitivi
1765 2132 1973 2168 Christiani?
2003 2135 2110 2169 Anto-

1212 2187 1283 2221 nius
1308 2186 1523 2220 Nebrissenfis
1546 2186 1579 2219 in
1594 2185 1842 2232 Qinquagena
1865 2183 1905 2217 ad
1918 2185 2054 2219 titulum
2067 2185 2110 2219 de

1210 2236 1371 2280 Symbolo
1384 2237 1493 2270 censet
1507 2236 1723 2279 compositum
1735 2233 1777 2268 ab
1789 2235 1945 2268 omnibus
1966 2235 2112 2279 Aposto-

1211 2287 1270 2326 lis,
1298 2296 1355 2320 aut
1377 2285 1463 2320 certe
1485 2285 1648 2320 acentum
1673 2286 1795 2330 viginti
1821 2286 2021 2329 Discipulis,
2049 2286 2111 2330 qui

1210 2336 1244 2368 ln
1259 2335 1313 2368 die
1326 2335 1536 2369 pentecostes
1548 2346 1741 2377 acceperunt
1754 2335 1912 2379 Spiritum
1936 2337 2087 2370 Sanctum
2101 2361 2110 2370 .

1210 2384 1384 2429 Presbyter
1411 2382 1567 2420 Ruffinus
1591 2384 1779 2418 constanter
1799 2385 1937 2420 affirmat
1950 2386 2112 2429 composi-

1210 2445 1281 2470 tum
1302 2433 1327 2469 a
1345 2435 1422 2469 solis
1451 2434 1625 2479 Apostolis
1649 2460 1656 2467 .
1684 2434 1728 2469 Et
1760 2434 1911 2480 adjungit
1932 2450 1944 2471 .·
1969 2438 2111 2470 Tradunt

1211 2488 1342 2527 Majores
1371 2483 1476 2525 nostrl.
1506 2482 1590 2532 Qae
1602 2484 1697 2519 verba
1723 2485 1921 2520 Erasmusin
1935 2487 2111 2530 Responso

1211 2537 1252 2570 ad
1278 2537 1449 2570 censuram
1477 2534 1705 2570 parisiensium
1719 2534 1801 2578 rapit
1826 2548 1885 2579 pro
1897 2538 1948 2570 se.
1979 2537 2022 2570 Er
2038 2549 2113 2580 prae-

1211 2587 1318 2621 sertim
1331 2586 1398 2620 haec
1411 2585 1508 2619 verba
1520 2585 1663 2628 ejusdem
1687 2586 1813 2620 Ruffini
1827 2599 1834 2619 :
1863 2588 1929 2631 ,Qut
1948 2587 2112 2626 symbolum

1209 2638 1422 2671 tradiderunt.
1452 2636 1505 2670 Ex
1530 2636 1602 2680 ipsis
1624 2636 1795 2671 concludit
1807 2636 1982 2671 Ruffinum
2004 2639 2045 2671 de
2058 2648 2113 2671 au·

1211 2687 1308 2722 thore
1318 2698 1385 2722 non
1398 2687 1495 2721 fuiffe
1506 2696 1634 2721 certum
1647 2712 1655 2719 .
1684 2686 1887 2729 Responde-o
1901 2688 2039 2720 Ruffino
2049 2687 2112 2720 ad-

1212 2737 1359 2781 stipulari
1375 2736 1532 2782 plurimos
1541 2736 1653 2771 Patres
1665 2760 1676 2776 ,
1702 2746 1846 2780 quorum
1858 2737 2046 2770 testimonia
2056 2736 2114 2770 ad-

1211 2789 1298 2822 duco
1326 2788 1360 2822 in
1388 2787 1510 2831 praeviis
1534 2784 1825 2820 Differtationibus
1857 2785 1898 2819 ad
1933 2785 2112 2822 Nicaenum

1211 2837 1406 2873 Concilium
1419 2862 1426 2869 .
1454 2837 1524 2870 Hic
1536 2835 1624 2869 addo
1647 2833 1882 2869 authoritatem
1898 2833 2035 2870 Photini
2047 2838 2112 2871 Sir-

1211 2888 1341 2922 miensis
1357 2888 1392 2920 in
1408 2886 1544 2929 lllyrico
1555 2885 1781 2928 Metropolim
1794 2909 1805 2926 ‚
1830 2885 1917 2929 apud
1930 2896 2026 2929 quem
2041 2898 2112 2920 tan·

1214 2950 1247 2973 ta
1270 2939 1333 2972 fuit
1355 2936 1452 2980 hujus
1466 2934 1608 2979 symboli
1632 2934 1838 2978 authoritas,
1863 2945 1901 2970 ut
1923 2936 2027 2979 ipsum
2042 2936 2111 2981 pri-

1214 3000 1287 3023 mus
1308 2987 1548 3023 commentario
1572 2985 1799 3027 illustraverit,
1825 2996 1966 3021 conatus
1984 2989 2110 3030 exipso

1215 3039 1357 3074 stabilire
1378 3039 1451 3072 suos
1473 3048 1595 3071 errores
1620 3061 1628 3069 .
1655 3035 1704 3070 lta
1727 3034 1844 3072 diserte
1865 3037 1999 3071 testatur
2021 3038 2109 3072 idem

1217 3090 1372 3124 Ruffinus
1385 3115 1392 3123 .
1423 3089 1474 3122 Ex
1486 3099 1553 3132 quo
1564 3087 1691 3122 constat
1709 3087 1877 3122 neminem
1899 3099 1980 3122 tunc
1999 3087 2040 3123 de
2064 3089 2110 3123 A·

1217 3140 1384 3185 postolicis
1396 3138 1489 3182 hujus
1501 3137 1643 3183 symboli
1657 3136 1819 3173 natalibus
1831 3139 1993 3174 dubitasse
2002 3164 2009 3171 .
2040 3137 2112 3172 Ad-

1216 3192 1261 3226 do
1287 3192 1322 3226 &
1345 3190 1582 3225 authoritatem
1608 3188 1699 3222 Beati
1725 3189 1758 3223 ὅ(
1782 3188 1934 3230 Etherii,
1962 3188 2112 3224 scriben-

1216 3242 1301 3277 tium
1313 3251 1427 3276 contra
1439 3250 1561 3274 errores
1575 3239 1729 3284 Elipandi
1748 3238 2023 3284 Archi-Episcopi
2037 3238 2112 3274 To·

1218 3292 1341 3327 lemni,-
1369 3290 1511 3335 ‚Qualiter
1522 3290 1654 3323 crederet
1668 3289 1817 3331 Ecclefia,
1843 3299 1901 3323 non
1925 3300 2004 3324 unus
2027 3293 2110 3332 Apo·
2131 3307 2188 3340 Lib.
2211 3315 2238 3340 1.'

1211 3342 1302 3382 stolus
1314 3340 1469 3386 composuit
1490 3338 1649 3386 simbolum
1661 3341 1771 3382 Fidei,
1794 3338 1853 3383 sed
1872 3351 1972 3378 omnes
1990 3338 2110 3422 fizgulae

1964 3402 2017 3426 ver
2037 3402 2057 3423 a
