2346 3724
676 135 720 182 C
779 150 819 180 vA
889 151 912 181 Ρ
980 150 998 179 1

242 219 300 254 bu's
312 222 440 254 luxuriae
452 225 539 253 vacet
549 241 559 258 ‚
579 217 795 262 sempiternam
800 218 930 264 salutem
947 229 1028 252 nemo
1036 218 1125 260 potest

244 270 399 314 consequi.
427 273 475 301 Ita
494 270 533 301 ab
554 269 740 313 excusatione
761 282 821 304 una
830 276 863 303 in
885 270 1012 303 alteram
1022 268 1122 312 lapsus

242 320 301 360 est.
329 323 406 351 cum
427 326 507 352 enim
518 323 668 364 conjugem
686 319 775 364 suam
783 319 944 362 praestantr
965 319 1015 362 effe
1017 318 1125 360 forma

244 369 366 402 videret
381 393 391 410 ,
417 367 606 412 humilemque
613 370 675 414 sese
683 371 826 413 praestare
839 394 851 410 ,
876 371 1031 411 Zelotypia
1053 380 1124 402 com-

242 429 339 453 motus
352 429 386 451 ac
402 420 439 451 de
457 420 579 453 libidine
595 419 651 463 sua
662 431 831 455 caeterorum
840 431 933 453 mores
954 425 1128 461 interpreta-

242 477 316 508 tus,
340 470 472 510 primum
493 482 613 504 uxorem
628 470 718 513 suam
727 471 766 510 est
787 470 989 503 contumeliose
1010 467 1126 513 aggres-

241 516 295 561 [us
316 534 338 558 ‚⁷
352 523 440 561 eique
462 530 542 553 certa
563 527 689 554 crimina
711 529 767 562 per
793 521 976 553 calumniam
1000 520 1123 564 objecit.

246 569 373 601 Demum
386 572 455 602 verti
474 568 631 612 nonsolum
642 573 684 603 ad
701 570 836 611 ufitatum
846 575 924 603 inter
946 569 1077 607 homines
1093 580 1127 602 ac

219 660 221 662 Ι
246 619 415 651 naturalem
428 618 509 662 usum
520 629 669 662 corporum
680 621 719 660 est
728 620 885 662 prolapsus
896 643 907 659 ‚
918 620 1022 653 verum
1037 627 1129 652 etlam

247 673 280 700 in
289 670 411 709 plenum
422 670 499 709 istud
518 680 620 703 contra
629 675 724 703 Deum
737 671 918 704 contumeliae
930 675 1047 714 Dogma
1060 693 1070 710 ‚
1097 675 1129 702 in

245 718 408 760 probitatis
423 722 564 752 damnum
575 744 587 760 ‚
611 732 645 754 ac
658 727 753 754 omnlr
773 726 946 762 pravitatis
969 721 1130 753 conciliato-

248 773 327 803 ri'um
350 780 474 803 errorem
494 776 622 811 irrupit.
650 771 689 805 ln
713 771 879 805 licentiam
895 771 1005 804 omnis
1019 769 1130 803 libidi-

247 819 320 851 nis.
349 818 454 853 Addit
476 822 594 854 multas
617 832 656 855 ac
668 821 770 855 varias
791 821 1030 854 Gnosticorum
1041 819 1129 864 flagi—

248 868 432 904 tiofiffimas
444 871 555 904 claffes
564 881 605 904 ex
624 870 692 912 ipso
707 870 902 913 proceffiffe.

298 919 397 953 Plura
418 921 493 953 sunt
514 919 549 953 in
563 928 734 963 utramque
754 919 848 963 hujus
859 919 1045 964 quaestionis
1067 929 1131 962 par-

248 969 473 1011 temtantiqua
492 969 625 1004 Parrum
651 970 859 1004 testimonia.
887 969 1132 1011 CerteSpiritus

248 1021 384 1054 Sanctus
395 1044 405 1060 ,
431 1019 532 1063 quiin
545 1021 599 1053 sua
613 1018 1061 1063 Apocalypfi'Nicolaitarum
1076 1029 1132 1051 no-

247 1080 325 1102 men
347 1069 476 1101 assumit
495 1069 528 1101 &
555 1068 712 1107 damnat,
738 1068 866 1102 videtur
876 1067 1130 1111 damnare&ip·

247 1119 318 1152 sum
332 1116 527 1150 Nicolaum
554 1116 592 1149 ln
602 1117 738 1160 septimo
751 1119 951 1152 stromatum
962 1118 1044 1151 libro
1058 1119 1130 1152 San·

245 1170 314 1202 ssus
328 1167 485 1212 Clemens
508 1166 753 1205 Alexandrinus
774 1169 911 1210 affirmat
921 1169 1000 1203 alins
1011 1169 1051 1202 ab
1065 1167 1132 1202 Au-

247 1217 368 1256 thore‚
388 1212 471 1251 alias
492 1217 510 1250 a
532 1217 629 1257 loco,
651 1217 935 1263 aliasadogmatis
952 1220 1131 1263 qualitate,

248 1268 328 1301 alias
340 1266 468 1301 haereles
479 1267 519 1301 ab
530 1268 647 1311 aliquo
656 1268 771 1313 infigni
785 1270 931 1303 facinore
943 1279 1065 1329 nornen
1080 1267 1135 1302 ha-

248 1318 619 1353 bere.Nic01aitarum
629 1317 761 1352 haerefis
764 1321 870 1362 palam
881 1319 926 1352 est
939 1316 1053 1381 primae
1058 1318 1133 1352 elas-

248 1369 308 1402 fis.
337 1366 481 1401 Proinde
501 1368 661 1402 Nicolaus
672 1369 800 1403 videtur
811 1370 953 1405 omnino
973 1371 1072 1404 fuisse
1075 1367 1134 1407 ha»,

248 1418 387 1453 rericus.
416 1418 519 1451 Nulla
532 1417 847 1453 istiusmodihaerefis
867 1420 959 1454 ducit
970 1420 1133 1465 originem

248 1468 283 1502 δε
305 1476 427 1501 nomen
450 1466 493 1500 ab
515 1467 728 1501 immaculato
750 1469 903 1502 authore.
931 1467 1134 1510 Donatistae,

248 1515 326 1551 licet
338 1517 368 1551 S.
378 1516 538 1560 Cypriani
559 1527 700 1550 errorem
723 1516 895 1551 habuerint
921 1529 978 1561 pro
996 1521 1135 1552 suoffiun‘-

248 1567 428 1607 damento,
456 1577 634 1610 numquam
656 1566 719 1601 auli
744 1568 818 1602 sunt
830 1569 861 1601 se
874 1567 1045 1603 inscribere
1070 1568 1135 1611 Cy-

249 1616 417 1660 prianistns
437 1640 443 1650 .
475 1616 658 1663 Qiomodo
679 1618 781 1662 igitur
803 1618 940 1661 Spiritus
960 1620 1094 1653 Sanetus
1117 1618 1134 1652 a

184 1674 190 1680 ”
249 1666 340 1700 casto
362 1666 506 1699 Nicolao
531 1666 916 1711 titularetimpuriffimos
928 1668 1137 1703 Nicolaitas?

251 1718 297 1750 Ec
317 1716 480 1749 consonat
500 1727 639 1760 magnus
661 1717 751 1750 testis
773 1743 783 1758 ,
811 1720 945 1752 Sanfflis
976 1719 1111 1752 Irenaeus
1125 1732 1136 1751 .·

131 1769 193 1809 ’χῶ
212 1787 222 1805 1
252 1767 414 1799 Nicolaitae
438 1767 611 1809 Magistrum
632 1766 743 1801 habent
768 1770 923 1801 Nicolaum
947 1793 957 1808 ,
984 1780 1074 1802 unum
1098 1780 1137 1801 ex

111 1825 178 1856 caps
189 1827 233 1852 27.
247 1815 363 1860 septem
378 1839 390 1855 ,
416 1821 469 1858 qui
476 1821 571 1856 primi
581 1818 626 1848 ad
636 1820 808 1850 Diaconium
820 1818 858 1850 ab
870 1818 1005 1859 Apostolrs
1018 1815 1136 1850 ordina-

249 1865 358 1910 tisunt
368 1890 379 1906 ,
404 1871 454 1907 qui
465 1864 620 1907 indiscrete
633 1872 746 1898 vivunt
757 1891 764 1898 .
793 1866 945 1901 Affirmat
957 1868 1135 1902 Nicolaum

250 1917 319 1950 iuis
341 1915 434 1949 fuisse
455 1939 465 1954 ,
493 1926 561 1948 non
583 1916 787 1950 occasionem
808 1940 819 1956 ,
846 1917 899 1951 sed
923 1917 1134 1962 Magistrum.

246 1966 297 2000 Et
308 1967 468 2009 praesentis
488 1965 589 1999 nostri
611 1965 686 1997 libri
715 1965 879 2006 appendix
901 1966 999 2000 habet
1021 1967 1041 1997 ι’
1057 1969 1138 1999 Alter

250 2015 407 2049 baereticus
422 2017 565 2046 Nicolaus
577 2012 689 2053 emer-fit
699 2037 706 2043 .
736 2018 791 2046 Hic
801 2015 838 2046 de
844 2013 959 2055 septem
972 2018 1115 2047 Diaconls
1127 2039 1137 2053 ,

249 2069 303 2106 qui
324 2070 356 2095 in
382 2062 465 2094 Ac‘hs
478 2060 668 2104 Apostolorum
692 2062 788 2095 alu-<371
798 2061 893 2106 sunt,
910 2063 998 2105 suit.
1026 2070 1084 2100 Hic
1094 2064 1139 2096 di·

250 2119 292 2148 cit
312 2113 451 2146 tenebras
472 2120 506 2144 m
528 2110 760 2155 concupiscentia
779 2114 900 2146 luminis
922 2138 933 2154 ‚
960 2116 994 2148 (5
1017 2116 1138 2156 quidem

247 2163 338 2206 foeda
353 2164 388 2196 (5
401 2160 521 2204 obscwa
525 2161 629 2205 fuisse.
660 2164 690 2194 E
693 2174 714 2194 x
725 2161 781 2195 hac
786 2169 986 2205 permixtione
992 2166 1090 2205 pudor
1100 2164 1138 2204 est

248 2213 347 2246 dicore
368 2223 435 2255 quae
449 2211 863 2255 foetida&immundafint.
893 2214 948 2247 An
963 2216 1085 2257 primus
1095 2226 1138 2248 er·

251 2274 308 2298 ror
328 2262 365 2295 fit
386 2264 403 2296 a
427 2262 596 2302 Nicolao,
620 2261 666 2296 est
696 2262 829 2305 quaestio
853 2288 860 2295 .
888 2263 1058 2311 Qidquid
1078 2265 1137 2304 sit,

254 2314 386 2347 Sanetus
398 2313 534 2345 lrenaeus
546 2312 614 2355 ejus
627 2313 800 2346 fafflonem
815 2312 954 2347 affirmat
964 2317 1026 2349 effe
1037 2314 1138 2356 vulfio—

135 2382 224 2420 [¹133
255 2373 326 2396 nem
344 2361 557 2402 Gnosticorum.
586 2362 662 2406 Ego
685 2361 739 2395 hic
766 2362 858 2395 aliud
882 2365 1015 2403 nescio,
1042 2365 1140 2406 quam

118 2433 181 2462 (ψ
193 2434 204 2454 1
212 2434 236 2453 1.
229 2403 443 2446 involutum
454 2410 627 2444 articulum
641 2421 708 2444 non
720 2412 891 2452 evolvere,
918 2412 971 2445 sed
984 2424 1061 2446 curn
1073 2412 1140 2447 Cae-

254 2461 402 2496 sareenfis
426 2459 560 2495 Eusebii
587 2459 724 2496 historia
750 2461 808 2496 sub
833 2436 938 2497 dubio
971 2463 1139 2508 relinque-

255 2523 309 2548 l‘e

1069 150 1096 178 T

448 2662 598 2731 Cajana
635 2661 771 2730 haerefis
804 2664 941 2714 dicitur
952 2702 966 2715 .

307 2811 448 2855 Cajanos
458 2812 521 2847 effe
533 2813 741 2857 Carpocratis
753 2838 764 2855 ,
791 2812 938 2859 adeoque
949 2814 982 2848 ὅ(
994 2813 1138 2848 Simonis

254 2862 351 2908 Magi
372 2863 563 2906 progeniem
579 2888 589 2904 ,
617 2874 718 2907 patres
739 2873 848 2899 autem
873 2866 996 2899 &avos
1017 2863 1137 2898 Valen-

255 2913 482 2952 tinianorum,
508 2913 645 2948 affirmat
667 2915 801 2949 Sanetus
820 2915 956 2948 Irenaeus
980 2940 987 2947 .
1027 2913 1111 2948 Cain
1127 2936 1138 2953 ,

255 2963 342 2997 Esau
364 2987 376 3002 ,
399 2961 587 2997 Sodomitas
606 2988 617 3004 ‚
645 2965 732 2999 Core
750 2987 761 3003 ‚
787 2962 920 3000 Dathan
938 2990 949 3006 ,
985 2963 1136 3005 Abiroff,

256 3013 373 3057 Judam
395 3012 603 3053 traditorem,
629 3013 774 3058 aliosque
796 3015 963 3049 sceleratos
986 3024 1137 3048 veneran-

254 3073 308 3097 tur
321 3071 359 3096 ut
371 3064 445 3096 suos
458 3064 568 3096 fratres
578 3064 612 3096 ὅ(
623 3062 775 3098 authores
786 3089 796 3105 ‚
824 3065 935 3099 Deum
948 3065 1136 3099 Creatorem

255 3111 502 3156 blasphemant,
527 3114 562 3147 δε
575 3112 696 3147 habent
709 3114 942 3149 sceleratiffima
954 3126 993 3149 ac
1012 3113 1137 3149 fabulo-

258 3162 375 3197 fiffima
395 3162 551 3207 dogmata
570 3175 584 3205 ;
609 3164 643 3197 &
661 3163 751 3206 Judae
771 3164 992 3210 Evangelium
1009 3189 1017 3197 .
1057 3164 1138 3210 Qae

257 3213 371 3246 omnia
381 3212 455 3246 vide
466 3213 550 3257 apud
561 3214 691 3248 Samios
701 3213 854 3248 Irenaeum
866 3239 876 3255 ,
902 3214 1111 3249 Philastrium
1125 3239 1136 3255 ,

259 3261 504 3305 Epiphanium,
531 3262 776 3308 Augustinum,
802 3264 1076 3306 Theodoretum,
1099 3277 1136 3299 ac

261 3311 296 3345 in
314 3314 471 3355 praesentis
494 3313 570 3347 libri
590 3311 765 3356 appendice
786 3339 794 3349 .
822 3314 978 3359 Ejusdem
999 3314 1135 3351 Haerefis

335 3389 340 3394 .
360 3359 462 3402 christ.
478 3367 555 3407 Lupi
565 3367 661 3406 opera
673 3367 705 3396 T.
717 3366 776 3398 IX.

143 2991 204 3023 Lib.
215 3002 237 3022 x.

120 3040 186 3072 t⁷²1²·
193 3041 226 3070 35
231 3053 239 3063 ·

1164 147 1181 181 1
1251 147 1272 178 s
1376 134 1651 181 XXXIIL
1915 149 2014 196 277

1186 217 1338 253 meminit
1351 215 1572 260 Septimiusin
1583 216 1819 254 exordiolibro
1832 219 1872 255 de
1885 220 2078 264 Baptismo·:

1188 273 1285 311 Atque
1294 269 1359 301 idei
1371 276 1465 309 nuper
1493 266 1667 310 conversata
1687 267 1744 307 istic
1756 271 1895 309 quaedam
1908 273 1944 305 de
1957 273 2078 312 Cajana
2096 294 2140 325 Ca
2189 303 2202 324 1

1186 317 1289 358 haerefi
1308 323 1416 360 vipera
1440 319 1661 358 venenatiffima
1673 341 1685 358 ,
1711 317 1909 359 doHrinasua
1925 321 2078 364 plerosque
2124 303 2169 333 ‘p'
2206 313 2214 323 ’

1185 374 1307 411 rapuit,
1334 373 1483 410 imprimit
1505 368 1701 411 Baptismum
1725 367 1897 408 destruens,
1920 371 2009 409 plane
2031 370 2078 414 se·-

1185 419 1312 452 cundum
1336 426 1494 452 naturam.
1529 422 1616 451 Nam
1645 420 1680 453 ὁ·
1702 421 1818 460 vt'perae
1840 441 1851 457 ,
1878 419 1912 450 Θ
1941 417 2074 459 aspides,

1187 468 1292 511 t'pfique
1315 470 1408 512 reguli
1422 466 1574 511 serpentes
1597 465 1887 511 arida&inaquosa
1903 465 2077 508 sedantur.

1190 520 1292 553 Hunc
1324 518 1444 552 librum
1468 519 1589 561 scripsit
1609 519 1760 552 adversus
1786 517 1879 552 issam
1914 516 2075 551 haerefim.

1189 569 1323 614 Pergit:
1350 573 1400 601 Ita
1423 571 1577 612 ‚Quintilla
1595 567 1832 610 monstrofiffima‚
1863 573 1908 601 cui
1931 578 1981 600 nec
2006 573 2080 600 intest

1186 621 1241 663 gre*
1254 620 1372 661 quidem
1387 620 1508 651 docendi
1520 621 1573 660 jus
1595 629 1680 658 erat,
1705 621 1813 659 optime
1832 624 1918 651 norat
1930 616 2080 661 pisciculos

1192 680 1313 710 necare,
1338 670 1374 702 de
1400 681 1479 711 aqua
1500 669 1640 710 auferens
1661 694 1667 701 .
1696 669 1777 703 Vox
1802 693 1813 709 ,
1840 669 1982 710 Integre,
2010 678 2079 701 non

1194 719 1405 753 nominaliter
1426 721 1471 753 est
1500 717 1687 762 accipienda
1713 743 1724 759 ,
1751 719 1805 753 sed
1838 717 2079 756 adverbialiter,

1193 770 1308 803 Sensus
1330 769 1399 803 est.
1425 769 1592 816 Qintilla
1615 781 1675 803 nec
1696 766 1822 814 integre
1848 767 2000 807 ἀῐεέὶε,
2027 768 2082 800 seu

1195 831 1253 852 nec
1266 820 1389 864 integra
1400 821 1432 853 &
1444 820 1524 853 reeta
1535 818 1652 854 docere
1663 828 1813 863 poterat,
1837 816 1962 861 quanto
1974 814 2082 851 minue

1195 868 1339 903 haeretice
1361 871 1414 904 seu
1434 868 1596 905 haeretica.
1625 870 1668 902 Et
1692 867 1770 902 hinc
1798 868 1886 903 vides
1897 869 1979 902 duos
1999 867 2083 901 alios

1194 919 1394 962 Cajanorum
1416 930 1538 955 errores
1560 946 1567 952 .
1594 919 1710 954 Primo
1731 943 1744 959 ,
1769 919 1935 962 Baptisma
1962 917 2086 952 aufere-

1194 968 1291 1003 bant.
1318 969 1448 1003 Deinde
1470 994 1482 1010 ,
1509 971 1662 1005 foeminas
1683 969 1916 1013 permittebant
1944 967 2083 1003 docere.

1194 1020 1267 1053 Nec
1290 1020 1413 1053 mireris
1424 1019 1508 1054 istud
1526 1047 1533 1053 .
1564 1021 1642 1054 Erat
1655 1020 1781 1054 facinus
1792 1030 1969 1054 commune
1988 1017 2088 1061 pluri·

1193 1069 1251 1103 bus
1263 1069 1439 1103 Gnosticis.
1465 1071 1568 1113 Qod
1582 1071 1723 1113 ipsorum
1739 1070 1840 1114 aliqui
1853 1069 1966 1103 omnia
1979 1070 2087 1102 Sacra·

1195 1129 1305 1152 menta
1318 1120 1510 1162 projecerint
1524 1143 1535 1159 ,
1562 1120 1595 1153 δε
1610 1130 1669 1153 nos
1683 1130 1738 1162 per
1750 1120 1850 1153 solam
1876 1119 2086 1163 agnitionem

1195 1170 1248 1202 seu
1271 1166 1369 1202 fidem
1391 1169 1535 1202 dixerint
1554 1168 1670 1202 redimi
1680 1180 1717 1202 ac
1732 1168 1920 1210 justificari,
1947 1169 2087 1202 affirmat

1195 1219 1329 1254 sanetus
1341 1219 1487 1252 Irenaeus.
1509 1217 1618 1251 Etiam
1631 1218 1737 1261 plures
1749 1218 1959 1261 permiserunt
1970 1217 2089 1251 docere

1196 1270 1364 1303 mulieres.
1391 1268 1546 1304 Lucetex
1556 1267 1773 1311 procaciffima
1801 1267 1998 1302 Marcellina
2012 1267 2090 1301 Car-

1196 1320 1335 1362 pocratis
1354 1318 1437 1352 ⁷.·.Et
1456 1318 1550 1361 quod
1572 1318 1706 1352 Marcus
1728 1317 1912 1362 AEgyptius
1937 1317 2091 1353 foeminas

1197 1368 1322 1412 jufferit
1330 1366 1524 1411 prophetare
1538 1391 1549 1407 ,
1561 1368 1669 1402 scribit
1681 1369 1815 1402 Sanctus
1828 1367 1963 1401 Irenaeus
1973 1392 1981 1400 .
2009 1366 2091 1400 Por-

1197 1419 1235 1453 ro
1250 1418 1309 1452 ista
1322 1417 1489 1464 Quintilla
1514 1428 1580 1451 non
1594 1418 1638 1450 est
1658 1417 1815 1450 Montani
1836 1418 1941 1451 socia.
1969 1416 2090 1461 Neque

1198 1469 1288 1503 enim
1302 1467 1487 1502 Montanus
1500 1466 1664 1511 Baptisma
1678 1467 1856 1510 proscripsit
1867 1492 1874 1499 .
1905 1468 1959 1500 Est
1979 1465 2091 1501 nescio

1198 1530 1268 1561 quae
1292 1519 1355 1551 alia
1378 1517 1536 1551 turbatrix
1561 1517 1705 1559 Cajan'a·.
1731 1517 1775 1551 Et
1795 1528 1838 1550 ex
1850 1516 1901 1551 his
1924 1517 2092 1561 intelliges

1200 1568 1304 1602 Sancti
1320 1567 1521 1611 Hieronymi
1538 1564 1578 1600 ad
1590 1569 1761 1603 Oceanum
1773 1567 1915 1608 litteras,
1941 1577 2011 1609 qua:
2033 1566 2090 1600 de·

1200 1617 1379 1653 monstrare
1400 1617 1530 1652 student
1554 1619 1740 1663 quempiam
1762 1628 1802 1652 ex
1825 1629 1894 1652 uno
1921 1627 1997 1652 ante
2019 1642 2029 1657 ‚
2055 1616 2092 1651 δε

1199 1668 1267 1702 alio
1289 1667 1359 1711 post
1374 1667 1576 1711 Baptismum
1599 1668 1757 1714 conjugio
1769 1681 1838 1704 non
1858 1668 1927 1704 fieri
1940 1666 2091 1712 irregula-

1199 1729 1265 1752 rem
1278 1742 1286 1749 .
1310 1719 1451 1752 -Famosa
1462 1719 1542 1752 olim
1556 1719 1620 1752 fuit
1633 1719 1692 1752 ista
1705 1720 1854 1762 quaestio.
1888 1719 1930 1753 Et
1955 1718 2092 1762 quidem

1201 1769 1354 1802 Romana
1370 1768 1511 1801 Eeclefia
1524 1769 1783 1802 constantiffime
1793 1770 1921 1803 censuit
1932 1793 1943 1809 ‚
1969 1770 2004 1802 ὅ(
2015 1769 2096 1802 sem-

1199 1828 1253 1860 per
1265 1816 1380 1851 docuit
1394 1826 1517 1860 partem
1530 1818 1759 1851 affirmativam
1771 1842 1779 1849 .
1808 1818 1857 1852 At
1870 1816 1946 1852 vero
1957 1820 2092 1853 Sanctus

1200 1867 1426 1910 Hieronymus
1447 1877 1488 1900 ex
1511 1866 1609 1910 pleno
1632 1868 1758 1910 pestore
1769 1869 1852 1902 favit
1871 1869 2092 1914 negantibus,

1199 1917 1339 1960 ideoque
1352 1917 1386 1951 &
1399 1915 1535 1959 scripsit:
1563 1915 1719 1961 Consurgit
1731 1917 1808 1949 mibi
1817 1920 1940 1958 Cajana
1951 1917 2069 1960 baeresis
2079 1942 2092 1959 ,

1198 1975 1291 2007 atque
1308 1967 1376 1998 olim
1394 1973 1526 1998 emortua
1547 1972 1656 2008 vipera
1676 1972 1832 1999 contritum
1869 1976 1958 2010 caput
1980 1970 2090 2011 levat,

1198 2026 1266 2057 quae
1288 2026 1345 2047 non
1370 2023 1542 2057 exparte,
1570 2025 1603 2049 ut
1615 2025 1685 2050 ante
1698 2015 1908 2059 consueverat,
1930 2017 2090 2062 sedtotum

1199 2063 1309 2104 Christi
1316 2063 1437 2107 subruit
1447 2067 1686 2100 Sacramentum.
1714 2070 1797 2100 Dicit
1809 2072 1889 2100 enim
1912 2069 1963 2111 effe
1985 2071 2089 2111 altqua

1195 2122 1320 2156 peccata
1333 2140 1344 2155 ,
1369 2126 1437 2157 quae
1457 2114 1589 2156 cbristus
1613 2128 1671 2149 non
1687 2117 1768 2158 poffie
1789 2125 1922 2160 purgare
1940 2118 2088 2162 sanguine

1196 2163 1249 2206 suo
1259 2188 1271 2204 ‚
1297 2167 1331 2198 Θ
1343 2173 1407 2197 tam
1415 2165 1588 2206 prqf'undas
1594 2164 1616 2208 s
1613 2167 1736 2200 celerum
1743 2167 1933 2208 pristinorum
1944 2169 2088 2203 inhaerere

1202 2214 1364 2255 corporibus
1373 2220 1520 2248 cicatrices
1535 2241 1546 2257 ,
1570 2225 1603 2249 ut
1615 2217 1694 2250 illius
1704 2218 1852 2250 medicina
1862 2225 2017 2253 attenuari
2029 2231 2089 2253 non

1203 2273 1330 2306 queant.
1359 2264 1421 2299 Per
1444 2267 1567 2309 peccati
1589 2267 1942 2313 cicatricemintelligit
1953 2270 2089 2314 gentilis

1204 2315 1407 2348 matrimonii
1432 2316 1626 2358 vinculum,
1652 2317 1687 2350 ὅτ
1706 2317 1830 2361 exipso
1853 2319 1959 2361 postea
1979 2330 2089 2354 natatu

1202 2363 1486 2407 irregularitatem:
1519 2367 1561 2401 Et
1571 2367 1628 2410 qui
1643 2366 1708 2400 haec
1724 2378 1779 2411 per
1801 2368 2004 2411 Baptismum
2014 2381 2092 2404 cen»

1203 2413 1316 2447 sebant
1343 2425 1413 2448 non
1434 2415 1576 2456 auferri,
1603 2419 1731 2451 accusat
1751 2417 1793 2452 de
1811 2418 1934 2461 Cajana
1959 2416 2088 2455 haerefi.

1201 2463 1376 2498 Memento
1389 2465 1582 2509 loquiliberi
1606 2468 1674 2501 oris
1694 2467 1963 2511 Hieronymum.
1992 2468 2090 2505 Certe

1200 2513 1292 2546 istam
1317 2513 1385 2557 ejus
1411 2516 1606 2550 sententiam
1630 2516 1747 2551 merito
1768 2520 1894 2552 notavit
1913 2518 2090 2561 Ruffinus,

1200 2564 1231 2596 &
1244 2563 1300 2596 ille
1311 2573 1380 2597 non
1392 2565 1484 2600 scivit
1498 2566 1529 2600 se
1539 2577 1676 2611 purgare
1688 2591 1697 2600 .
1723 2567 1825 2602 Recte
1837 2578 1928 2602 enim
1940 2593 1951 2609 ,
1978 2568 2090 2604 scribit

1200 2614 1333 2647 Sanctus
1356 2613 1444 2659 Papa
1456 2616 1690 2650 Innocentius:
1719 2616 1879 2661 Baptismo
1890 2617 2087 2661 solapeccatae

1194 2662 1352 2706 solvuntur·
1360 2689 1372 2705 ‚
1399 2677 1457 2699 non
1464 2675 1650 2709 acceptarum
1661 2678 1786 2700 uxorum
1796 2679 1934 2700 numerus
1946 2669 2086 2702 aboletur.

1198 2714 1277 2747 Haec
1288 2713 1491 2759 Hieronymi
1506 2717 1603 2750 verba
1614 2741 1625 2756 ,
1652 2719 1734 2759 ,ραι
1746 2728 1803 2749 non
1812 2728 1851 2749 ex
1859 2724 1969 2757 parte,
1985 2726 2019 2749 ut
2030 2729 2087 2750 an-

1200 2765 1230 2796 te
1258 2761 1468 2806 consueverat,
1490 2765 1548 2809 sed
1554 2773 1647 2797 totum
1657 2764 1769 2804 christe
1777 2763 1893 2806 subruit
1914 2768 2086 2802 Sacramen-

1198 2822 1281 2854 tum,
1308 2812 1411 2850 fateor
1432 2815 1451 2848 a
1471 2825 1525 2848 me
1548 2824 1616 2847 non
1631 2813 1794 2858 intelligi.
1821 2813 2010 2850 Dicendum
2026 2827 2087 2860 po·

1198 2864 1261 2897 tius
1274 2864 1398 2899 fuerat:
1420 2866 1502 2908 ,ραι
1511 2875 1569 2897 non
1579 2871 1672 2897 totum
1684 2886 1694 2902 ,
1714 2862 1774 2906 sed
1782 2875 1820 2897 ex
1829 2872 1942 2907 parte,
1963 2864 2085 2908 subruit

1197 2912 1307 2954 Christ}
1327 2916 1547 2948 Sacramentum
1562 2938 1570 2946 .
1599 2913 1735 2948 Etenim
1761 2913 1885 2956 Cajana
1906 2915 2084 2961 haerefisip-

1199 2966 1267 2997 sum
1278 2971 1385 2998 totum
1397 2964 1546 2999 subruere
1558 2963 1681 2998 studuit
1694 2986 1705 3004 ‚
1728 2962 1787 2998 ista
1799 2963 1959 3000 Romanae
1974 2966 2086 3004 Eccle-

1198 3016 1246 3048 siae
1266 3015 1427 3049 sententia
1450 3026 1518 3050 non
1542 3014 1651 3059 potuit
1672 3014 1730 3048 nili
1752 3024 1894 3057 exparte
1914 3015 2084 3051 frustrare.

1199 3063 1354 3107 Ejusdem
1380 3063 1503 3100 haerelis
1525 3063 1679 3100 meminit
1702 3062 1788 3098 idem
1808 3063 2036 3109 Hieronymus
2046 3067 2083 3101 in

1198 3114 1282 3149 libro
1301 3123 1414 3150 contra
1434 3114 1678 3161 Vigilantiam:
1704 3114 1812 3148 scribit
1822 3116 1971 3150 adversus
1992 3116 2084 3152 baere-
2104 3120 2177 3159 Cap.
2193 3121 2225 3160 3⁴.

1192 3165 1248 3208 fim
1263 3171 1345 3199 tuam
1359 3190 1370 3206 ,
1395 3177 1462 3209 quae
1475 3167 1543 3198 olim
1557 3169 1652 3208 erupit
1661 3174 1764 3199 eontra
1774 3165 1929 3208 Ecclefiam
1940 3191 1951 3207 ‚
1970 3168 2083 3206 Tertul-

1197 3217 1296 3249 lianus
1317 3222 1368 3251 vir
1388 3216 1586 3256 eruditissimus
1611 3212 1717 3259 infigne
1726 3215 1885 3255 volumen,
1912 3217 1992 3259 quod
2002 3219 2081 3251 Scor-

1193 3272 1314 3308 piacum
1327 3277 1413 3300 vocat
1424 3265 1568 3305 refflfflmo
1582 3272 1699 3299 nomme
1708 3290 1719 3305 ‚
1745 3271 1816 3308 quia
1828 3275 1944 3300 arcuato
1957 3268 2082 3302 vulnere

1197 3321 1230 3349 in
1255 3317 1388 3360 Ecclefiae
1409 3325 1512 3360 corpu:
1526 3326 1643 3351 venena
1665 3315 1808 3356 dfflndie
1820 3339 1829 3349 .
1856 3318 1936 3360 ,Quae
1948 3318 2017 3350 olim
2027 3326 2083 3361 ap·

1594 3366 1626 3401 A
1653 3377 1672 3401 a
1719 3375 1743 3412 3
1936 3367 2033 3410 pella-

2110 1323 2169 1353 Lib.
2181 1333 2206 1352 ι.

2107 1373 2170 1404 σαι»,
2179 1374 2206 1402 9-

2114 1939 2251 1980 Epist-832

2111 1990 2175 2020 cap.
2189 1993 2217 2013 ι.
