2346 3724
736 136 1150 180 CAPIT

236 223 270 270 se
291 220 478 262 monstraret,
502 219 543 253 ’ἀ
565 228 603 252 'ne
622 221 674 260 qui
686 216 849 262 sponsabat
866 233 886 258 ·,
913 216 1123 261 perseveraret

233 283 336 317 »petere
356 296 363 303 .
400 267 520 308 Sexto,
558 267 649 311 quod
671 270 765 302 sacras
782 267 937 313 Virgines
957 267 1121 313 gestarent

237 321 394 359 mitrellas
416 329 590 363 purpureas
600 318 634 353 &
644 330 753 353 aureas
767 331 775 351 z
801 317 853 351 Ex
865 318 937 352 lana
948 327 1103 361 purpurea
1111 340 1121 356 ‚

235 383 317 407 auro
337 372 509 404 intertexta
526 394 534 401 .
575 369 653 403 Erat
672 371 899 403 ornamentum
922 368 957 402 δε
980 366 1122 402 laureola

234 423 335 457 tantae
361 419 564 464 profeffionis
588 419 623 453 δὲ
647 419 900 454 consecrationis
920 444 927 450 .
955 416 1123 462 Septimo,

236 470 328 515 quod
351 469 534 504 facinorosa
556 469 803 503 Donatistarum
823 467 958 502 audacia
982 467 1123 512 profeffis

235 519 434 566 Virginibus
452 520 562 554 datam
578 517 602 551 ἢ
617 517 797 554 Catholicis
820 518 990 562 Episcopis
1012 518 1121 552 conse-

237 573 418 612 crationem
434 581 473 604 ac
492 569 675 612 impolitam
695 569 823 603 mitram
846 568 1026 603 exsufflarit
1047 578 1122 602 curn

236 621 314 656 aliis
335 619 572 658 sacramentis,
597 629 695 663 atque
717 618 839 653 iterarit
857 645 865 652 .
892 617 997 666 Qod
1019 616 1124 653 exsuf-

237 671 324 706 fla‘rit
346 671 447 714 ipsam
467 669 568 703 etiam
591 669 817 714 profeffionem
830 694 837 701 .
864 669 909 703 Et
930 670 991 703 hac
1003 668 1044 702 de
1055 678 1125 702 cau·

170 718 192 745 'T'
236 722 271 755 sa
291 721 429 755 sanstus
451 721 593 763 Optatus
629 718 742 754 multis
776 719 1010 754 demonstravit
1033 718 1123 752 istam

137 769 143 772 ’
175 781 179 785 ·
234 770 367 805 mitram
389 781 458 804 non
471 770 535 804 esse
545 770 654 814 gratiae
663 768 856 804 donativum
869 771 1127 807 Sacramentum,

235 819 297 854 std·
315 831 441 855 merum
462 821 591 865 lignum
614 820 797 861 spontaneae
821 818 1015 852 voluntatis.
1044 818 1127 864 Qo

237 869 362 904 scilicet
383 872 547 904 evinceret
568 867 695 902 nullum
713 868 966 902 fundamentum
986 893 997 908 ,
1024 866 1127 901 immo

238 919 373 954 nullum
397 918 489 952 fuine
510 919 656 958 fucum,v
673 929 714 950 ex
735 930 802 962 quo
829 919 996 952 iteraretur
1006 916 1064 951 ista
1075 928 1126 950 cae-

241 967 392 1003 remonia
404 993 414 1009 ,
440 979 478 1002 ac
499 968 571 1012 ipsae
593 968 686 1002 sacrae
699 967 853 1013 Virgines
865 969 1128 1012 adspergerentur

238 1018 421 1053 :immundis
441 1017 625 1058 cineribus,
651 1018 838 1061 &ipsarum
852 1019 956 1052 crines
977 1029 1060 1061 aqua
1074 1017 1127 1050 sal-

234 1070 276 1103 ·sa
297 1069 481 1102 lavarentur
502 1092 512 1101 .
549 1065 678 1102 Ostavo
700 1064 875 1108 disciinus,
901 1068 990 1112 quod
1016 1068 1129 1102 eadem

238 1117 377 1153 audacia
397 1118 494 1152 etiam
516 1118 686 1152 mitrarum
725 1119 892 1153 materiam
920 1118 1100 1152 mutaverit*
1123 1141 1130 1149 .

236 1169 377 1204 Etenim
399 1167 485 1210 jnffit
506 1169 650 1211 capitum
677 1168 768 1212 figna
791 1167 957 1202 immutari
978 1193 988 1209 ,
1004 1166 1128 1210 ‘projici

237 1218 397 1253 mitrellas
419 1228 552 1259 aureas,
578 1218 703 1252 &alias
713 1219 833 1261 accipi.
857 1219 938 1252 Haec
951 1217 1062 1251 verba:
1088 1220 1132 1249 De

240 1280 303 1312 qua
327 1269 401 1302 lana
425 1269 556 1302 mitrella
576 1267 685 1309 fieret,
711 1276 765 1301 aut
786 1269 825 1301 de
840 1279 900 1311 qua
905 1276 1044 1311 purpura
1062 1273 1130 1309 pin-

236 1327 358 1362 geretur
367 1343 378 1359 ,
393 1318 568 1358 insinuant,
581 1316 671 1359 quod
683 1328 750 1351 non
764 1319 995 1352 tantummodo
1007 1327 1134 1357 aurum,

240 1367 297 1405 sed
315 1368 534 1411 &purpuram
555 1366 701 1410 jusserint
735 1368 852 1401 auferri
874 1368 1025 1402 mitrellis
1050 1390 1061 1408 ,
1096 1370 1133 1401 ac

241 1418 328 1460 ipsas
342 1416 412 1450 fieri
438 1416 480 1449 de
502 1415 560 1449 {nli
585 1416 677 1450 lana.

289 1464 457 1499 Elucidari
483 1462 550 1499 haec
571 1464 691 1500 debent
712 1476 753 1500 ex
777 1467 876 1502 nostri
888 1469 1135 1513 Septimiilibro

235 1513 279 1550 de
297 1514 445 1551 velandis
469 1514 684 1560 Virginibus.
711 1516 864 1552 Affirmat
888 1530 955 1552 non
969 1520 1137 1562 quascum-

235 1576 301 1609 que
322 1563 495 1599 dumtaxat
520 1565 678 1610 Virgines
700 1590 715 1606 ‚.
737 1567 792 1602 sed
815 1568 850 1602 ἀ
873 1569 1036 1603 maritatas
1061 1580 1136 1602 mu·-

235 1616 353 1657 lieres,
378 1615 458 1650 dum
475 1616 659 1659 procedunt
680 1627 737 1651 aut
758 1628 912 1662 apparent
931 1618 965 1652 in
980 1618 1136 1662 publico,

238 1675 394 1710 oportere
418 1665 540 1707 velari,
568 1676 665 1711 atque
688 1669 913 1712 prosequitur:
945 1673 1048 1702 Mitris
1059 1675 1137 1703 enim

235 1717 271 1751 ό*
290 1716 370 1750 lanis
389 1716 527 1758 quaedam
553 1727 611 1750 non
632 1718 742 1751 velant
762 1727 852 1761 caput
883 1743 894 1760 ‚
914 1718 974 1763 sed
995 1721 1138 1754 circumli-

232 1775 330 1811 gant.
356 1768 382 1798 A
398 1765 503 1808 fronte
525 1767 645 1808 quidem
662 1767 824 1811 praedae,
848 1771 909 1811 qua
932 1771 1058 1812 proprie
1086 1780 1138 1802 au-

235 1824 299 1850 tem
316 1824 406 1858 caput
428 1816 468 1856 est
483 1841 495 1858 ,
520 1818 610 1850 nudae
635 1843 641 1849 .
671 1817 825 1852 Affirmat
847 1820 960 1853 mitras
981 1819 1137 1864 conjuga-

234 1866 280 1900 tis
301 1866 401 1900 etiam
421 1865 567 1900 foeminis
588 1867 684 1901 fuiffe
707 1879 903 1903 communes
924 1894 931 1901 .
971 1870 1026 1904 Est
1048 1870 1131 1903 anti-

233 1915 404 1961 quiffimus
425 1923 536 1950 earum
557 1926 710 1952 ornatus.
738 1918 873 1953 Etenim
895 1919 936 1954 de
950 1920 1063 1954 sancta
1078 1921 1128 1963 Ju-

233 1964 309 2000 dith
336 1964 436 2000 habet
459 1967 544 2000 sacer
564 1967 696 2002 Textus
719 1980 727 2000 :
769 1968 1002 2012 Discriminavtt
1027 1975 1133 2003 crinem

235 2021 347 2058 capitis
362 2015 413 2058 sui
424 2039 435 2056 ,
462 2017 496 2050 δ’
519 2015 656 2060 imposuit
681 2023 807 2052 mitram
822 2018 913 2062 super
926 2028 1016 2062 caput
1023 2018 1131 2063 suum.

234 2066 280 2099 Et
306 2066 390 2100 inter
410 2077 624 2108 ornamenta,
653 2078 794 2111 quorum
814 2070 928 2104 luxum
944 2071 977 2104 in
991 2069 1132 2113 Judaicis

234 2116 383 2149 foeminis
403 2114 573 2150 damnavit
596 2116 695 2152 Isaias
706 2117 870 2163 Propheta
883 2144 894 2159 ‚
921 2121 1058 2154 erant&
1074 2120 1132 2154 mi-

233 2174 306 2199 trae.
337 2166 431 2212 Qin
453 2166 487 2200 &
506 2166 607 2208 viris,
623 2168 667 2202 ’δε
693 2169 828 2212 quidem
857 2169 1018 2205 militibus
1038 2170 1133 2204 fuiffe

235 2226 449 2255 communes,
473 2217 618 2250 ostendit
641 2216 695 2250 hic
722 2217 858 2261 Virgilii
873 2220 1002 2251 versus.-
1029 2223 1076 2250 Et
1088 2227 1134 2250 tu-

236 2271 312 2298 nicae
332 2270 466 2297 manicas
490 2289 501 2304 ,
527 2268 561 2298 ὀ·
583 2265 695 2297 babent
719 2268 892 2299 redimicula
917 2273 1017 2300 mltrae
1040 2291 1047 2298 .
1086 2266 1134 2299 At

235 2315 315 2347 viris
334 2314 561 2357 incongruus,
586 2315 620 2347 ὃ(
642 2314 885 2356 ignominiosus
904 2324 973 2346 erat
995 2314 1054 2347 iste
1074 2311 1135 2346 ha-

235 2362 341 2396 bitus.
369 2362 478 2406 Qale
496 2360 612 2403 capitis
626 2361 870 2403 operimentum
895 2362 992 2397 fuerit
1015 2363 1111 2397 mitra
1125 2388 1136 2404 ,

235 2422 305 2445 non
326 2410 373 2443 est
398 2410 455 2444 hic
474 2409 679 2454 disquirendi
708 2411 821 2446 locus.
850 2410 997 2447 Adduco
1022 2422 1133 2447 tamen

239 2460 354 2504 Jacobi
376 2459 515 2499 Pamelii
556 2460 598 2495 ad
620 2460 721 2495 nostri
744 2462 902 2497 Doctoris
929 2462 1026 2497 verba
1049 2474 1136 2497 com-

235 2510 434 2546 mentarium
455 2522 462 2542 :
492 2513 589 2544 Mitt-a
611 2520 678 2544 erat
696 2522 799 2546 corona
823 2512 975 2546 muliebris
1000 2539 1012 2555 ,
1047 2521 1137 2556 atque

239 2558 314 2595 adea
336 2571 393 2594 non
415 2560 542 2594 velabat
558 2586 568 2602 ‚
590 2560 650 2604 sed
660 2562 885 2607 circumligabat
894 2571 1001 2605 caput,
1027 2575 1066 2597 ex
1078 2575 1137 2606 qua

209 2632 212 2634 -
239 2611 414 2654 pendebant
429 2609 565 2653 saftiolae
579 2636 590 2651 ,
609 2623 678 2654 quae
694 2612 796 2654 phylla
819 2612 992 2647 dicebantur
1013 2640 1021 2647 .
1058 2615 1137 2648 Erat

240 2659 353 2705 potius
363 2671 615 2702 ornamentum,
640 2661 735 2706 quam
749 2664 882 2706 plenum
895 2664 1020 2699 velum.
1043 2662 1136 2698 Hinc

243 2711 336 2744 enim
359 2710 530 2750 mulieres,
557 2723 626 2754 quae
649 2712 684 2746 in
699 2714 765 2747 sola
788 2714 884 2748 mitra
896 2713 1137 2756 procedebant,

245 2761 374 2794 Docto'r
388 2761 517 2804 arguit.
546 2760 648 2809 Quod
670 2762 763 2797 sacrae
786 2763 943 2809 Virgines
968 2765 1003 2799 in
1024 2765 1137 2799 solem-

248 2811 285 2844 ni
309 2810 455 2843 Ecclesiae
478 2821 644 2845 conventu
678 2824 844 2856 nequeant
867 2813 984 2848 habere
1007 2815 1135 2854 sedem,

250 2862 306 2894 seu
327 2858 425 2902 quod.
444 2860 508 2894 illis
533 2862 572 2895 ad
595 2860 757 2897 honorem
794 2863 879 2898 nihil
900 2864 941 2899 de
967 2865 1044 2899 loco
1065 2875 1138 2908 per-

252 2910 384 2944 milium
407 2908 468 2949 fit,
493 2909 589 2945 docet
609 2913 644 2946 in
667 2924 759 2948 nono
771 2914 913 2957 ejusdem
926 2914 999 2948 libri
1011 2917 1138 2958 capite,

254 2971 293 2993 ac
313 2958 346 2991 in
377 2958 507 2992 decimo
531 2964 650 3005 pergit:
679 2966 725 2996 Sic
741 2975 792 2998 nec
812 2967 850 2998 de
860 2965 1010 3007 aliquibus
1021 2964 1138 3009 infigni-

255 3010 313 3043 bus
327 3034 334 3040 .
361 3010 511 3041 caeteram
526 3007 606 3052 satis
631 3011 852 3054 inhumanum,
870 3014 900 3056 fi
912 3014 1051 3056 foeminae
1073 3021 1137 3057 qut-

256 3060 347 3097 dem,
369 3066 425 3100 per
449 3065 546 3091 omnia
557 3064 634 3093 viris
652 3061 802 3104 subdttae,
829 3064 1029 3108 honorigeram
1039 3075 1140 3098 notam

258 3113 450 3152 virginitatis
471 3107 533 3150 suae
553 3110 744 3153 presserant,
770 3113 853 3156 quafi
865 3113 1084 3158 suspiciantur,
1105 3117 1139 3148 Θ

257 3156 525 3200 circumspiciantur
537 3184 547 3199 ,
572 3161 605 3192 (θ’
626 3162 848 3204 magnificentur
859 3166 879 3197 ἃ
882 3164 1038 3207 fratribus
1049 3190 1064 3206 ,
1078 3170 1140 3199 'viri

259 3215 358 3242 autem
381 3217 426 3240 tot
448 3212 605 3252 Virgines,
632 3220 676 3243 tot
687 3210 838 3253 spadones
859 3217 1020 3248 voluntari}
1032 3239 1044 3255 ,
1070 3226 1142 3249 caeco

258 3259 331 3292 hono
348 3256 401 3300 suo
421 3260 558 3294 incedant
580 3285 590 3300 ‚
630 3260 708 3293 nibil
735 3262 884 3305 gestantes
908 3265 988 3305 quod
1008 3266 1042 3298 (τ
1067 3263 1140 3307 ipsos

253 3308 356 3353 faciat
376 3308 519 3348 illustres.
546 3310 646 3344 Sacrae
664 3311 767 3355 igitur·
779 3311 936 3358 Virgines
953 3324 1031 3349 tunc
1041 3315 1142 3361 gesta-

359 3357 466 3400 Christ.
480 3363 560 3402 Lupi
570 3364 667 3402 Opera
689 3364 722 3393 T.
735 3364 794 3396 IX.

80 1671 154 1710 Cap.
174 1680 219 1706 17.

1221 145 1327 176 IS
1430 130 1578 175 III.
1947 148 2002 189 33

1186 216 1264 250 bant
1285 215 1395 257 aliqua
1418 214 1556 259 infignia
1575 237 1588 254 ,
1618 222 1674 256 per
1693 224 1760 257 quae
1782 213 2039 260 suspiciebantur
2058 239 2070 256 ,

1185 264 1530 309 circumspiciebantur
1551 287 1563 304 ,
1598 274 1637 297 ac
1658 264 1953 308 magnificabantur
1973 267 1991 300 a
2010 265 2072 301 fra-

1186 315 1290 350 tribus
1314 340 1320 347 .
1357 315 1406 349 Ea
1423 314 1595 360 gestabant
1615 313 1691 347 solae
1711 313 1859 347 foeminei
1881 337 1892 353 ‚
1916 328 1985 350 non
2006 327 2072 350 ma.

1186 366 1304 400 sculini
1327 365 1419 399 sexus
1442 364 1616 409 Virgines.
1646 363 1690 396 Et
1702 362 1768 406 ipsa
1780 363 2006 399 Tertullianus
2016 378 2073 400 vo-

1188 416 1250 449 luit
1272 415 1444 459 abrogata.
1475 414 1566 448 Audi
1588 414 1738 448 causam:
1766 412 1851 446 cmi
1861 411 1965 455 sumus
1985 417 2073 455 spiri.

1188 474 1251 499 tum
1273 465 1413 498 sanctum
1433 466 1529 509 magis
1549 462 1687 506 maftuIIs
1697 465 1757 497 tale
1767 464 1887 505 aliquid
1891 460 2071 505 subscribere

1185 516 1325 559 potuisse,
1346 514 1520 556 fifoeminis
1538 512 1740 557 subscripfiffet
1763 537 1772 545 .
1800 510 1968 547 ‘Praedicat
1987 513 2074 555 spiri-

1190 577 1260 600 tum
1272 590 1283 607 ‚
1303 566 1360 609 qui
1382 565 1450 598 istis
1460 563 1574 599 diebus
1584 565 1686 598 fuerat
1700 563 1734 596 in
1748 560 1965 597 Haereliarcha
1976 562 2076 597 Mon-

1191 627 1270 650 tano
1293 615 1443 653 locutus,
1471 624 1569 658 atque
1588 614 1672 648 inter
1698 613 1778 647 alias
1790 612 2018 649 Ecclefiasticae
2028 613 2079 646 di-

1190 666 1332 710 sciplinae
1349 665 1598 699 reformationes
1621 662 1751 697 volebat
1771 662 1830 696 ista
1849 663 1951 698 etiam
1973 663 2080 697 foemi-

1189 727 1256 750 neae
1275 714 1619 760 virginitatisinlignia
1632 712 1829 756 proscribi&
1841 713 1963 748 aboleri
1976 738 1982 745 .
1998 713 2078 747 Erat

1164 807 1168 811 ἱ
1193 767 1321 810 spiritus
1342 764 1553 808 Pythonicus
1571 788 1598 803 .,
1621 764 1666 797 Et
1690 763 1779 797 hunc
1807 763 1926 798 librum
1951 764 2080 799 Dostor

1191 814 1333 851 omnino
1353 816 1472 858 scripsit
1497 814 1568 858 post
1589 815 1682 848 suum
1701 813 1824 857 lapsum
1837 838 1844 845 .
1870 813 1997 847 Verum
2010 824 2080 856 quae

1194 867 1252 900 ista
1274 866 1438 910 insignia?
1465 864 1565 899 Certe¹
1583 875 1652 898 non
1675 863 1740 898 alia
1762 888 1773 904 ,
1800 863 1897 907 quarn
1922 873 2084 907 purpurea}

1191 918 1224 951 &
1247 927 1349 950 aureae
1369 916 1487 949 mitrae.
1518 913 1674 949 Aristum
1701 914 1923 948 facinorosum
1936 914 2085 957 spiritum

1192 964 1366 1001 Catholica
1387 966 1498 1000 Mater
1511 964 1655 1000 Ecclesia
1672 974 1741 997 non
1756 965 1917 1003 attendit,
1945 963 2088 1006 ideoque

1193 1067 1436 1110 permanserunt
1456 1088 1464 1097 .
1507 1063 1613 1097 Porro
1637 1063 1820 1098 Donatistae
1841 1063 2091 1098 Tertullianum

1195 1114 1377 1151 habuerunt
1399 1115 1433 1148 in
1460 1113 1584 1157 pretio.
1615 1112 1748 1155 Utpote
1758 1114 1898 1156 primum
1917 1113 2092 1150 authorem

1195 1166 1332 1201 iterandi
1361 1165 1590 1209 Baptismatis.
1617 1161 1771 1197 Creditur
1792 1163 1883 1197 enim
1905 1163 1962 1198 ille
1975 1163 2094 1206 Agrip-

1195 1218 1265 1261 pini
1283 1214 1553 1259 Carthaginenfis
1567 1213 1851 1256 Archi-Episcopi
1865 1237 1876 1252 ,
1902 1214 1958 1256 qui
1971 1215 2094 1259 primus

1194 1267 1366 1301 attentavit
1389 1265 1473 1299 istud
1498 1266 1627 1299 facinus
1649 1288 1660 1304 ,
1698 1263 1793 1299 fuisse
1816 1262 1992 1306 Presbyter
2014 1276 2023 1298 .·
2051 1262 2097 1297 Et

1199 1318 1304 1360 ipsum
1329 1317 1437 1350 forsan
1463 1316 1500 1349 in
1522 1315 1616 1349 istam
1638 1314 1810 1350 audaciam
1834 1312 2099 1356 circumscripfit.

1199 1369 1280 1401 Eam
1302 1365 1377 1401 sane
1399 1365 1589 1400 constanter
1611 1374 1721 1399 tuetur
1744 1366 1784 1399 iu
1801 1363 1889 1399 libro
1911 1361 2104 1405 destssaptis-

1198 1428 1253 1451 mo
1280 1440 1288 1449 .
1327 1416 1379 1449 Ex
1401 1416 1471 1458 ejus
1490 1414 1572 1460 ergo
1594 1414 1764 1458 principiis
1778 1414 1889 1449 >etiarn
1913 1411 2102 1448 Donatista:

1198 1476 1367 1502 mutarunt
1393 1466 1555 1504 sacrarum
1576 1463 1761 1509 Virginum
1784 1464 1898 1499 mitras
1919 1487 1931 1505 ,
1956 1473 1996 1502 ac
2019 1462 2102 1508 ipsas

1198 1528 1277 1552 auro
1300 1517 1335 1551 δε
1360 1525 1497 1560 purpura
1519 1514 1725 1558 spoliarunt.

1245 1566 1444 1601 Notandum
1470 1564 1539 1606 est,
1565 1562 1654 1608 quod
1679 1565 1815 1600 Sanetus
1826 1566 1972 1609 Optatus
1985 1564 2102 1600 multis

1197 1616 1398 1652 demonstret
1422 1614 1617 1661 virginalem
1648 1614 1879 1659 profeffionem
1913 1615 1931 1649 a
1957 1616 2100 1651 mitrella

1199 1679 1269 1702 non
1291 1666 1491 1711 dependere,
1517 1677 1579 1699 nec
1592 1664 1735 1709 adjuvari
1748 1676 1803 1708 per
1828 1666 1929 1710 ipsam
1941 1691 1953 1707 ‚
1970 1676 2037 1701 ¹aut
2050 1677 2101 1700 ro-

1173 1003 1227 1182 l&
1250 1027 1350 1050 aureae
1372 1027 1409 1049 ac
1431 1026 1596 1059 purpurea:
1615 1014 1774 1047 sacrarum
1785 1014 1967 1059 Virginum
1989 1013 2090 1047 mitrae

1200 1718 1325 1758 borari,
1357 1717 1411 1751 sed
1434 1716 1499 1751 effe
1521 1717 1706 1759 spontaneae
1726 1716 1898 1751 electionis
1920 1728 1959 1751 ac
1980 1716 2100 1751 volun-

1199 1767 1274 1803 tatis
1293 1794 1299 1800 .
1330 1766 1457 1802 Eodem
1483 1768 1577 1801 sensu
1602 1767 1813 1809 accipiendus
1834 1767 1881 1801 est
1894 1766 2101 1810 Apostolica-

1199 1830 1271 1852 rum
1309 1817 1596 1852 Constitutionum
1621 1813 1757 1851 Author
1780 1841 1791 1858 ‚
1828 1816 1942 1852 dicens
1977 1818 2100 1851 sacram

1199 1868 1379 1913 Virginem
1404 1879 1473 1902 non
1497 1867 1567 1901 fieri
1587 1864 1821 1908 ordinatione,
1846 1868 1902 1902 seu
1921 1867 2103 1910 impolitio-

1202 1930 1243 1952 ne
1266 1929 1443 1952 manuum.
1470 1916 1561 1965 Qia
1584 1927 1702 1960 nempe
1725 1918 1818 1952 illam
1829 1917 1909 1952 facit
1922 1918 2103 1962 spontanea

1200 1967 1375 2012 profeffio,
1401 1967 1493 2009 cujus
1517 1967 1577 2001 ista
1600 1967 1773 2003 ordinatio
1797 1966 1843 2002 est
1860 1967 2033 2002 dumtaxat
2045 1967 2103 2000 ob-

1201 2019 1340 2064 signatio
1360 2019 1394 2053 &
1419 2027 1670 2052 ornamentum.
1697 2017 1886 2052 Etaddusta
1898 2016 2103 2052 Tertulliani

1205 2069 1301 2104 verba
1321 2068 1448 2103 fortiter
1459 2069 1605 2101 innuunt
1616 2090 1626 2104 ‚
1652 2066 1743 2108 quod
1758 2068 1848 2100 ficrae
1862 2066 2023 2103 Afrorum
2037 2065 2101 2099 isto

1204 2129 1351 2163 tempore
1372 2117 1532 2162 Virgines
1558 2116 1631 2148 solis
1644 2115 1771 2155 mitris,
1799 2114 1943 2158 ideoque
1954 2125 2021 2149 non
2037 2117 2102 2158 ple-

1204 2168 1268 2207 ne,
1299 2168 1499 2201 velarentur.
1527 2163 1631 2210 Qdd
1660 2164 1771 2198 mitras
1784 2165 2100 2210 apertasgestarent.

1204 2217 1237 2249 Si
1262 2216 1394 2248 fuirffent
1415 2215 1660 2258 superimpolito
1681 2215 1756 2248 velo
1776 2217 1863 2248 testae
1875 2239 1886 2255 ,
1913 2214 2024 2261 Virgo
2047 2227 2103 2259 per

1203 2276 1256 2299 eas
1278 2276 1347 2298 non
1374 2273 1499 2306 poterat
1512 2263 1647 2306 suspici,
1673 2265 1902 2307 circumspici,
1928 2266 2103 2309 &magni-

1204 2313 1312 2346 ficari.
1339 2311 1382 2344 Et
1405 2311 1484 2345 hinc
1507 2314 1630 2354 prodiit
1653 2313 1807 2348 Dostoris
1830 2314 1909 2349 liber
1930 2316 1972 2349 de
1994 2316 2105 2350 velan-

1175 2402 1177 2405 .
1204 2363 1253 2397 dis
1266 2361 1479 2406 Virginibus.
1508 2362 1590 2395 Non
1615 2362 1719 2395 voluit
1741 2363 1864 2398 ablatas
1885 2365 2019 2406 mitras,
2046 2364 2102 2400 sed

1204 2413 1376 2447 dumtaxat
1398 2412 1554 2456 spoliatas
1576 2422 1715 2455 purpura
1745 2425 1782 2447 ac
1810 2426 1891 2448 auro
1915 2439 1926 2454 ,
1962 2415 1996 2448 ὅτ.
2026 2414 2102 2449 velo

1203 2464 1302 2497 testas
1324 2488 1331 2495 .
1361 2462 1404 2496 Et
1426 2462 1511 2496 istud
1533 2463 1642 2496 voluit
1664 2474 1778 2498 contra
1805 2465 1946 2508 priorem
1967 2465 2102 2500 consue-

1203 2513 1375 2547 tudinem.
1404 2513 1509 2546 Lucet
1533 2523 1575 2545 ex
1597 2512 1702 2555 primo
1725 2513 1799 2547 libri
1823 2515 1954 2557 capite,
1982 2515 2038 2549 ubi
2049 2526 2101 2550 ur-

1203 2574 1259 2608 get
1282 2561 1451 2597 Christum
1475 2563 1664 2597 Dominum
1692 2563 1808 2598 dixisse
1830 2564 1864 2598 in
1888 2565 2098 2610 Evangelio,

1202 2616 1268 2657 Ego
1284 2611 1349 2656 sum
1375 2619 1511 2651 veritas,
1539 2612 1658 2646 nullibi
1684 2622 1792 2647 autern
1818 2638 1829 2654 ‚
1856 2619 1923 2658 Ego
1935 2613 2005 2656 sum
2028 2627 2098 2649 con-

1184 2662 1342 2706 ssuetudo.
1369 2663 1463 2697 Hinc
1486 2662 1656 2697 concludit
1676 2674 1813 2702 omnem
1824 2665 2097 2700 consuetudinem

1203 2714 1330 2748 veritati
1354 2713 1630 2757 postponendam.
1660 2712 1771 2748 Etiam
1793 2726 1894 2748 omne
1901 2714 2095 2757 privilegium

1203 2770 1368 2807 regionum.
1396 2763 1440 2797 Et
1464 2762 1555 2797 addit
1583 2763 1689 2796 solum
1712 2764 1849 2808 Dogma
1872 2764 1958 2807 apud
1981 2764 2095 2798 Eccle-

1202 2814 1277 2847 fiam
1298 2813 1361 2847 effe
1388 2813 1582 2852 immobile,
1610 2823 1677 2845 non
1690 2811 1915 2856 disciplinam.
1940 2814 2095 2849 Hincin-

1203 2865 1264 2898 fert
1287 2864 1455 2906 antiquam
1480 2862 1687 2906 disciplinam
1710 2863 1729 2896 a
1749 2874 1840 2897 novo
1861 2862 2020 2904 Montani
2033 2864 2094 2899 Pa-

1203 2913 1322 2948 racleto
1349 2913 1487 2956 potuisse
1507 2913 1626 2948 mutari
1647 2937 1655 2943 .
1693 2912 1824 2955 Nempe
1844 2912 2052 2957 disciplinam
2080 2941 2091 2956 ‚

1203 2975 1273 3008 quae
1298 2964 1400 2998 sacras
1423 2963 1578 3007 Virgines
1598 2961 1740 3005 permisit
1765 2962 1800 3001 in
1821 2963 1888 2997 sola
1907 2965 2001 2998 mitra
2020 2976 2091 3007 pro-

1202 3015 1314 3049 cedere
1336 3038 1343 3045 .
1382 3012 1514 3048 Horum
1552 3013 1647 3056 plena
1684 3011 1860 3049 elucidatio
1886 3014 1931 3047 est
1958 3015 2090 3049 alterius

1203 3064 1268 3099 loci
1284 3089 1291 3096 .

1254 3113 1402 3149 Secunda
1423 3113 1554 3157 quaestio
1574 3113 1618 3147 est
1631 3138 1642 3153 ‚
1668 3111 1724 3148 An
1735 3124 1851 3148 omnes
1864 3115 2004 3157 profeffae
2016 3114 2090 3149 Vir-

1204 3166 1296 3209 gines
1315 3165 1396 3199 olim
1414 3163 1537 3199 vfuerint
1560 3160 1777 3200 consecratae?
1803 3164 1998 3208 Respondeo
2017 3175 2087 3198 non

1204 3216 1297 3250 suissi:
1311 3240 1318 3247 .
1347 3215 1481 3248 Etenim
1501 3214 1535 3246 in
1547 3212 1663 3248 litteris
1675 3214 1715 3250 ad
1728 3215 1879 3248 Sannum
1893 3214 2087 3247 Vistricium

1206 3265 1506 3309 Rothomagensem
1533 3262 1858 3308 Archi-Episcopum
1874 3264 2007 3299 sanstus
2028 3264 2089 3298 Pa-

1207 3327 1247 3360 pa
1267 3316 1480 3351 Innocentius
1504 3314 1625 3358 primus
1646 3315 1821 3397 dist¹i3nguit
1842 3314 1983 3358 duplicis
2001 3315 2088 3369 ordi-

1983 3374 2035 3398 nis

1188 3441 1196 3488 l
