2346 3724
735 153 1057 200 'CAP1

1223 165 1240 196 1
1309 166 1329 195 s
1431 149 1552 196 XLI.

1898 168 1989 217 345

229 242 315 277 nus?
341 237 537 285 Respondeo
548 234 617 272 haec
627 235 712 271 reste
734 237 857 282 exponi
881 236 923 272 ab
936 234 1112 270 Heriberto
1155 234 1307 288 'mulieres
1317 233 1465 275 sacrificia
1467 232 1573 274 facere
1586 256 1592 263 .
1620 231 1847 271 Erronesistos
1857 248 1954 273 vocat
1971 237 2050 273 Col-

229 289 433 336 Rosvveydt)
454 289 490 322 in
515 287 617 322 Notis
637 287 676 322 ad
690 287 813 322 dilium
826 286 988 322 libellum:
1019 286 1116 332 Mello-

230 344 378 381 Princeps
388 337 448 379 eff,
473 343 523 380 qui
531 344 686 380 proximus
697 337 734 378 est
747 341 953 378 Principatui,
969 341 1033 379 qui
1047 343 1115 376 pro-

229 392 315 424 xim?
327 389 633 430 futurus'l‘rinceps.
661 392 710 421 Ita
728 400 833 430 μελλω
845 390 985 420 Graecum
1005 387 1114 419 &cum

230 443 347 473 Graecis
367 440 402 472 ό*
424 450 487 471 cum
500 442 620 471 Latinis
641 437 758 471 vocibus
779 441 957 479 componitur
970 460 978 467 .
1005 438 1114 469 Graeca

230 487 386 531 compositio
396 494 487 521 notior
498 513 507 528 ,
536 491 627 531 quam
638 498 671 521 ut
679 488 821 529 exemplis
826 485 863 528 fit
875 495 946 528 opus
964 511 971 518 .
999 490 1114 519 Latina

229 544 346 573 rarior.
374 540 462 581 Apud
473 537 706 583 jurisconsultos
730 537 821 570 babes
835 538 1110 571 Mello-Proximos.

229 590 270 621 Id
289 588 348 628 est,
374 595 424 631 qui
446 594 578 631 proximi
595 588 667 631 sunt
689 589 732 620 ad
743 589 874 632 gradum
895 590 1090 620 Proximatus
1103 609 1113 625 ‚

223 637 273 682 seu
286 644 338 681 qui
341 638 446 680 futuri
460 638 533 681 sunt
557 642 690 672 Proximi
700 640 877 671 scriniorum
897 660 904 668 .
923 638 983 670 Sed
991 642 1056 679 quis
1068 635 1114 668 bic

234 691 380 730 Princeps
390 714 399 729 ‚
425 696 471 722 cui
482 692 640 723 Proximus
652 687 688 728 est
706 690 793 723 Mello
807 689 973 729 Princeps?
1000 686 1115 720 Turbat

232 739 278 772 bic
289 745 379 771 varia
392 741 530 772 Codicum
541 739 640 772 lec‘lio.
667 740 700 771 si
712 739 818 782 lega's;
845 738 913 785 Qi
935 749 1026 771 erant
1043 736 1115 770 Ma·

227 788 375 833 gisttiani
411 788 675 831 Mello-Principi
699 813 710 828 ,
739 789 790 821 vel
815 787 1114 830 Mello-Principis,

227 839 348 872 videtur
372 837 510 879 insinuari
534 863 545 878 ,
570 839 651 880 quiid
672 839 817 881 Proceffus
852 839 885 871 (9⁶
909 841 1115 870 Martinianus

228 900 297 921 mox
316 888 424 930 futuro
450 892 584 930 Principi
607 890 696 922 alicui
715 887 922 931 inservierint.
950 888 1010 920 Sed
1020 887 1115 919 nullus
1148 892 1150 894 “

230 943 366 971 Neronis
399 943 526 980 Imperio
555 944 712 980 proximus
738 938 804 979 ficit
829 939 872 970 ad
894 940 1114 978 Principatum.

229 990 351 1031 ,Quippe
363 994 409 1021 cui
421 1000 472 1021 nec
481 990 579 1030 proles
585 988 654 1029 ficit
663 1014 674 1030 ‚
700 998 749 1021 nec
758 989 833 1021 ullus
845 988 924 1035 alius
932 988 1091 1034 adoptatus
1108 1011 1115 1017 .

231 1042 379 1072 Vmorem
401 1038 550 1072 l'eHi'onem
573 1034 871 1079 banc'quorumdam
895 1033 1117 1078 manu-scripto-

228 1088 421 1127 rumjridico:
449 1088 622 1134 Qierant
640 1086 848 1129 Magistriani
874 1085 1118 1119 Mello-Princi-

228 1147 302 1180 pes.
329 1139 411 1168 Inter
433 1135 660 1179 Magislrianos,
682 1134 736 1178 seu
763 1139 889 1178 Agentes
911 1140 944 1167 in
957 1136 1044 1170 rebus
1055 1142 1118 1178 qui
1149 1148 1151 1151 ·

230 1187 303 1218 dam
322 1194 410 1218 erant
434 1188 588 1227 Principes
601 1210 608 1216 .
639 1191 720 1220 Hinc
739 1191 790 1227 qui
806 1190 941 1227 proximi
950 1196 1039 1219 erant
1051 1186 1122 1220 huie·
1148 1211 1151 1215 .

1029 1238 1121 1270 ΤαΙεἸ
1149 1245 1151 1247 ’

231 1238 425 1276 Principatui
444 1258 455 1273 ,
480 1236 657 1268 dicebantur
677 1237 786 1269 Mello·
801 1237 955 1278 Principes
985 1261 993 1268 .

232 1293 320 1319 erant
337 1285 478 1327 Processus
489 1287 523 1319 (9⁶
533 1290 738 1320 Martinianus
749 1310 756 1317 .
784 1285 888 1329 lgitur
902 1286 1118 1320 Mello-Chri·

230 1334 326 1370 stiani
349 1336 422 1368 sunt
440 1334 540 1377 plenae
566 1334 805 1371 Christianitati
819 1335 964 1379 proximi
977 1336 1118 1382 Compe-

231 1393 333 1420 tentes
343 1397 380 1421 ac
392 1385 492 1420 Eleffl
510 1410 518 1418 .

290 1595 293 1598 .
330 1525 433 1605 lpft
457 1537 628 1603 'mulieres
644 1595 646 1598 v
665 1537 839 1597 hareticae
854 1575 868 1599 ‚
921 1544 1014 1598 &C-

280 1683 369 1731 Agit
378 1688 518 1721 nostor
531 1688 566 1722 iu
579 1689 733 1724 Ponticas
747 1689 917 1733 praesertim
938 1688 1119 1723 Marcioni-

228 1742 334 1769 tnrum
347 1736 549 1776 mulieresaie
562 1740 683 1783 quibus
695 1740 853 1775 scribit&
868 1741 902 1774 in
917 1740 1023 1783 primo
1035 1738 1118 1772 libro

228 1784 379 1819 adversus
399 1787 608 1823 Marcionem
627 1802 634 1822 :
661 1795 727 1824 Nec
741 1790 878 1831 foeminae
892 1789 968 1833 sexu
980 1794 1118 1832 mitigan-

229 1845 279 1869 tur
301 1834 459 1878 secundum
480 1840 646 1879 pudorem,
666 1840 765 1872 'ubera
787 1842 971 1879 excludunt,
992 1837 1119 1880 pensum

223 1884 372 1928 securibus
378 1885 502 1927 faciunt
509 1910 521 1926 ,
546 1890 664 1920 malunt
675 1889 805 1921 militare
814 1890 907 1931 quam
918 1888 1028 1921 nubere
1039 1912 1046 1919 .
1077 1889 1120 1920 Et

227 1935 362 1970 Sanstus
387 1934 595 1979 Epiphanius
615 1950 622 1969 :
657 1941 790 1970 Marcion
815 1938 995 1971 mulierculis
1021 1937 1119 1979 bapti-

226 1987 320 2018 zandi
325 1986 497 2027 potestatem
503 1985 586 2024 facit
598 2009 605 2016 .
633 1985 699 2018 lsto
712 1986 800 2027 quasi
825 1985 986 2018 beneficio
998 1986 1121 2018 feroces

226 2047 265 2068 ac
286 2034 431 2067 virilium
456 2034 665 2067 functionum
693 2033 880 2068 ambitiosas
899 2033 1050 2067 mulieres
1061 2033 1118 2067 fibi

225 2082 394 2127 obligavit
406 2108 413 2115 .
441 2082 582 2117 Pontica
596 2094 727 2128 quoque
748 2094 815 2118 erat
826 2080 1020 2127 Pythonifla
1040 2083 1096 2117 iila
1110 2107 1121 2124 ‚

94 1773 170 1810 Cap.
185 1781 211 1801 1·

54 1958 209 1997 Haeres.42·

55 2001 126 2040 Cap.
139 2012 168 2037 4.

226 2133 270 2168 de
290 2143 354 2176 qua
375 2131 416 2166 ad
435 2132 591 2167 Sanctum
617 2133 822 2176 Cyprianum
844 2135 967 2178 scripsit
989 2134 1125 2167 Sanetus
1146 2149 1148 2151 ·

228 2182 439 2218 Firmilianus
450 2183 656 2218 Caesareenfis
666 2183 925 2229 inCappadocia
941 2184 1121 2227 Episcopus

229 2231 400 2272 Exarchus
412 2233 558 2267 Ponticae
572 2233 762 2269 Dioeceseos
777 2248 787 2268 :
813 2239 895 2268 Inter
908 2243 1015 2268 caetera
1026 2258 1037 2275 ,
1063 2238 1123 2276 qui-

229 2282 285 2316 bus
301 2284 443 2324 plurimos
469 2284 645 2326 deceperat,
670 2283 720 2317 boc
743 2290 835 2318 etiam
851 2284 1025 2327 frequenter
1049 2281 1141 2326 ausa-¹

230 2332 292 2373 est,
319 2341 354 2366 ut
377 2334 563 2367 invocatione
586 2346 645 2367 non
665 2335 877 2378 contemptibili
894 2325 1139 2380 sanilificarese}
1184 2332 1328 2374 favorem
1352 2333 1410 2366 tibi
1431 2335 1516 2376 apud
1537 2338 1705 2368 Amazonas
1730 2345 1798 2368 tuas
1819 2339 1971 2374 concilies,
2002 2342 2079 2370 utin

226 2392 361 2425 panem,
385 2385 421 2417 <¹1
434 2383 653 2424 Eucharistiam
662 2384 768 2426 facere
781 2385 957 2427 fimularet‚
983 2382 1138 2422 &Sacri-l

1172 284 1372 327 lyridianos‚
1385 284 1442 326 qui
1454 283 1569 316 Mariae
1579 282 1778 317 Sacrificium
1790 287 1928 322 offerunt
1940 314 1947 320 .
1977 290 2051 324 Nec
2069 280 2145 311 ΗΜ·
2170 287 2200 313 9·

1172 335 1342 368 dumtaxat
1363 332 1450 367 hanc
1471 333 1539 367 Dei
1559 334 1792 367 contumeliam
1805 358 1814 373 ,
1843 337 1936 371 sed&
1957 338 2052 375 istam

1174 384 1346 418 mulierum
1369 383 1539 417 audaciam
1561 385 1681 417 refutat
1701 383 1869 427 insigniter
1880 387 2054 423 ostendens

1175 433 1373 469 sacrificandi
1393 433 1582 476 potestatem
1607 445 1667 468 nec
1679 434 1752 466 Evae
1762 434 1782 467 ir
1791 433 1942 468 Domino
1958 437 2033 471 Deo
2043 463 2056 477 ,

1177 496 1237 518 nec
1262 484 1358 523 matri
1380 482 1513 527 Virgini
1536 484 1554 518 ὲ
1577 483 1709 517 Christo
1722 483 1895 524 Domi-no,
1924 496 1983 518 nec
1999 486 2061 520 ulli,

1173 539 1320 578 unquam
1341 533 1483 567 foeminae
1510 533 1682 568 Divinitus
1692 534 1895 576 permissam.
1922 534 2061 567 Etinli·

1174 584 1232 619 bro
1252 582 1293 617 de
1315 583 1461 617 velandis
1474 583 1655 627 virginibus
1678 583 1853 627 Septimius
1865 583 1971 617 noster
1991 584 2063 617 scri-

1175 633 1243 668 bit:
1269 638 1344 667 Non
1360 639 1549 676 permittitur
1569 635 1731 667 mulieriin
1740 633 1864 676 Ecclefia
1886 634 1966 675 loqui
1980 656 1990 672 ‚
2008 632 2065 677 [ed
2081 619 2153 658 ΟΨ·
2165 631 2191 656 ⁹·

1175 695 1226 717 nec
1236 686 1336 718 docere
1349 708 1360 724 ‚
1387 694 1439 717 nec
1449 688 1561 727 tingere
1570 706 1580 721 ‚
1606 696 1656 716 nec
1667 684 1769 724 offerre
1782 708 1792 723 ,
1819 692 1870 717 nec
1883 685 1971 716 ullius
1987 689 2064 718 viri·

1175 734 1213 767 lis
1225 739 1358 768 muneris
1371 757 1387 775 ,-
1407 735 1513 767 nedum
1523 734 1720 767 sacerdotalis
1731 734 1812 775 officii
1817 732 1927 776 sortem
1930 733 1984 775 fibi
1996 740 2065 767 vin·-

1176 786 1294 818 dicare.
1327 783 1481 818 Affirmat
1498 783 1559 817 isto
1572 784 1714 818 Canone
1725 784 1820 828 ligari
1830 784 1975 819 &sacras
1988 783 2067 817 Vir-

1177 836 1291 878 gines,
1318 835 1459 876 ideoque
1483 834 1517 867 &
1538 833 1658 868 merit&
1680 834 1829 877 quaeritur
1849 833 1981 876 ipsum&
1995 834 2068 876 qui·

1179 885 1312 918 busdam
1325 883 1482 918 haereticis
1494 884 1609 918 violari
1622 909 1630 917 .
1658 885 1710 918 Ex
1722 884 1837 917 eodem
1850 883 1977 917 dudum
1990 883 2065 926 post

1171 935 1263 968 *sexta
1274 933 1615 977 Parifienfissynodus
1624 959 1636 975 ,
1663 934 1751 968 isaac
1764 933 1983 986 Linngnfis
1991 933 2068 976 Epi-

1182 986 1296 1026 scopus
1308 1009 1320 1025 ,
1347 995 1387 1018 ac
1405 985 1463 1018 alii
1483 984 1594 1018 Patres
1605 984 1784 1019 solemnem
1802 982 2008 1019 Eucharistiae
2018 983 2067 1017 di-

1179 1034 1405 1068 stributionem
1416 1059 1426 1074 ,
1452 1045 1508 1069 aut
1519 1034 1560 1070 ad
1573 1034 1719 1068 infirmos
1734 1034 1936 1070 delationem
1948 1034 2075 1073 mulio

1179 1085 1267 1119 ribus
1287 1084 1475 1130 rigidissune
1486 1084 1727 1120 interdixerunt.
1738 1109 1747 1119 .

1463 1236 1643 1285 Auderem
1651 1239 1788 1291 docere.

1234 1386 1334 1421 Hanc
1344 1386 1621 1430 procacitatem-in
1636 1388 1748 1422 nescio
1761 1396 1824 1431 qua
1836 1386 1968 1431 Cajanae
1978 1385 2078 1422 haere·

1182 1435 1220 1468 fis
1232 1437 1402 1471 Seetatrice
1414 1438 1581 1485 Qintilla
1598 1439 1724 1472 Doctor
1735 1438 1871 1472 damnat
1885 1438 1921 1471 in
1931 1438 2015 1472 libro
2030 1437 2074 1471 do
2194 1456 2217 1479 4

1123 1498 1126 1503 ·
1183 1482 1378 1530 Baptismo:
1403 1489 1558 1531 ,Quintilla
1571 1483 1812 1529 monstrofiffima‚
1837 1494 1885 1522 cui
1894 1499 1945 1520 nec
1959 1488 2073 1531 integre
2089 1493 2158 1531 Cap.
2180 1501 2205 1523 ι-

1182 1539 1300 1578 quidem
1321 1539 1444 1571 docendi
1457 1539 1513 1578 Jus
1536 1547 1624 1571 erat.
1655 1539 1744 1572 Etin
1758 1538 1825 1573 alio
1841 1536 1984 1581 ejusdem
1998 1534 2075 1571 libri

1183 1588 1309 1631 capite:
1339 1589 1514 1620 Petulantia
1535 1591 1707 1635 mulierum,
1734 1599 1801 1631 quae
1813 1587 1975 1631 usurpavit
1995 1589 2076 1621 doce·
2088 1610 2161 1646 Cap.
2176 1614 2234 1642 17⁶

1179 1648 1232 1685 re.
1260 1637 1304 1670 Et
1315 1638 1422 1672 statim
1435 1638 1518 1672 infra
1532 1652 1543 1671 .·
1569 1640 1666 1682 ,Quid
1682 1638 1713 1680 fi
1727 1651 1795 1681 quae
1809 1640 1904 1672 Paulo
1912 1639 2080 1681 perperam

1183 1685 1336 1730 adscripta
1344 1685 1416 1729 sunt
1425 1713 1435 1729 ‚
1461 1689 1506 1721 ad
1516 1688 1666 1721 licentiam
1674 1689 1832 1723 mulierum
1844 1690 1964 1722 docendi
1973 1687 2082 1729 defens

1178 1738 1283 1781 dunt,
1304 1735 1405 1780 sciant
1413 1742 1449 1771 in
1458 1737 1524 1780 Afia
1551 1738 1773 1778 Presbyterum,
1801 1745 1853 1781 qui
1862 1751 1928 1773 eam
1948 1740 2081 1779 scriptu-

1181 1798 1250 1819 ram
1271 1786 1429 1826 construxit
1449 1810 1460 1826 ,
1484 1787 1566 1829 quasi
1585 1790 1671 1820 titulo
1696 1789 1786 1820 Pauli
1810 1790 1848 1821 de
1857 1787 1911 1829 suo
1922 1789 2078 1820 cumulans
2141 1790 2143 1792 '

1177 1834 1350 1869 'commum
1360 1846 1450 1878 atque
1458 1835 1613 1878 confessum
1625 1860 1635 1875 ,
1663 1837 1698 1868 id
1708 1835 1743 1879 se
1755 1848 1854 1870 amore
1867 1838 1956 1870 Pauli
1962 1836 2058 1879 [θεῷ
2066 1861 2078 1877 ‚

1183 1886 1240 1918 loco
1260 1886 1409 1928 deceffiffe.
1436 1885 1513 1918 Hicr
1528 1885 1574 1918 est
1598 1886 1654 1919 ille
1674 1886 1780 1925 liber,
1805 1887 1847 1921 de
1873 1887 1984 1930 quoin
2005 1886 2080 1920 illu-

1186 1936 1296 1968 flrium
1318 1937 1463 1968 virorum
1496 1934 1651 1978 catalogo
1672 1935 1807 1969 sanstus
1827 1936 2078 1976 Hieronymus:

1188 1985 1325 2016 Periodos
1342 1983 1431 2015 Pauli
1443 1984 1477 2016 (5
1489 1982 1603 2016 Theclae
1614 2009 1624 2024 ,
1652 1995 1687 2017 ac
1700 1993 1792 2017 totam
1808 1984 1955 2027 baptizati
1968 1986 2086 2019 Leonti*

1178 2032 1325 2075 fabulam
1346 2038 1424 2065 inter
1452 2033 1630 2075 apocryphas
1662 2036 1832 2076 Scripturas
1851 2043 2054 2078 computamus
2069 2060 2080 2073 ,.

1190 2082 1240 2116 Ex
1253 2083 1316 2116 isto
1329 2081 1430 2126 igitur
1442 2083 1529 2117 libro
1541 2084 1721 2118 monstrosa
1749 2085 1916 2131 Qintilla
1927 2084 1982 2119 fibi
1994 2097 2080 2119 arro-

1186 2131 1285 2176 gabat
1296 2132 1346 2174 jus
1356 2133 1515 2174 docendi.
1545 2133 1653 2167 Etiam
1667 2141 1847 2169 memorata
1859 2147 1913 2179 per
1923 2138 2079 2171 sanetum

1187 2183 1419 2217 Firmilianum
1451 2182 1645 2225 Pythonifla
1678 2184 1886 2220 audacissime
1915 2186 2058 2220 docebat
2070 2210 2079 2218 .

1189 2233 1233 2266 Et
1250 2232 1400 2267 adversus
1411 2232 1580 2277 Pelagium
1595 2234 1847 2269 Haerefiarcham
1863 2237 1984 2280 scripsit
2001 2237 2081 2271 San-

1189 2284 1257 2316 {tus
1285 2282 1534 2326 Hieronymus:
1563 2287 1607 2317 Tu
1634 2293 1730 2318 tantae
1751 2297 1782 2318 es
1802 2286 2019 2327 liberalitatis,
2044 2295 2079 2320 ut
2095 2261 2152 2293 [ιδ’
2179 2274 2203 2292 ¹'

2092 2312 2155 2341 cap·
2178 2314 2206 2339 9-

1192 2385 1250 2415 alio
1257 2384 1315 2415 loco
1320 2381 1473 2425 scripseris
1477 2382 1637 2426 scientiam
1647 2387 1721 2429 legis
1732 2392 1825 2418 etiam
1830 2386 1977 2428 foeminas
1989 2387 2074 2420 debe·

225 2432 326 2474 ficium
348 2437 475 2466 Domino
486 2431 547 2474 fine
571 2436 756 2469 sacramento
772 2434 869 2478 fhlitae
876 2441 1059 2483 precatiimjs
1077 2433 1119 2474 of·
1134 2453 1136 2479 ς
1185 2444 1217 2466 re
1231 2431 1335 2466 babere
1347 2458 1357 2473 ‚
1382 2433 1445 2466 cum
1466 2433 1610 2475 Apostolus
1622 2436 1723 2469 doceat
1745 2437 1794 2479 effe
1804 2440 1964 2470 tacendum
1977 2438 2078 2470 mulie-

224 2483 323 2524 ft’rret
336 2508 343 2515 .
374 2485 562 2526 Baptizavit
582 2497 692 2528 quoque
710 2487 839 2525 multos,
864 2485 971 2527 ufitata
994 2486 1028 2518 (τ
1048 2480 1135 2527 legi-'¹
1183 2483 1265 2515 ribus
1287 2489 1320 2515 in
1342 2482 1487 2524 Ecclefia,
1513 2485 1547 2518 ὁ·
1560 2482 1586 2524 fi
1603 2487 1679 2527 quid
1700 2492 1837 2529 ignorent
1850 2511 1860 2526 ‚
1885 2489 1964 2520 domi
1987 2493 2071 2521 viros

207 2556 212 2562 .
230 2539 305 2566 tima
331 2533 424 2567 verba
445 2538 682 2579 interrogationis
707 2535 855 2579 usurpans
868 2559 878 2574 ,
903 2543 935 2567 ut
958 2536 1003 2568 nil
1013 2534 1119 2577 disi-re-

229 2591 304 2623 pare
312 2582 351 2614 ab
374 2581 567 2624 Ecclefiastica
578 2588 680 2629 regula
693 2588 861 2619 videretur.
891 2586 933 2619 Et
946 2585 986 2619 de
1000 2583 1116 2618 Marco

100 2652 162 2682 Ub-
191 2663 216 2680 ¹·
233 2632 397 2665 Gnostico
419 2633 528 2666 scribit
546 2635 678 2669 Sanctus
690 2637 827 2670 lrenaeus
840 2649 850 2669 .-
878 2639 1000 2668 Marcus
1017 2636 1116 2668 mulie·

98 2701 160 2729 cap,
187 2702 203 2728 9
233 2681 314 2714 ribus
331 2682 409 2714 dans
430 2683 534 2716 calices
548 2689 680 2725 mixtos,
706 2685 789 2728 ipsas
803 2685 893 2726 jubet
899 2691 1019 2729 granas
1031 2695 1118 2728 agere

228 2731 261 2774 se
281 2729 429 2775 prasente
452 2757 459 2765 .
475 2733 531 2766 -Et
551 2732 590 2767 de
610 2734 803 2778 Pepuziatris
826 2734 979 2769 haereticis
1009 2732 1115 2768 scribit

77 2772 152 2802 ¹⁴²⁸·
171 2782 216 2806 4¹³·
234 2781 383 2815 laudatus
407 2782 609 2826 Epiphanius
627 2799 639 2818 .·
674 2787 764 2827 Apud
796 2787 980 2827 Pepuzianos
1012 2785 1118 2818 mulie·-

84 2820 149 2850 c³p'
173 2823 197 2839 Ζ·
234 2843 281 2865 res
303 2830 374 2873 sunt
400 2831 541 2875 Episcopi
572 2836 606 2868 (9·
627 2835 793 2874 Presbyteri
820 2859 830 2875 ‚
858 2837 893 2869 (ἓν
918 2836 963 2868 ad
997 2843 1116 2868 caeteros

234 2883 347 2926 gradus
374 2883 549 2926 adlegantur
574 2909 584 2924 ‚
621 2886 732 2919 nullum
769 2894 802 2918 ut
835 2883 925 2927 sexus
963 2882 1117 2927 discrimen

231 2931 368 2975 servetur
397 2959 405 2966 .
445 2937 533 2966 Nam
553 2940 586 2967 in
609 2934 722 2975 cbristo
754 2936 812 2979 JE
827 2937 848 2969 S
862 2935 900 2970 U
936 2945 1025 2976 neque
1050 2947 1116 2976 mas

83 2998 157 3026 Haer.
175 2998 219 3029 78·
236 2982 294 3023 est,
320 2993 411 3024 neque
422 2982 570 3024 foemina.
599 2985 642 3018 Et
666 2986 700 3019 in
724 2985 899 3020 n‘iioloco:
925 2989 1041 3018 Ferunt
1058 2996 1118 3018 mu·-

79 3044 143 3073 cap.
176 3045 217 3071 23.
234 3034 367 3066 lierculas
380 3031 527 3075 quasdam
539 3039 572 3067 in
584 3034 696 3068 Arabia
706 3055 724 3075 ,⁴
742 3047 797 3077 quo
808 3037 824 3069 e?
836 3035 965 3068 Thracia
974 3034 1118 3077 profec‘i'aev

235 3092 321 3118 erant
334 3107 344 3123 ‚
371 3094 481 3117 novum
503 3084 609 3128 dogma
628 3093 805 3119 commentas
820 3085 905 3129 fuisse
919 3110 929 3125 ,
958 3085 1031 3118 adet»
1041 3094 1074 3118 ut
1084 3090 1118 3119 in

237 3135 377 3174 Deiparae
396 3137 533 3177 Virginis
556 3146 659 3169 nomen
681 3133 862 3170 &bonorem
885 3136 1049 3174 Collyriden
1057 3134 1118 3176 five

237 3189 346 3215 tortam
353 3190 446 3224 panis
455 3182 654 3226 sacrificantes
665 3185 792 3225 offbrant
804 3210 815 3226 ‚
841 3189 876 3221 <5
886 3194 1047 3219 conventus
1064 3184 1117 3218 ba·

238 3230 367 3265 beantin
374 3231 557 3276 sancflifflmae
569 3239 699 3279 Virginis
725 3247 846 3276 nomen,
875 3236 994 3268 modum
1005 3246 1120 3268 omnem

233 3284 444 3326 praetergreffos
457 3309 467 3324 ,
495 3285 646 3326 nefariam
657 3296 718 3318 rem
731 3287 765 3319 Θ
785 3296 848 3318 cum
873 3288 930 3318 Dei
945 3287 1119 3319 contumelia

234 3330 420 3371 conjunctam
439 3337 561 3378 aggredi
591 3360 602 3375 ‚
627 3335 676 3368 hoc
697 3335 736 3374 est
759 3359 769 3375 ‚
793 3342 825 3370 in
846 3337 927 3370 illius
949 3346 1049 3369 nomen
1063 3344 1119 3378 per

337 3379 442 3421 christ.
458 3387 534 3427 Lupi
544 3390 641 3428 Opera
654 3389 686 3418 T.
699 3388 756 3419 IX.

638 3449 641 3466 i

1178 2531 1246 2574 sitos
1258 2533 1362 2566 debere
1371 2532 1510 2575 consulere
1522 2559 1529 2566 .
1560 2535 1603 2568 Et
1616 2535 1656 2569 de
1669 2535 1826 2580 Beguinis
1837 2537 1877 2571 ad
1903 2538 2071 2572 Viennen-

1183 2584 1245 2616 sem
1269 2583 1442 2625 Synodutn
1464 2584 1549 2618 dixit
1561 2585 1717 2618 Clemens
1733 2587 1868 2629 quintus
1888 2586 2046 2621 Pontifex
2058 2601 2070 2621 .-

1179 2636 1298 2666 Earum
1310 2635 1436 2675 ali‘quae,
1448 2633 1689 2676 quafiperduclae
1699 2642 1732 2667 in
1742 2639 1848 2669 mentis
1859 2635 2020 2679 infantam,
2033 2639 2072 2670 de

1173 2681 1290 2725 summa
1300 2686 1450 2717 Trinitate
1475 2694 1509 2716 ac
1523 2687 1642 2717 Divina
1654 2685 1770 2729 essentia
1782 2685 1937 2728 disputant
1951 2690 1985 2719 (rs
1992 2695 2078 2727 prae-,

1177 2734 1276 2766 dicant
1287 2758 1297 2774 ‚
1324 2735 1358 2766 6
1370 2740 1448 2767 circa
1465 2733 1539 2774 fidei
1551 2736 1687 2766 articulos
1711 2736 1746 2767 <9⁰
1758 2734 1949 2774 Ecclefiastica
1966 2737 2071 2767 Sacra-

1179 2792 1279 2816 menta
1300 2788 1446 2824 opiniones
1467 2781 1628 2815 Catholicae
1653 2782 1722 2823 fidei
1743 2789 1910 2816 contrarias
1937 2786 2070 2818 introdu-

1176 2842 1245 2867 cunt
1257 2857 1268 2873 ,
1293 2834 1327 2866 Θ
1339 2834 1442 2865 multos
1449 2830 1540 2874 super
1552 2831 1598 2863 bis
1616 2834 1791 2873 decipientes
1798 2832 1941 2875 fimplices
1955 2858 1965 2874 ,
1977 2840 2068 2868 cosin

1177 2894 1285 2917 errores
1299 2880 1431 2925 diver-fias
1444 2883 1589 2915 inducunt
1601 2906 1608 2914 .
1636 2882 1679 2916 Et
1691 2883 1732 2916 de
1744 2883 1901 2918 translato
1914 2896 1970 2927 per
1979 2885 2070 2919 Mar-

1179 2935 1285 2968 tinum
1298 2930 1493 2980 ¹Lutherum
1518 2933 1553 2966 in
1569 2932 1717 2977 linguam
1731 2933 1964 2969 Germanicam
1975 2946 2065 2969 novo

1178 2984 1396 3018 Testamento
1407 3008 1417 3024 ‚
1443 2983 1476 3017 &
1486 2981 1606 3016 exinde
1627 2994 1701 3016 nata
1716 2981 1978 3019 Lutheranarum
2001 2996 2069 3018 rnu-

1179 3036 1294 3069 herum
1305 3034 1503 3077 procacitate
1516 3032 1622 3066 scribit
1636 3034 1778 3075 Joannes
1791 3031 1962 3068 Cochlaeus
1975 3047 1982 3066 ε
2011 3038 2070 3066 Mi-

1178 3097 1244 3119 rum
1266 3090 1298 3117 in
1323 3085 1440 3117 modum
1461 3079 1714 3124 multiplicabatur
1734 3093 1792 3125 per
1803 3084 2005 3128 calcograpbos
2019 3096 2067 3117 no·
2087 3077 2174 3108 Almo

1179 3148 1251 3170 vum
1260 3134 1473 3175 Testamentum
1493 3132 1622 3167 Lutheri
1637 3157 1647 3173 ,
1672 3141 1704 3166 ut
1732 3141 1824 3167 etiam
1831 3134 1946 3177 sutores
1958 3136 1991 3167 ὢ·
2005 3146 2070 3168 mu-
2092 3128 2176 3154 “²²¹¹

1179 3187 1264 3220 lieres
1276 3210 1286 3225 ,
1314 3185 1348 3219 Θ
1369 3184 1490 3226 quilibet
1512 3185 1617 3216 Idiotae
1632 3207 1643 3223 ,
1669 3189 1719 3226 qui
1733 3184 1928 3218 Theutonicas
1947 3186 2066 3218 litteras

1180 3246 1332 3277 utcumque
1342 3235 1509 3267 didicerant
1519 3256 1530 3272 ,
1552 3244 1663 3267 novum
1682 3235 1764 3267 illud
1774 3235 1988 3273 Testamentum
1999 3245 2068 3268 tan·

1180 3298 1272 3329 quam
1284 3285 1401 3327 fontem
1420 3289 1515 3316 omnis
1540 3289 1683 3317 veritatis
1698 3309 1709 3324 ‚
1735 3286 1902 3324 avidiffime
1915 3287 2042 3329 legerent
2055 3308 2067 3324 ‚

1182 3343 1351 3379 quicumque
1372 3333 1539 3368 Lutberani
1559 3341 1645 3368 erant
1657 3357 1667 3373 ‚
1693 3335 1824 3377 illudque
1841 3333 1925 3378 saepc'
1947 3335 2066 3378 legendo

1628 3383 1661 3416 G
1685 3394 1708 3429 g
1955 3395 2016 3418 me·
