2346 3724
61 1059 139 1096 Cap.
156 1065 185 1094 3.

63 1174 137 1212 Cap·
157 1178 184 1205 8.

58 1407 183 1443 Cap.13.

65 1593 138 1632 Cap.
155 1601 184 1629 3.

43 2013 118 2049 cap.
136 2020 185 2046 47·

684 176 726 221 C
794 190 824 220 A
894 190 917 219 Ρ
986 188 1003 217 1
1076 187 1101 217 τ

202 263 295 299 addit
315 256 454 296 fuisse&
466 258 564 301 aliam
588 260 717 294 causam
734 274 741 292 :
768 258 868 307 Qod
889 256 1006 301 nempe
1028 267 1086 290 no·
1106 268 1108 288 ;

201 314 279 348 stras
299 312 398 345 sacras
419 307 657 355 Prophetarum
670 309 793 345 litteras
805 309 961 353 legerint.
982 306 1084 355 Qod

203 363 309 407 ipsum
321 360 530 396 affirmant&
541 359 597 393 al‘ri
611 359 723 395 Patres
733 385 741 393 .
768 359 834 393 His
855 357 937 404 ergo
947 357 997 391 ‘de
1011 367 1085 390 cau-

202 414 245 447 ns
261 410 437 454 Septimius
448 409 532 444 reete
551 409 634 444 dicit
658 408 821 456 gentilem
835 407 1084 451 Philosophiam

199 461 264 496 esse
286 461 469 496 saecularem
493 460 683 504 sapientiam
698 486 709 502 ,
734 460 805 504 jure
830 458 978 494 meritos
992 455 1087 491 Chri·

200 511 251 546 sto
278 511 433 546 Domino
455 510 649 555 appellatam
672 509 843 545 stultitiam
868 535 878 551 ,
911 509 945 543 &
969 506 1085 541 mundi

199 561 300 596 stulta
322 561 363 595 ab
375 562 444 604 ipso
457 562 491 594 in
505 561 595 595 istius
610 561 839 598 confusionem
851 560 951 593 electa
964 584 970 591 .
984 557 1090 597 Nem-

201 612 244 656 pe
266 611 348 646 viles
366 611 501 654 opifices
526 623 564 645 ac
585 611 748 645 rusticanae
762 607 912 649 mulieres
924 611 997 643 sunt
1012 607 1087 642 stul-

199 672 235 695 ta
256 673 294 694 ac
315 661 477 706 ignobilia
499 662 614 694 mundi
638 673 650 694 .·
677 660 720 694 Et
744 658 854 695 tamen
877 661 933 704 ipsi
957 659 1087 694 Divinae

201 711 385 755 Maiestatis
407 722 576 752 naturam,
602 710 795 755 qualitates,
820 723 859 746 ac
870 710 976 745 sedem
991 735 1002 751 ,
1026 709 1084 743 cir-

200 772 239 795 ea
263 772 334 804 quae
356 760 554 805 Philosophi
577 761 753 796 miserrime
764 760 1030 802 hallucinantur,
1050 759 1084 793 fi·

201 822 245 844 ne
268 822 373 845 errore
393 822 576 846 noverunt.
605 810 637 844 A
650 810 785 847 Christo
804 812 956 849 Domino
977 810 1083 846 edoeti

201 860 237 894 in
259 862 488 895 confusionem
510 859 748 903 Philosophiae.

253 911 307 944 Ex
329 910 395 945 hoe
417 910 550 945 turbido
569 922 607 944 ac
631 910 722 944 foedo
745 910 1083 951 fonte‘Tertullianus

202 961 342 995 affirmat
368 961 455 995 nasci
476 972 513 994 ac
525 959 698 994 subornari
711 960 865 1004 haereses,
892 961 1083 1006 adeoque&

204 1011 287 1055 ipsas
309 1012 372 1045 effe
392 1010 538 1044 turbidas
560 1021 597 1043 ac
618 1011 735 1045 soedas‘.
764 1010 813 1047 Ita
823 1008 861 1046 ’δε
877 1012 910 1045 in
932 1011 1019 1045 libro
1043 1008 1085 1044 de

204 1061 329 1095 Anima
349 1061 478 1095 scribit:
506 1059 676 1103 Philosophi
692 1069 709 1100 ·‚
738 1060 928 1095 Patrtarchae
950 1086 962 1102 ,
986 1070 1020 1095 ut
1039 1066 1084 1094 ita

203 1111 332 1144 dixerim
345 1135 356 1150 ‚
383 1110 599 1144 baereticorum.
630 1110 673 1145 Et
696 1111 729 1144 in
747 1109 845 1145 'libro‘
859 1122 974 1147 contra
994 1111 1086 1145 Her·-

202 1171 379 1205 mogenem
399 1173 407 1193 z
446 1164 657 1194 Haereticorum
682 1158 870 1196 patriarcba
892 1161 1064 1205 Philosophi
1078 1186 1085 1193 .

204 1210 248 1244 Et
273 1209 389 1245 iterum
402 1224 412 1244 .-
441 1215 637 1255 Hermogenes
649 1213 670 1244 a
682 1210 860 1253 Christianis
872 1211 1029 1255 conversus
1044 1213 1089 1245 ad

204 1260 394 1304 Philosopbos
408 1285 418 1301 ,
431 1262 468 1295 de
479 1265 508 1294 E
511 1261 608 1304 eclesia
619 1266 652 1295 in
663 1264 852 1297 Academiam
863 1265 897 1298 (θ’
915 1267 1065 1298 Particum
1075 1286 1085 1302 ‚

204 1311 278 1345 a'nde*
297 1310 420 1353 sumpsit
441 1318 600 1344 materiam
623 1324 688 1345 cum
712 1317 837 1347 Domino
860 1323 991 1355 ponere,
1017 1323 1086 1356 quae

204 1359 271 1404 ipsa
284 1359 400 1404 simper
417 1360 537 1402 fuerit,
560 1373 655 1403 neque
677 1358 773 1402 nata,
798 1373 891 1405 neque
900 1363 1012 1404 fat‘la.
1047 1362 1088 1395 Et

204 1410 240 1443 in
264 1411 372 1456 primo
394 1410 480 1445 libro
491 1411 642 1445 adversus
653 1411 861 1446 Marcionem
890 1411 1089 1447 scribitPhi·

203 1459 361 1503 losophos
383 1460 446 1492 esse
463 1458 627 1501 sapienttae
638 1460 836 1503 Prffeffores,
862 1462 895 1495 &
917 1461 1088 1505 adjungit:

203 1511 252 1541 De
277 1519 397 1552 quorum
417 1514 545 1552 ingeniis
569 1514 664 1541 omnis
676 1509 790 1550 haerefis
804 1519 959 1543 armatur.
987 1512 1031 1544 Et
1054 1510 1089 1543 in

204 1557 290 1593 libro
313 1558 354 1593 de
374 1561 480 1592 carnis
505 1558 755 1593 Resurreffione
774 1560 935 1594 declamat
946 1560 986 1594 ad
999 1559 1091 1593 Gno-

201 1607 317 1643 sticos:
348 1607 472 1652 Disiede
495 1607 534 1641 ab
557 1608 688 1641 Ethnico
711 1609 867 1650 haeretlce,
894 1611 929 1644 &
949 1609 980 1652 fi
998 1621 1091 1642 unum

202 1657 272 1699 estis
293 1670 412 1698 omnes,
443 1664 496 1701 qul
519 1655 610 1692 Deum
623 1657 742 1703 fingitis
756 1685 766 1700 ,
794 1661 868 1693 dum
879 1659 930 1694 hoc
939 1671 1044 1694 tamen
1057 1665 1092 1693 in

204 1708 321 1751 Christo
342 1708 433 1749 nostro
444 1706 529 1750 facis
542 1733 554 1750 ,
581 1710 653 1741 dum
674 1708 859 1749 Christianus
880 1711 1066 1745 tibtvideris
1079 1734 1098 1756 ‚y

203 1759 283 1792 allus
303 1758 342 1792 ab
365 1757 480 1792 ethnico
503 1770 535 1792 es
552 1784 560 1791 .
594 1759 700 1792 Redde
719 1761 766 1793 illi
780 1757 850 1803 suos
863 1759 970 1804 senfin
984 1785 995 1801 ,
1021 1766 1092 1803 qula

203 1818 258 1843 nec
278 1809 327 1842 ille
351 1809 388 1842 de
407 1815 469 1842 tuis
489 1808 643 1850 instruitur
655 1834 662 1841 .
691 1811 781 1854 ,Quid
791 1822 862 1845 coeco
884 1813 950 1845 duct
974 1816 1092 1845 innite-

203 1863 248 1893 ris
259 1883 270 1899 ,
295 1857 321 1900 fi
327 1859 438 1892 vides?
465 1860 555 1903 ,Quid
563 1859 681 1899 vestiris
693 1862 713 1891 ᾰ
727 1862 806 1894 nudo
818 1886 829 1902 ‚
849 1860 1034 1902 ficbristum
1048 1867 1100 1905 itt-¹

203 1907 315 1949 duiffl?
342 1910 430 1952 ,Quid
441 1910 536 1941 alieno
555 1915 649 1942 uteris
662 1910 753 1955 qupm
766 1934 778 1950 ,
797 1910 830 1952 fi
836 1912 874 1944 ab
889 1912 1017 1954 Apostolo
1036 1923 1102 1963 ar·-⁸

202 1966 302 1992 maetus
312 1961 366 1991 es?
394 1959 438 1992 Et
457 1959 491 1992 in
519 1958 606 1993 libro
619 1959 845 2004 Apologetico
857 1975 869 1996 .-
895 1966 949 1995 Ex
963 1958 1066 1995 horum
1079 1986 1090 2002 ,

202 2009 381 2054 gentilium
403 2008 683 2052 Philosophorum
700 2034 709 2048 ,
730 2008 845 2052 semine
858 2017 950 2045 etiam
965 2011 1102 2052 nostram.

204 2058 282 2093 hanc
307 2060 478 2091 novitiolam
494 2061 680 2092 paraturam
693 2066 755 2092 viri
766 2062 892 2103 quidam
906 2061 969 2104 suis
981 2067 1103 2104 opinio-.

206 2109 293 2142 nibus
321 2110 364 2140 ad
385 2107 600 2150 philosophicas
621 2107 789 2151 sententias
818 2114 1091 2150 adulteraverunt,

205 2160 241 2192 ᾧ·
262 2159 298 2190 de
324 2170 384 2190 una
406 2164 460 2191 via
482 2159 614 2201 obliquos
626 2161 1010 2204 mzcltoxoeinexplicabtles
1028 2170 1090 2195 tra-

206 2213 294 2242 mites
312 2206 465 2251 sctderunt
480 2233 484 2239 .
515 2212 610 2252 ‚Quod
627 2213 691 2243 idea
704 2211 886 2253 digesserim,
915 2223 950 2243 ne
962 2218 1007 2243 cui
1023 2217 1092 2242 nota

206 2265 343 2293 varietas
365 2259 461 2304 Set‘lae-
470 2258 557 2298 hujus
570 2283 580 2298 ‚
606 2266 638 2290 in
650 2259 701 2292 hoc
710 2268 821 2300 quoque
835 2272 886 2292 nos
906 2258 1091 2303 Philosopbis

206 2309 368 2350 adaequare
379 2310 523 2340 videatur
534 2332 544 2348 ,
572 2310 604 2341 (5
614 2320 651 2341 ex
664 2315 813 2342 varietate
826 2309 1024 2352 defensionum
1034 2311 1089 2349 ju'-

206 2360 283 2391 dicet
304 2364 462 2391 veritatem
475 2382 482 2389 .
510 2359 670 2398 Expedite
692 2369 791 2390 autem
800 2358 1029 2400 praescrihfinus
1053 2369 1093 2389 a·

206 2409 333 2440 dulteris
355 2406 477 2444 nostris,
503 2407 589 2439 illam
611 2406 662 2448 effe
686 2407 820 2449 regulam
831 2407 998 2448 veritattr',
1027 2416 1093 2450 quae

205 2462 313 2491 veniat
326 2458 346 2488 ἂ
359 2454 474 2495 christo
486 2479 497 2495 ‚
524 2454 694 2499 transmtffa
701 2465 758 2498 per
767 2457 984 2499 comitesiplt'us
1001 2482 1011 2498 ,
1031 2462 1094 2500 qui.

206 2507 261 2541 bus
273 2507 427 2548 aliquanto
444 2505 618 2547 posteriores
642 2505 757 2548 diversi
776 2507 821 2546 isti
834 2514 1091 2542 commentatores

202 2556 412 2600 probabuntur
427 2581 434 2587 .
458 2556 540 2600 Agit
551 2554 723 2591 adversum
734 2558 875 2601 gentiles
887 2583 896 2597 ,
921 2559 977 2600 qui
994 2557 1096 2592 Chri-

206 2607 344 2640 stianam
368 2606 582 2650 Religionem
595 2606 773 2642 censebant
785 2621 852 2643 non
867 2609 1030 2642 Divinum
1044 2608 1095 2641 In·

206 2656 358 2690 stitutum
373 2680 384 2696 ,
402 2655 454 2689 sed
467 2657 528 2689 esse
541 2655 723 2691 humanum
736 2657 957 2703 Philosophiae
968 2670 1091 2705 genus.

209 2707 254 2740 Et
280 2707 423 2749 ipsorum
444 2717 674 2750 argumentum
701 2720 790 2748 erat,
819 2708 907 2755 quod
932 2712 981 2743 uti
1009 2710 1094 2743 inter

209 2754 452 2798 philosophos,
481 2757 570 2790 ita&
588 2758 671 2791 inter
683 2756 891 2793 Christianos
911 2760 1012 2793 essent
1039 2759 1093 2792 di·-

209 2807 306 2840 versae
330 2806 438 2839 classes
458 2807 657 2850 opinionum
685 2821 723 2843 ac
743 2810 906 2843 Sestarum
930 2835 937 2842 .
966 2810 1092 2843 Doaor

209 2855 384 2899 respondet
407 2853 463 2889 has
474 2867 591 2891 omnes
611 2858 721 2893 classes
744 2871 812 2894 non
840 2861 903 2893 esse
929 2859 1093 2893 authenti-

208 2917 286 2942 cum
302 2904 585 2941 Christianismum
598 2933 608 2948 ‚
637 2909 689 2942 sed
702 2910 893 2953 posteriores
907 2908 1072 2944 haereticas
1082 2935 1092 2951 ‚

209 2969 248 2991 ac
266 2956 436 2989 damnatas
463 2956 550 2989 illius
569 2959 768 3002 corruptelas
791 2984 802 3000 ‚
829 2972 900 3002 quae
923 2971 965 2994 ex
987 2960 1093 2994 deviis

210 3007 390 3052 gentilium
411 3004 688 3049 Philosophorum
705 3011 876 3054 principiis
890 3011 952 3044 sint
966 3009 1093 3052 haustae,

211 3069 248 3091 ac
261 3056 314 3099 pe'r
327 3056 443 3089 erroris
454 3057 590 3099 Spiritus
611 3057 740 3092 intrusae
761 3060 800 3094 ad
815 3072 925 3095 verum
939 3058 1091 3095 Christia-

211 3107 356 3140 nismum
377 3105 575 3139 turbandum
602 3109 958 3150 atqueinfamandum.
989 3110 1031 3144 Et
1050 3123 1093 3145 re·

210 3168 284 3191 vera
310 3155 442 3190 haereses
461 3167 499 3189 ex
514 3154 664 3190 humanae
678 3157 897 3203 Philosophiae
915 3161 1014 3195 Seffis
1026 3172 1092 3194 non

211 3205 381 3240 dumtaxat
402 3204 660 3250 desumptae1sunt
671 3233 680 3246 ,
710 3209 763 3242 sed
774 3210 903 3253 &ipsas
915 3223 970 3252 per
981 3211 1092 3244 omnia

1138 174 1185 217 ”1
1256 185 1276 214 s

1148 243 1217 296 iem
1238 262 1309 288 non
1319 250 1451 296 penitus
1472 254 1645 289 evertunt,
1671 248 1726 284 sed
1747 251 1956 290 solummodo*
1965 261 2030 300 per.

1149 306 1280 346 cutiunt
1301 314 1340 337 ac
1363 301 1539 336 mutilant.
1570 299 1703 343 Aquam
1716 301 1794 334 vino
1807 305 1943 339 miscent
1957 331 1968 346 ‚
1994 307 2029 340 dc

1149 365 1263 400 purum
1287 353 1432 387 veritatis
1452 359 1559 386 aerem
1587 349 1696 393 sparsis
1708 347 1785 383 hinc
1799 350 1875 384 inde
1886 365 2029 389 errorum

1149 404 1276 440 nebulis
1297 403 1470 438 obducunt
1483 427 1490 434 .
1516 400 1611 434 Hinc
1623 398 1701 434 &in
1717 399 1901 445 Evangelio
1915 403 2030 437 Domff.

1150 466 1209 489 nus
1226 453 1337 489 noster
1365 452 1497 486 haereses
1523 462 1620 494 atque
1644 448 1813 484 haereticos
1835 449 2029 494 significavit

1150 517 1203 549 per
1223 505 1348 548 lepram
1367 513 1465 546 atque
1487 502 1648 545 leprosos.
1678 500 1722 534 Et
1744 499 1827 534 reste
1852 525 1859 531 .
1895 499 2030 535 Etenim

1150 557 1196 589 uti
1212 555 1298 599 lepra
1323 554 1356 586 in
1369 563 1467 593 cute,
1492 552 1539 586 ita
1563 550 1683 584 haerefis
1702 552 1737 584 in
1752 548 1940 585 Christiano
1951 550 2032 595 dog-

1151 615 1238 641 mate
1255 604 1300 640 est
1312 604 1414 648 sparsa
1424 600 1506 637 hinc
1519 601 1598 636 inde
1610 600 1736 636 mac-ula
1748 625 1756 633 .
1968 597 1982 617 s

1207 755 1295 806 lnde’
1313 761 1479 817 AEones,
1514 758 1573 804 <9⁴
1585 751 1727 820 formae
1752 751 1868 820 nefiio
1881 771 1982 820 quae.

1196 910 1373 954 Septimius
1395 906 1618 944 demonstrare
1641 905 1748 951 pergit
1768 930 1780 946 ‚
1807 904 1897 951 quod
1920 913 2038 938 omnes

1148 960 1286 996 haeretici
1326 961 1453 996 ducant
1489 958 1657 1002 originem
1680 966 1722 991 ex
1746 957 1867 1001 gentili
1889 953 2038 987 Philoso-

1149 1011 1223 1055 phia
1246 1035 1254 1044 .
1285 1012 1328 1044 Et
1353 1010 1472 1054 incipit
1491 1010 1510 1044 a
1533 1007 1742 1045 Valentino,
1767 1006 1858 1050 cujus
1884 1004 2038 1039 scelerata

1148 1062 1238 1096 Secia
1265 1070 1345 1094 tunc
1370 1061 1541 1104 praesertim
1555 1055 1772 1104 grassabatur.
1804 1055 2037 1090 Ecclesiasticae

1147 1110 1399 1157 glorificationis
1422 1110 1589 1153 hymnus,
1617 1108 1722 1141 Gloria
1734 1109 1846 1145 Patri,
1874 1107 1909 1139 Θ
1932 1105 2038 1143 Filio,

1149 1164 1182 1196 Θ
1199 1163 1328 1203 Spiritui
1344 1159 1470 1199 sunno,
1490 1158 1563 1201 ficut
1582 1167 1649 1192 erat
1661 1164 1695 1190 in
1703 1157 1854 1199 principio
1865 1179 1877 1196 ‚
1903 1156 1937 1188 (⁴5
1962 1163 2040 1186 nunc

1148 1214 1182 1246 (θ’
1188 1210 1323 1255 semper,
1352 1212 1429 1244 &in
1438 1209 1547 1253 saecula
1556 1207 1752 1252 facularum,
1769 1210 1861 1239 Amen
1875 1230 1885 1246 ,
1911 1204 1956 1238 est
1969 1214 2042 1237 om-

1150 1261 1232 1295 nino
1253 1260 1485 1304 Apostolicum
1511 1259 1727 1293 [nstitutum.
1753 1257 1800 1291 lta
1825 1257 1859 1289 in
1886 1254 1971 1288 libro
1998 1252 2041 1286 de

1151 1311 1271 1355 Spiritu
1285 1312 1403 1345 Sancto
1414 1310 1561 1345 traditae
1574 1308 1726 1353 supponit
1738 1317 1879 1351 magnus
1891 1304 2040 1339 Basilius.

1154 1362 1305 1396 Eundem
1319 1361 1497 1403 Hymnum
1510 1383 1520 1398 ‚
1545 1361 1594 1393 uti
1619 1357 1876 1401 antiquissimum
1889 1380 1899 1396 ,
1928 1353 2040 1388 laudat

1153 1412 1280 1445 Dostor
1291 1411 1398 1445 noster
1410 1411 1443 1444 in
1458 1409 1541 1443 libro
1554 1410 1594 1443 de
1606 1406 1801 1452 spectaculis
1811 1431 1819 1439 .
1847 1405 1891 1439 Et
1902 1406 2040 1440 Sanetus

1153 1463 1289 1495 lrenaeus
1314 1460 1422 1495 scribit
1439 1472 1446 1492 :
1476 1465 1544 1493 Nos
1556 1466 1589 1491 m
1597 1463 1771 1502 gratiarum
1793 1456 1957 1490 ultionibus
1970 1457 2040 1489 dicl-

1151 1523 1218 1543 mus
1232 1536 1242 1551 ,
1273 1512 1395 1542 AEonas
1406 1512 1561 1542 AEonrtm.
1589 1507 1734 1541 Videtur
1751 1505 1833 1541 olim
1856 1505 1976 1540 Latina
1996 1514 2041 1539 ςι-

1153 1562 1219 1593 iam
1246 1558 1387 1593 Ecclesia
1411 1558 1487 1591 istas
1511 1558 1640 1591 Graecas
1662 1565 1758 1590 voces
1778 1555 1922 1589 usitasse.
1950 1555 2046 1589 Nam.

1152 1610 1186 1643 δε
1207 1610 1291 1653 ipsas
1303 1610 1335 1642 in
1353 1608 1508 1642 Africana
1525 1606 1666 1641 Ecclesia
1685 1604 1751 1639 dici
1764 1605 1934 1640 consuetas
1960 1604 2043 1638 affir-

1154 1670 1220 1693 mat
1243 1660 1277 1692 in
1301 1659 1443 1693 adducto
1465 1658 1541 1691 loco
1553 1656 1803 1691 Tertullianus.
1830 1656 1910 1689 Erat
1930 1655 2044 1698 Hym-

1155 1721 1217 1744 nus
1241 1710 1374 1744 summae
1395 1709 1596 1742 auctoritatis
1613 1733 1622 1740 .
1649 1707 1738 1741 Nam
1769 1717 1812 1740 ex
1833 1704 1906 1750 ipso
1928 1706 2042 1745 suam,

1154 1772 1225 1804 quae
1247 1759 1333 1794 male
1347 1759 1433 1802 apud
1452 1759 1611 1802 quosdam
1636 1759 1808 1796 sonuerat,
1836 1757 1877 1790 de
1899 1755 2043 1801 gloriosa

1155 1810 1324 1854 Trinitate
1336 1809 1493 1853 loquendi
1506 1807 1680 1842 formulam
1696 1805 1849 1851 purgavit
1870 1806 1903 1838 in
1922 1815 2045 1839 memo·

1155 1871 1225 1894 rato
1249 1859 1333 1893 libro
1356 1870 1495 1904 magnus
1519 1858 1672 1893 Basilius.
1702 1857 1795 1904 Qin
1817 1856 1885 1898 ejus
1910 1856 2043 1890 laudem

1155 1911 1212 1945 suo
1232 1909 1394 1952 Symbolo
1406 1910 1562 1952 imposuit
1574 1933 1584 1949 ,
1611 1920 1649 1942 ac
1673 1918 1714 1941 ex
1732 1908 1801 1950 ipso
1814 1906 1952 1950 Spiritus
1966 1909 2042 1940 San-

1154 1962 1195 1995 cti
1217 1959 1525 1994 consubstantialem
1550 1958 1773 1992 Divinitatem
1800 1957 1939 1990 firmavit
1952 1956 2046 1990 Con·

1156 2009 1452 2054 stantinopolitana
1468 2009 1642 2053 Synodus:
1673 2010 1738 2051 ,Qui
1757 2019 1822 2040 cum
1836 2010 1929 2038 Patre
1940 2007 1975 2039 <5
1989 2009 2042 2038 Fr-

1157 2063 1200 2094 110⁴
1209 2060 1298 2102 fimul
1308 2062 1450 2094 adoratur
1461 2062 1494 2094 <5
1509 2058 1739 2103 conglorificatur
1751 2079 1758 2087 .
1787 2055 1840 2088 Ex
1855 2056 1935 2098 'ipso
1946 2055 2042 2090 suum

1155 2111 1292 2156 triginta
1306 2110 1459 2145 AEonum
1482 2109 1633 2142 Pleroma
1660 2108 1788 2140 firmare
1800 2103 1923 2140 studuit
1939 2106 2042 2141 etiam

1158 2161 1372 2195 Valentinus.
1400 2160 1549 2192 Primum
1563 2157 1716 2191 AEonem
1739 2155 1894 2190 describit
1906 2156 2045 2190 Sanstus

1156 2211 1294 2242 Irenaeus
1309 2221 1321 2242 .·
1348 2210 1558 2242 Valentiniani
1578 2209 1680 2241 dicunt
1701 2206 1752 2249 effe
1761 2207 1922 2248 quemdam
1946 2213 1978 2239 tn
1999 2214 2044 2240 tn-

1156 2258 1318 2299 vifibilibus
1330 2259 1364 2291 (ς’
1378 2258 1630 2291 inenarrabilibus
1645 2257 1862 2289 Altitudlnlbus
1875 2258 2043 2299 perfidiam

1157 2311 1309 2347 AEonem,
1339 2313 1390 2348 qui
1412 2307 1572 2348 antefuie.
1600 2308 1837 2340 Huncautem&
1858 2307 2042 2348 Proarchen,

1156 2359 1190 2390 Θ
1205 2359 1389 2397 Propatora‚
1415 2358 1449 2389 Θ·
1461 2356 1578 2394 Bython
1591 2364 1698 2390 vocant
1710 2382 1717 2389 .
1745 2356 1812 2399 Effe
1834 2367 1935 2391 autem
1958 2359 2045 2391 illum

1155 2404 1350 2446 invisibilem,
1377 2407 1411 2439 θ
1433 2417 1519 2448 quem
1541 2408 1623 2440 nulla
1647 2418 1695 2440 res
1719 2415 1823 2449 capere
1839 2409 1937 2449 possit.
1965 2410 2046 2442 ca·

1156 2465 1254 2489 autem
1266 2457 1286 2489 ἃ
1298 2457 1378 2489 nullo
1387 2464 1543 2498 caperetur
1555 2481 1566 2497 ‚
1592 2458 1625 2490 δ’
1641 2456 1708 2499 esset
1732 2456 1891 2499 invlfibilts
1902 2484 1912 2501 ‚
1938 2457 2045 2502 sempt-

1155 2513 1259 2540 ternus
1272 2531 1284 2547 ,
1310 2507 1345 2540 <5
1370 2511 1521 2550 ingenitus
1535 2533 1545 2548 ,
1570 2511 1603 2540 in
1618 2506 1820 2548 filentio&in
1838 2513 1937 2550 quiete
1947 2510 2046 2542 multa

1147 2556 1239 2599 fuisse
1254 2563 1286 2589 in
1298 2556 1443 2599 immensis
1457 2556 1628 2591 AEom'bus.
1657 2561 1735 2590 Cum
1754 2556 1817 2600 ipso
1839 2567 1940 2592 autem
1956 2558 2045 2601 fuisse

1156 2609 1189 2640 (9·
1211 2610 1367 2640 Ennoeam
1379 2632 1389 2648 ,
1417 2618 1508 2650 quam
1528 2614 1621 2640 etiam
1632 2606 1891 2651 Charln&51gen
1912 2619 2021 2642 arceant
2034 2633 2046 2648 ‚

1155 2659 1189 2691 <vt
1211 2658 1375 2700 aliquando
1386 2659 1505 2701 volutffe
1524 2660 1544 2690 ᾶ
1559 2656 1718 2701 semetipfh
1738 2664 1873 2692 emittere
1898 2659 1977 2692 hunc
1988 2662 2045 2697 By-

1155 2706 1227 2740 thon
1236 2731 1246 2747 ‚
1277 2701 1401 2748 initium
1413 2714 1543 2741 omnium
1557 2732 1567 2747 ,
1580 2711 1614 2742 ό*
1626 2706 1831 2749 velutsemen.
1864 2708 1964 2741 Istum
1977 2719 2046 2750 per-

1157 2758 1276 2791 fectum
1299 2769 1336 2791 ac
1349 2755 1579 2802 sempiternum
1593 2757 1743 2791 AEonem
1768 2758 1934 2799 appellant
1944 2759 2045 2792 etiam

1157 2809 1439 2851 Autogenitorem
1454 2833 1461 2840 .
1494 2808 1655 2841 Ennoeam
1679 2808 1841 2840 affirmant
1862 2807 1958 2840 fuisse
1976 2807 2046 2850 ejus

1157 2868 1292 2891 uxorem
1305 2879 1316 2895 ,
1341 2858 1376 2891 &
1402 2869 1442 2891 ex
1465 2857 1528 2890 isto
1541 2857 1703 2901 conjugio
1715 2855 1894 2899 processisse
1905 2857 2045 2901 triginta

1158 2907 1310 2941 AEonas.
1337 2906 1486 2953 Qidam
1503 2908 1649 2952 garriunt
1679 2905 2044 2949 proceffiffeinfinitos.

1155 2957 1349 2992 Sceleratam
1366 2958 1489 2991 Setiam
1511 2982 1521 2998 ,
1554 2957 1630 2990 licet
1652 2958 1728 2990 suos
1751 2956 1930 2991 Sestatores
1950 2958 2045 3000 jasta·

1156 3019 1204 3042 ret
1224 3007 1405 3042 Gnosticos
1441 3008 1496 3041 seu
1516 3007 1685 3050 Sapientes
1712 3030 1724 3047 ,
1759 3017 1796 3040 ac
1817 3019 1883 3041 non
1912 3009 2042 3043 tantum

1156 3059 1281 3092 Sanstis
1295 3058 1323 3091 A
1329 3057 1463 3101 postolis
1476 3082 1485 3097 ‚
1512 3058 1565 3091 sed
1581 3058 1651 3100 ipso
1663 3056 1819 3091 Creatore
1831 3058 1907 3092 Deo
1920 3058 2044 3092 donio-

1156 3119 1204 3143 res
1225 3134 1236 3150 ,
1274 3109 1367 3143 fuisse
1396 3106 1622 3151 ineptissimam
1645 3106 1816 3141 stultitiam
1837 3108 1977 3143 affirmat
2004 3120 2043 3143 ac

1155 3158 1355 3194 demonstrat
1379 3159 1528 3192 laudatus
1551 3157 1710 3191 lrenaeus:
1735 3157 1844 3191 Fuisse
1869 3157 2044 3202 stupidisk’-

1138 3196 1228 3258 :mos
1252 3220 1411 3253 pepones.
1440 3208 1541 3254 Qod
1555 3208 1661 3251 ipsum
1673 3206 1714 3242 de
1725 3206 1900 3242 Marcione
1924 3208 2042 3252 scripsit

207 3257 404 3290 imitantur.
434 3257 567 3290 Etenim
579 3258 611 3291 ὃ(
624 3257 685 3291 111ae
697 3260 865 3293 veritatem
878 3261 1045 3301 affectant,
1059 3261 1092 3295 δι
1138 3259 1141 3300 ἒ
1158 3259 1264 3294 noster
1276 3259 1469 3303 Septimius.
1501 3258 1543 3290 Et
1564 3259 1674 3292 omnis
1693 3258 1836 3292 Ecclesia
1865 3259 1983 3291 merito
1995 3258 2044 3302 ip-

214 3306 392 3340 attestando
408 3318 639 3351 corrumpunt.
670 3308 778 3342 Etiam
793 3309 934 3344 haeretici
957 3312 1027 3344 sunt
1038 3311 1091 3345 ali·
1138 3312 1207 3353 isos
1229 3310 1370 3354 appellat
1381 3308 1520 3352 duplicis
1534 3307 1731 3342 Divinitatis
1743 3307 1931 3342 fabulones.
1947 3309 2042 3343 Hinc

211 3355 305 3399 cujus
326 3357 489 3399 sapientiae
508 3358 683 3398 animalia,
710 3359 743 3392 ὅ(
757 3371 936 3404 caupones.
965 3361 1093 3397 Verita-

317 3406 420 3448 christ.
436 3411 513 3450 Lupi
524 3413 620 3452 Opera
633 3412 663 3441 T.
677 3411 734 3443 IX.

1156 3361 1300 3405 ipsorum
1322 3360 1457 3394 stultum
1482 3369 1520 3392 ac
1537 3358 1708 3442 delirumi
1731 3356 1820 3402 quod
1841 3359 1875 3392 ἃ.
1901 3358 2043 3402 longum

1956 3418 1993 3442 ac

2060 1377 2133 1415 Cap.
2153 1384 2200 1412 25.

2063 1490 2124 1522 Lib.
2150 1500 2174 1519 r.

2060 1541 2124 1570 gap.
2139 1540 2163 1558 1.

2064 2226 2121 2257 Lib.
2147 2237 2171 2256 r.

2063 2276 2127 2305 cap.
2140 2277 2167 2297 ι.
